<?xml version="1.0" encoding="UTF-8"?>
<alto xmlns:xsi="http://www.w3.org/2001/XMLSchema-instance"
      xmlns="http://www.loc.gov/standards/alto/ns-v4#"
      xmlns:page="http://schema.primaresearch.org/PAGE/gts/pagecontent/2013-07-15"
      xsi:schemaLocation="http://www.loc.gov/standards/alto/ns-v4# https://www.loc.gov/standards/alto/v4/alto.xsd">
   <Description>
      <MeasurementUnit>pixel</MeasurementUnit>
      <OCRProcessing ID="IdOcr">
         <ocrProcessingStep>
            <processingDateTime>2021-02-27T08:21:57.084-05:00</processingDateTime>
            <processingSoftware>
               <softwareCreator>READ COOP</softwareCreator>
               <softwareName>Transkribus</softwareName>
            </processingSoftware>
         </ocrProcessingStep>
      </OCRProcessing>
   </Description>
   <Tags/>
   <Layout>
      <Page ID="Page1" PHYSICAL_IMG_NR="1" HEIGHT="3602" WIDTH="2356">
         <TopMargin HEIGHT="0" WIDTH="2356" VPOS="0" HPOS="0"/>
         <LeftMargin HEIGHT="3602" WIDTH="0" VPOS="0" HPOS="0"/>
         <RightMargin HEIGHT="3602" WIDTH="0" VPOS="0" HPOS="2356"/>
         <BottomMargin HEIGHT="0" WIDTH="2356" VPOS="3602" HPOS="0"/>
         <PrintSpace HEIGHT="3602" WIDTH="2356" VPOS="0" HPOS="0">
            <TextBlock ID="TextRegion_1613861073911_2219"
                       HEIGHT="3125"
                       WIDTH="1705"
                       VPOS="193"
                       HPOS="212">
               <Shape>
                  <Polygon POINTS="212,193 1917,193 1909,1315 1901,1933 1897,2061 1888,2100 1892,2657 1896,3318 212,3318"/>
               </Shape>
               <TextLine ID="r1l2"
                         BASELINE="627,332 673,330 720,330 766,330 813,330 860,330 906,330 953,330 1000,330 1046,330 1093,330 1140,330 1186,332 1233,332 1280,332 1326,332 1373,332 1420,332 1466,332 1513,332 1560,332"
                         HEIGHT="104"
                         WIDTH="955"
                         VPOS="255"
                         HPOS="616">
                  <String HEIGHT="104"
                          WIDTH="248"
                          VPOS="255"
                          HPOS="597"
                          CONTENT="Tractatus"/>
                  <SP HEIGHT="104" WIDTH="19" VPOS="255" HPOS="845"/>
                  <String HEIGHT="104"
                          WIDTH="248"
                          VPOS="255"
                          HPOS="788"
                          CONTENT="Secundus."/>
                  <SP HEIGHT="104" WIDTH="19" VPOS="255" HPOS="1036"/>
                  <String HEIGHT="104"
                          WIDTH="153"
                          VPOS="255"
                          HPOS="979"
                          CONTENT="Cap."/>
                  <SP HEIGHT="104" WIDTH="19" VPOS="255" HPOS="1132"/>
                  <String HEIGHT="104"
                          WIDTH="172"
                          VPOS="255"
                          HPOS="1074"
                          CONTENT="IIII."/>
                  <SP HEIGHT="104" WIDTH="19" VPOS="255" HPOS="1246"/>
                  <String HEIGHT="104"
                          WIDTH="115"
                          VPOS="255"
                          HPOS="1189"
                          CONTENT="et"/>
                  <SP HEIGHT="104" WIDTH="19" VPOS="255" HPOS="1304"/>
                  <String HEIGHT="104"
                          WIDTH="153"
                          VPOS="255"
                          HPOS="1246"
                          CONTENT="Lib."/>
                  <SP HEIGHT="104" WIDTH="19" VPOS="255" HPOS="1399"/>
                  <String HEIGHT="104"
                          WIDTH="115"
                          VPOS="255"
                          HPOS="1342"
                          CONTENT="V."/>
                  <SP HEIGHT="104" WIDTH="19" VPOS="255" HPOS="1456"/>
                  <String HEIGHT="104"
                          WIDTH="153"
                          VPOS="255"
                          HPOS="1399"
                          CONTENT="Cap."/>
                  <SP HEIGHT="104" WIDTH="19" VPOS="255" HPOS="1552"/>
                  <String HEIGHT="104"
                          WIDTH="96"
                          VPOS="255"
                          HPOS="1476"
                          CONTENT="IX."/>
               </TextLine>
               <TextLine ID="r1l3"
                         BASELINE="578,390 643,390 708,390 773,389 838,389 903,389 968,389 1033,387 1098,387 1163,387 1228,387 1293,386 1358,386 1423,386 1488,386 1553,386 1618,387 1683,387 1748,387 1813,389 1878,390"
                         HEIGHT="128"
                         WIDTH="1320"
                         VPOS="302"
                         HPOS="568">
                  <String HEIGHT="128"
                          WIDTH="167"
                          VPOS="302"
                          HPOS="549"
                          CONTENT="biget"/>
                  <SP HEIGHT="128" WIDTH="19" VPOS="302" HPOS="717"/>
                  <String HEIGHT="128"
                          WIDTH="167"
                          VPOS="302"
                          HPOS="661"
                          CONTENT="autem"/>
                  <SP HEIGHT="128" WIDTH="19" VPOS="302" HPOS="828"/>
                  <String HEIGHT="128"
                          WIDTH="223"
                          VPOS="302"
                          HPOS="773"
                          CONTENT="quispiam"/>
                  <SP HEIGHT="128" WIDTH="19" VPOS="302" HPOS="996"/>
                  <String HEIGHT="128" WIDTH="112" VPOS="302" HPOS="940" CONTENT="si"/>
                  <SP HEIGHT="128" WIDTH="19" VPOS="302" HPOS="1051"/>
                  <String HEIGHT="128"
                          WIDTH="297"
                          VPOS="302"
                          HPOS="996"
                          CONTENT="determinatum"/>
                  <SP HEIGHT="128" WIDTH="19" VPOS="302" HPOS="1293"/>
                  <String HEIGHT="128"
                          WIDTH="130"
                          VPOS="302"
                          HPOS="1237"
                          CONTENT="sit"/>
                  <SP HEIGHT="128" WIDTH="19" VPOS="302" HPOS="1367"/>
                  <String HEIGHT="128"
                          WIDTH="186"
                          VPOS="302"
                          HPOS="1312"
                          CONTENT="satis,"/>
                  <SP HEIGHT="128" WIDTH="19" VPOS="302" HPOS="1498"/>
                  <String HEIGHT="128"
                          WIDTH="112"
                          VPOS="302"
                          HPOS="1442"
                          CONTENT="de"/>
                  <SP HEIGHT="128" WIDTH="19" VPOS="302" HPOS="1553"/>
                  <String HEIGHT="128"
                          WIDTH="223"
                          VPOS="302"
                          HPOS="1498"
                          CONTENT="faciendo"/>
                  <SP HEIGHT="128" WIDTH="19" VPOS="302" HPOS="1721"/>
                  <String HEIGHT="128"
                          WIDTH="242"
                          VPOS="302"
                          HPOS="1646"
                          CONTENT="patiendoque"/>
               </TextLine>
               <TextLine ID="r1l5"
                         BASELINE="554,446 607,446 660,446 713,446 766,446 819,446 872,446 925,446 978,444 1031,444 1085,444 1138,444 1191,443 1244,443 1297,443 1350,443 1403,443 1456,443 1509,443 1562,443 1616,444"
                         HEIGHT="92"
                         WIDTH="1082"
                         VPOS="390"
                         HPOS="544">
                  <String HEIGHT="92"
                          WIDTH="223"
                          VPOS="390"
                          HPOS="527"
                          CONTENT="iniuriam,"/>
                  <SP HEIGHT="92" WIDTH="17" VPOS="390" HPOS="750"/>
                  <String HEIGHT="92"
                          WIDTH="155"
                          VPOS="390"
                          HPOS="699"
                          CONTENT="atque"/>
                  <SP HEIGHT="92" WIDTH="17" VPOS="390" HPOS="853"/>
                  <String HEIGHT="92" WIDTH="103" VPOS="390" HPOS="802" CONTENT="si"/>
                  <SP HEIGHT="92" WIDTH="17" VPOS="390" HPOS="905"/>
                  <String HEIGHT="92" WIDTH="120" VPOS="390" HPOS="853" CONTENT="ita"/>
                  <SP HEIGHT="92" WIDTH="17" VPOS="390" HPOS="973"/>
                  <String HEIGHT="92" WIDTH="120" VPOS="390" HPOS="922" CONTENT="sit"/>
                  <SP HEIGHT="92" WIDTH="17" VPOS="390" HPOS="1042"/>
                  <String HEIGHT="92" WIDTH="103" VPOS="390" HPOS="991" CONTENT="vt"/>
                  <SP HEIGHT="92" WIDTH="17" VPOS="390" HPOS="1094"/>
                  <String HEIGHT="92"
                          WIDTH="223"
                          VPOS="390"
                          HPOS="1042"
                          CONTENT="Euripides"/>
                  <SP HEIGHT="92" WIDTH="17" VPOS="390" HPOS="1265"/>
                  <String HEIGHT="92"
                          WIDTH="189"
                          VPOS="390"
                          HPOS="1214"
                          CONTENT="inquit,"/>
                  <SP HEIGHT="92" WIDTH="17" VPOS="390" HPOS="1403"/>
                  <String HEIGHT="92"
                          WIDTH="189"
                          VPOS="390"
                          HPOS="1351"
                          CONTENT="absurde"/>
                  <SP HEIGHT="92" WIDTH="17" VPOS="390" HPOS="1540"/>
                  <String HEIGHT="92"
                          WIDTH="155"
                          VPOS="390"
                          HPOS="1471"
                          CONTENT="dicens,"/>
               </TextLine>
               <TextLine ID="r1l6"
                         BASELINE="554,506 593,504 632,504 672,503 711,501 751,501 790,501 830,500 869,500 909,500 948,500 987,500 1027,500 1066,500 1106,500 1145,500 1185,500 1224,501 1264,501 1303,501 1343,501"
                         HEIGHT="71"
                         WIDTH="809"
                         VPOS="456"
                         HPOS="544">
                  <String HEIGHT="71"
                          WIDTH="234"
                          VPOS="456"
                          HPOS="523"
                          CONTENT="Quaeris"/>
                  <SP HEIGHT="71" WIDTH="21" VPOS="456" HPOS="757"/>
                  <String HEIGHT="71"
                          WIDTH="277"
                          VPOS="456"
                          HPOS="693"
                          CONTENT="parentem,"/>
                  <SP HEIGHT="71" WIDTH="21" VPOS="456" HPOS="970"/>
                  <String HEIGHT="71"
                          WIDTH="234"
                          VPOS="456"
                          HPOS="906"
                          CONTENT="quomodo"/>
                  <SP HEIGHT="71" WIDTH="21" VPOS="456" HPOS="1140"/>
                  <String HEIGHT="71"
                          WIDTH="213"
                          VPOS="456"
                          HPOS="1076"
                          CONTENT="occidi"/>
                  <SP HEIGHT="71" WIDTH="21" VPOS="456" HPOS="1289"/>
                  <String HEIGHT="71"
                          WIDTH="149"
                          VPOS="456"
                          HPOS="1204"
                          CONTENT="meam."/>
               </TextLine>
               <TextLine ID="r1l7"
                         BASELINE="555,560 593,560 632,558 671,558 709,558 748,558 787,557 825,557 864,557 903,557 942,557 980,557 1019,557 1058,557 1096,557 1135,557 1174,557 1212,557 1251,557 1290,558 1329,558"
                         HEIGHT="62"
                         WIDTH="795"
                         VPOS="510"
                         HPOS="545">
                  <String HEIGHT="62"
                          WIDTH="170"
                          VPOS="510"
                          HPOS="526"
                          CONTENT="Sermo"/>
                  <SP HEIGHT="62" WIDTH="19" VPOS="510" HPOS="696"/>
                  <String HEIGHT="62" WIDTH="133" VPOS="510" HPOS="640" CONTENT="est"/>
                  <SP HEIGHT="62" WIDTH="19" VPOS="510" HPOS="772"/>
                  <String HEIGHT="62"
                          WIDTH="208"
                          VPOS="510"
                          HPOS="715"
                          CONTENT="breuis,"/>
                  <SP HEIGHT="62" WIDTH="19" VPOS="510" HPOS="924"/>
                  <String HEIGHT="62" WIDTH="133" VPOS="510" HPOS="867" CONTENT="non"/>
                  <SP HEIGHT="62" WIDTH="19" VPOS="510" HPOS="999"/>
                  <String HEIGHT="62"
                          WIDTH="189"
                          VPOS="510"
                          HPOS="943"
                          CONTENT="exitus"/>
                  <SP HEIGHT="62" WIDTH="19" VPOS="510" HPOS="1132"/>
                  <String HEIGHT="62"
                          WIDTH="189"
                          VPOS="510"
                          HPOS="1075"
                          CONTENT="longos"/>
                  <SP HEIGHT="62" WIDTH="19" VPOS="510" HPOS="1264"/>
                  <String HEIGHT="62"
                          WIDTH="151"
                          VPOS="510"
                          HPOS="1189"
                          CONTENT="habet."/>
               </TextLine>
               <TextLine ID="r1l8"
                         BASELINE="545,614 584,615 623,615 663,615 702,615 742,615 781,614 821,614 860,614 900,614 939,614 978,614 1018,614 1057,614 1097,613 1136,612 1176,612 1215,612 1255,612 1294,612 1334,612"
                         HEIGHT="78"
                         WIDTH="810"
                         VPOS="563"
                         HPOS="534">
                  <String HEIGHT="78"
                          WIDTH="198"
                          VPOS="563"
                          HPOS="514"
                          CONTENT="Volens"/>
                  <SP HEIGHT="78" WIDTH="20" VPOS="563" HPOS="712"/>
                  <String HEIGHT="78"
                          WIDTH="257"
                          VPOS="563"
                          HPOS="653"
                          CONTENT="volentem,"/>
                  <SP HEIGHT="78" WIDTH="20" VPOS="563" HPOS="909"/>
                  <String HEIGHT="78" WIDTH="138" VPOS="563" HPOS="850" CONTENT="vel"/>
                  <SP HEIGHT="78" WIDTH="20" VPOS="563" HPOS="988"/>
                  <String HEIGHT="78"
                          WIDTH="237"
                          VPOS="563"
                          HPOS="929"
                          CONTENT="volentem"/>
                  <SP HEIGHT="78" WIDTH="20" VPOS="563" HPOS="1166"/>
                  <String HEIGHT="78"
                          WIDTH="138"
                          VPOS="563"
                          HPOS="1107"
                          CONTENT="non"/>
                  <SP HEIGHT="78" WIDTH="20" VPOS="563" HPOS="1245"/>
                  <String HEIGHT="78"
                          WIDTH="178"
                          VPOS="563"
                          HPOS="1166"
                          CONTENT="volens."/>
               </TextLine>
               <TextLine ID="r1l9"
                         BASELINE="594,669 658,669 723,669 787,669 852,669 916,669 981,669 1045,669 1110,669 1174,668 1239,668 1303,668 1368,668 1432,668 1497,668 1561,669 1626,669 1690,669 1755,669 1819,671 1884,671"
                         HEIGHT="97"
                         WIDTH="1312"
                         VPOS="593"
                         HPOS="583">
                  <String HEIGHT="97"
                          WIDTH="185"
                          VPOS="593"
                          HPOS="563"
                          CONTENT="Vtrum"/>
                  <SP HEIGHT="97" WIDTH="21" VPOS="593" HPOS="747"/>
                  <String HEIGHT="97"
                          WIDTH="164"
                          VPOS="593"
                          HPOS="686"
                          CONTENT="enim"/>
                  <SP HEIGHT="97" WIDTH="21" VPOS="593" HPOS="850"/>
                  <String HEIGHT="97"
                          WIDTH="205"
                          VPOS="593"
                          HPOS="788"
                          CONTENT="reuera"/>
                  <SP HEIGHT="97" WIDTH="21" VPOS="593" HPOS="993"/>
                  <String HEIGHT="97" WIDTH="144" VPOS="593" HPOS="932" CONTENT="sua"/>
                  <SP HEIGHT="97" WIDTH="21" VPOS="593" HPOS="1075"/>
                  <String HEIGHT="97"
                          WIDTH="205"
                          VPOS="593"
                          HPOS="1014"
                          CONTENT="sponte"/>
                  <SP HEIGHT="97" WIDTH="21" VPOS="593" HPOS="1219"/>
                  <String HEIGHT="97"
                          WIDTH="246"
                          VPOS="593"
                          HPOS="1157"
                          CONTENT="quispiam"/>
                  <SP HEIGHT="97" WIDTH="21" VPOS="593" HPOS="1403"/>
                  <String HEIGHT="97"
                          WIDTH="246"
                          VPOS="593"
                          HPOS="1342"
                          CONTENT="iniuriam"/>
                  <SP HEIGHT="97" WIDTH="21" VPOS="593" HPOS="1588"/>
                  <String HEIGHT="97"
                          WIDTH="246"
                          VPOS="593"
                          HPOS="1526"
                          CONTENT="patiatur"/>
                  <SP HEIGHT="97" WIDTH="21" VPOS="593" HPOS="1772"/>
                  <String HEIGHT="97" WIDTH="123" VPOS="593" HPOS="1711" CONTENT="an"/>
                  <SP HEIGHT="97" WIDTH="21" VPOS="593" HPOS="1834"/>
                  <String HEIGHT="97"
                          WIDTH="144"
                          VPOS="593"
                          HPOS="1752"
                          CONTENT="nemo,"/>
               </TextLine>
               <TextLine ID="r1l11"
                         BASELINE="216,732 299,731 382,730 465,729 548,728 631,727 714,726 797,726 880,725 963,725 1046,725 1129,725 1212,725 1295,725 1378,725 1461,725 1544,725 1627,725 1710,725 1793,725 1877,725"
                         HEIGHT="74"
                         WIDTH="1682"
                         VPOS="678"
                         HPOS="205">
                  <String HEIGHT="74" WIDTH="137" VPOS="678" HPOS="185" CONTENT="sed"/>
                  <SP HEIGHT="74" WIDTH="20" VPOS="678" HPOS="322"/>
                  <String HEIGHT="74"
                          WIDTH="176"
                          VPOS="678"
                          HPOS="264"
                          CONTENT="omnes"/>
                  <SP HEIGHT="74" WIDTH="20" VPOS="678" HPOS="440"/>
                  <String HEIGHT="74"
                          WIDTH="215"
                          VPOS="678"
                          HPOS="381"
                          CONTENT="inuiti,"/>
                  <SP HEIGHT="74" WIDTH="20" VPOS="678" HPOS="596"/>
                  <String HEIGHT="74"
                          WIDTH="293"
                          VPOS="678"
                          HPOS="537"
                          CONTENT="quemadmodum"/>
                  <SP HEIGHT="74" WIDTH="20" VPOS="678" HPOS="831"/>
                  <String HEIGHT="74" WIDTH="98" VPOS="678" HPOS="772" CONTENT="&amp;"/>
                  <SP HEIGHT="74" WIDTH="20" VPOS="678" HPOS="870"/>
                  <String HEIGHT="74"
                          WIDTH="176"
                          VPOS="678"
                          HPOS="811"
                          CONTENT="omnes"/>
                  <SP HEIGHT="74" WIDTH="20" VPOS="678" HPOS="987"/>
                  <String HEIGHT="74" WIDTH="137" VPOS="678" HPOS="929" CONTENT="qui"/>
                  <SP HEIGHT="74" WIDTH="20" VPOS="678" HPOS="1066"/>
                  <String HEIGHT="74"
                          WIDTH="235"
                          VPOS="678"
                          HPOS="1007"
                          CONTENT="iniuriam"/>
                  <SP HEIGHT="74" WIDTH="20" VPOS="678" HPOS="1242"/>
                  <String HEIGHT="74"
                          WIDTH="196"
                          VPOS="678"
                          HPOS="1183"
                          CONTENT="agunt,"/>
                  <SP HEIGHT="74" WIDTH="20" VPOS="678" HPOS="1378"/>
                  <String HEIGHT="74"
                          WIDTH="137"
                          VPOS="678"
                          HPOS="1320"
                          CONTENT="sua"/>
                  <SP HEIGHT="74" WIDTH="20" VPOS="678" HPOS="1457"/>
                  <String HEIGHT="74"
                          WIDTH="215"
                          VPOS="678"
                          HPOS="1398"
                          CONTENT="faciunt"/>
                  <SP HEIGHT="74" WIDTH="20" VPOS="678" HPOS="1613"/>
                  <String HEIGHT="74"
                          WIDTH="215"
                          VPOS="678"
                          HPOS="1555"
                          CONTENT="sponte."/>
                  <SP HEIGHT="74" WIDTH="20" VPOS="678" HPOS="1770"/>
                  <String HEIGHT="74" WIDTH="117" VPOS="678" HPOS="1711" CONTENT="Et"/>
                  <SP HEIGHT="74" WIDTH="20" VPOS="678" HPOS="1828"/>
                  <String HEIGHT="74"
                          WIDTH="137"
                          VPOS="678"
                          HPOS="1750"
                          CONTENT="vtrum"/>
               </TextLine>
               <TextLine ID="r1l12"
                         BASELINE="221,786 304,785 387,785 470,785 554,783 637,783 720,783 803,782 887,782 970,782 1053,782 1136,782 1220,782 1303,782 1386,782 1469,780 1553,780 1636,780 1719,780 1802,780 1886,780"
                         HEIGHT="57"
                         WIDTH="1685"
                         VPOS="753"
                         HPOS="211">
                  <String HEIGHT="57"
                          WIDTH="187"
                          VPOS="753"
                          HPOS="190"
                          CONTENT="omnes"/>
                  <SP HEIGHT="57" WIDTH="21" VPOS="753" HPOS="377"/>
                  <String HEIGHT="57" WIDTH="146" VPOS="753" HPOS="315" CONTENT="hoc"/>
                  <SP HEIGHT="57" WIDTH="21" VPOS="753" HPOS="461"/>
                  <String HEIGHT="57"
                          WIDTH="166"
                          VPOS="753"
                          HPOS="398"
                          CONTENT="modo"/>
                  <SP HEIGHT="57" WIDTH="21" VPOS="753" HPOS="565"/>
                  <String HEIGHT="57" WIDTH="125" VPOS="753" HPOS="502" CONTENT="an"/>
                  <SP HEIGHT="57" WIDTH="21" VPOS="753" HPOS="627"/>
                  <String HEIGHT="57"
                          WIDTH="208"
                          VPOS="753"
                          HPOS="565"
                          CONTENT="quidam"/>
                  <SP HEIGHT="57" WIDTH="21" VPOS="753" HPOS="773"/>
                  <String HEIGHT="57"
                          WIDTH="229"
                          VPOS="753"
                          HPOS="710"
                          CONTENT="inuiti,"/>
                  <SP HEIGHT="57" WIDTH="21" VPOS="753" HPOS="939"/>
                  <String HEIGHT="57"
                          WIDTH="270"
                          VPOS="753"
                          HPOS="877"
                          CONTENT="similiter"/>
                  <SP HEIGHT="57" WIDTH="21" VPOS="753" HPOS="1147"/>
                  <String HEIGHT="57" WIDTH="104" VPOS="753" HPOS="1085" CONTENT="&amp;"/>
                  <SP HEIGHT="57" WIDTH="21" VPOS="753" HPOS="1189"/>
                  <String HEIGHT="57"
                          WIDTH="146"
                          VPOS="753"
                          HPOS="1126"
                          CONTENT="cum"/>
                  <SP HEIGHT="57" WIDTH="21" VPOS="753" HPOS="1272"/>
                  <String HEIGHT="57"
                          WIDTH="270"
                          VPOS="753"
                          HPOS="1210"
                          CONTENT="patiuntur"/>
                  <SP HEIGHT="57" WIDTH="21" VPOS="753" HPOS="1480"/>
                  <String HEIGHT="57"
                          WIDTH="229"
                          VPOS="753"
                          HPOS="1418"
                          CONTENT="homines"/>
                  <SP HEIGHT="57" WIDTH="21" VPOS="753" HPOS="1646"/>
                  <String HEIGHT="57"
                          WIDTH="166"
                          VPOS="753"
                          HPOS="1584"
                          CONTENT="ius?"/>
                  <SP HEIGHT="57" WIDTH="21" VPOS="753" HPOS="1750"/>
                  <String HEIGHT="57"
                          WIDTH="146"
                          VPOS="753"
                          HPOS="1688"
                          CONTENT="Nam"/>
                  <SP HEIGHT="57" WIDTH="21" VPOS="753" HPOS="1834"/>
                  <String HEIGHT="57"
                          WIDTH="146"
                          VPOS="753"
                          HPOS="1750"
                          CONTENT="omnes"/>
               </TextLine>
               <TextLine ID="r1l13"
                         BASELINE="227,842 309,842 391,840 473,840 556,839 638,839 720,839 802,837 885,837 967,837 1049,837 1131,837 1214,836 1296,836 1378,836 1460,836 1543,836 1625,836 1707,836 1789,837 1872,837"
                         HEIGHT="71"
                         WIDTH="1666"
                         VPOS="792"
                         HPOS="217">
                  <String HEIGHT="71" WIDTH="130" VPOS="792" HPOS="198" CONTENT="cum"/>
                  <SP HEIGHT="71" WIDTH="19" VPOS="792" HPOS="328"/>
                  <String HEIGHT="71" WIDTH="130" VPOS="792" HPOS="273" CONTENT="ius"/>
                  <SP HEIGHT="71" WIDTH="19" VPOS="792" HPOS="402"/>
                  <String HEIGHT="71"
                          WIDTH="185"
                          VPOS="792"
                          HPOS="347"
                          CONTENT="agunt,"/>
                  <SP HEIGHT="71" WIDTH="19" VPOS="792" HPOS="532"/>
                  <String HEIGHT="71" WIDTH="130" VPOS="792" HPOS="476" CONTENT="sua"/>
                  <SP HEIGHT="71" WIDTH="19" VPOS="792" HPOS="606"/>
                  <String HEIGHT="71"
                          WIDTH="204"
                          VPOS="792"
                          HPOS="550"
                          CONTENT="faciunt"/>
                  <SP HEIGHT="71" WIDTH="19" VPOS="792" HPOS="754"/>
                  <String HEIGHT="71"
                          WIDTH="204"
                          VPOS="792"
                          HPOS="698"
                          CONTENT="sponte."/>
                  <SP HEIGHT="71" WIDTH="19" VPOS="792" HPOS="902"/>
                  <String HEIGHT="71"
                          WIDTH="167"
                          VPOS="792"
                          HPOS="846"
                          CONTENT="Quare"/>
                  <SP HEIGHT="71" WIDTH="19" VPOS="792" HPOS="1013"/>
                  <String HEIGHT="71"
                          WIDTH="296"
                          VPOS="792"
                          HPOS="957"
                          CONTENT="consentaneum"/>
                  <SP HEIGHT="71" WIDTH="19" VPOS="792" HPOS="1254"/>
                  <String HEIGHT="71"
                          WIDTH="130"
                          VPOS="792"
                          HPOS="1198"
                          CONTENT="est"/>
                  <SP HEIGHT="71" WIDTH="19" VPOS="792" HPOS="1328"/>
                  <String HEIGHT="71"
                          WIDTH="204"
                          VPOS="792"
                          HPOS="1272"
                          CONTENT="rationi"/>
                  <SP HEIGHT="71" WIDTH="19" VPOS="792" HPOS="1476"/>
                  <String HEIGHT="71"
                          WIDTH="241"
                          VPOS="792"
                          HPOS="1420"
                          CONTENT="similiter"/>
                  <SP HEIGHT="71" WIDTH="19" VPOS="792" HPOS="1661"/>
                  <String HEIGHT="71"
                          WIDTH="185"
                          VPOS="792"
                          HPOS="1605"
                          CONTENT="opponi"/>
                  <SP HEIGHT="71" WIDTH="19" VPOS="792" HPOS="1790"/>
                  <String HEIGHT="71"
                          WIDTH="130"
                          VPOS="792"
                          HPOS="1735"
                          CONTENT="eos"/>
                  <SP HEIGHT="71" WIDTH="19" VPOS="792" HPOS="1864"/>
                  <String HEIGHT="71" WIDTH="93" VPOS="792" HPOS="1790" CONTENT="qui"/>
               </TextLine>
               <TextLine ID="r1l14"
                         BASELINE="224,897 306,897 389,896 472,896 555,896 638,896 720,894 803,894 886,894 969,893 1052,893 1134,893 1217,891 1300,891 1383,891 1466,891 1548,891 1631,891 1714,891 1797,891 1880,893"
                         HEIGHT="69"
                         WIDTH="1677"
                         VPOS="843"
                         HPOS="214">
                  <String HEIGHT="69"
                          WIDTH="245"
                          VPOS="843"
                          HPOS="195"
                          CONTENT="iniuriam,"/>
                  <SP HEIGHT="69" WIDTH="19" VPOS="843" HPOS="440"/>
                  <String HEIGHT="69" WIDTH="94" VPOS="843" HPOS="384" CONTENT="&amp;"/>
                  <SP HEIGHT="69" WIDTH="19" VPOS="843" HPOS="478"/>
                  <String HEIGHT="69" WIDTH="132" VPOS="843" HPOS="421" CONTENT="qui"/>
                  <SP HEIGHT="69" WIDTH="19" VPOS="843" HPOS="553"/>
                  <String HEIGHT="69" WIDTH="132" VPOS="843" HPOS="497" CONTENT="ius"/>
                  <SP HEIGHT="69" WIDTH="19" VPOS="843" HPOS="629"/>
                  <String HEIGHT="69"
                          WIDTH="264"
                          VPOS="843"
                          HPOS="572"
                          CONTENT="patiuntur,"/>
                  <SP HEIGHT="69" WIDTH="19" VPOS="843" HPOS="836"/>
                  <String HEIGHT="69" WIDTH="113" VPOS="843" HPOS="779" CONTENT="vt"/>
                  <SP HEIGHT="69" WIDTH="19" VPOS="843" HPOS="892"/>
                  <String HEIGHT="69" WIDTH="132" VPOS="843" HPOS="836" CONTENT="aut"/>
                  <SP HEIGHT="69" WIDTH="19" VPOS="843" HPOS="968"/>
                  <String HEIGHT="69"
                          WIDTH="188"
                          VPOS="843"
                          HPOS="911"
                          CONTENT="sponte"/>
                  <SP HEIGHT="69" WIDTH="19" VPOS="843" HPOS="1100"/>
                  <String HEIGHT="69"
                          WIDTH="264"
                          VPOS="843"
                          HPOS="1043"
                          CONTENT="patiantur,"/>
                  <SP HEIGHT="69" WIDTH="19" VPOS="843" HPOS="1307"/>
                  <String HEIGHT="69"
                          WIDTH="132"
                          VPOS="843"
                          HPOS="1250"
                          CONTENT="aut"/>
                  <SP HEIGHT="69" WIDTH="19" VPOS="843" HPOS="1382"/>
                  <String HEIGHT="69"
                          WIDTH="207"
                          VPOS="843"
                          HPOS="1326"
                          CONTENT="inuiti."/>
                  <SP HEIGHT="69" WIDTH="19" VPOS="843" HPOS="1533"/>
                  <String HEIGHT="69" WIDTH="113" VPOS="843" HPOS="1476" CONTENT="At"/>
                  <SP HEIGHT="69" WIDTH="19" VPOS="843" HPOS="1590"/>
                  <String HEIGHT="69"
                          WIDTH="226"
                          VPOS="843"
                          HPOS="1533"
                          CONTENT="absurdum"/>
                  <SP HEIGHT="69" WIDTH="19" VPOS="843" HPOS="1759"/>
                  <String HEIGHT="69"
                          WIDTH="207"
                          VPOS="843"
                          HPOS="1684"
                          CONTENT="videbitur"/>
               </TextLine>
               <TextLine ID="r1l16"
                         BASELINE="222,954 304,953 387,953 469,953 552,951 635,951 717,951 800,950 883,950 965,950 1048,950 1131,948 1213,948 1296,948 1379,948 1461,948 1544,948 1627,948 1709,948 1792,948 1875,948"
                         HEIGHT="75"
                         WIDTH="1674"
                         VPOS="906"
                         HPOS="212">
                  <String HEIGHT="75" WIDTH="114" VPOS="906" HPOS="193" CONTENT="si"/>
                  <SP HEIGHT="75" WIDTH="19" VPOS="906" HPOS="307"/>
                  <String HEIGHT="75"
                          WIDTH="171"
                          VPOS="906"
                          HPOS="250"
                          CONTENT="omnes"/>
                  <SP HEIGHT="75" WIDTH="19" VPOS="906" HPOS="421"/>
                  <String HEIGHT="75"
                          WIDTH="171"
                          VPOS="906"
                          HPOS="364"
                          CONTENT="etiam"/>
                  <SP HEIGHT="75" WIDTH="19" VPOS="906" HPOS="535"/>
                  <String HEIGHT="75" WIDTH="133" VPOS="906" HPOS="478" CONTENT="ius"/>
                  <SP HEIGHT="75" WIDTH="19" VPOS="906" HPOS="611"/>
                  <String HEIGHT="75"
                          WIDTH="152"
                          VPOS="906"
                          HPOS="554"
                          CONTENT="pati"/>
                  <SP HEIGHT="75" WIDTH="19" VPOS="906" HPOS="707"/>
                  <String HEIGHT="75" WIDTH="133" VPOS="906" HPOS="650" CONTENT="sua"/>
                  <SP HEIGHT="75" WIDTH="19" VPOS="906" HPOS="783"/>
                  <String HEIGHT="75"
                          WIDTH="190"
                          VPOS="906"
                          HPOS="726"
                          CONTENT="sponte"/>
                  <SP HEIGHT="75" WIDTH="19" VPOS="906" HPOS="916"/>
                  <String HEIGHT="75"
                          WIDTH="266"
                          VPOS="906"
                          HPOS="859"
                          CONTENT="dixerimus."/>
                  <SP HEIGHT="75" WIDTH="19" VPOS="906" HPOS="1125"/>
                  <String HEIGHT="75"
                          WIDTH="228"
                          VPOS="906"
                          HPOS="1068"
                          CONTENT="Nonnulli"/>
                  <SP HEIGHT="75" WIDTH="19" VPOS="906" HPOS="1296"/>
                  <String HEIGHT="75"
                          WIDTH="190"
                          VPOS="906"
                          HPOS="1239"
                          CONTENT="nanque"/>
                  <SP HEIGHT="75" WIDTH="19" VPOS="906" HPOS="1429"/>
                  <String HEIGHT="75"
                          WIDTH="133"
                          VPOS="906"
                          HPOS="1372"
                          CONTENT="non"/>
                  <SP HEIGHT="75" WIDTH="19" VPOS="906" HPOS="1506"/>
                  <String HEIGHT="75"
                          WIDTH="133"
                          VPOS="906"
                          HPOS="1448"
                          CONTENT="sua"/>
                  <SP HEIGHT="75" WIDTH="19" VPOS="906" HPOS="1582"/>
                  <String HEIGHT="75"
                          WIDTH="190"
                          VPOS="906"
                          HPOS="1525"
                          CONTENT="sponte"/>
                  <SP HEIGHT="75" WIDTH="19" VPOS="906" HPOS="1715"/>
                  <String HEIGHT="75"
                          WIDTH="133"
                          VPOS="906"
                          HPOS="1658"
                          CONTENT="ius"/>
                  <SP HEIGHT="75" WIDTH="19" VPOS="906" HPOS="1791"/>
                  <String HEIGHT="75"
                          WIDTH="171"
                          VPOS="906"
                          HPOS="1715"
                          CONTENT="patiun¬"
                          SUBS_TYPE="HypPart1"
                          SUBS_CONTENT="patiuntur."/>
                  <HYP CONTENT="-"/>
               </TextLine>
               <TextLine ID="r1l17"
                         BASELINE="218,1010 300,1009 383,1008 466,1008 549,1007 632,1007 714,1007 797,1005 880,1005 963,1005 1046,1004 1128,1004 1211,1004 1294,1004 1377,1004 1460,1004 1542,1004 1625,1004 1708,1004 1791,1004 1874,1004"
                         HEIGHT="73"
                         WIDTH="1676"
                         VPOS="961"
                         HPOS="208">
                  <String HEIGHT="73"
                          WIDTH="149"
                          VPOS="961"
                          HPOS="189"
                          CONTENT="tur."
                          SUBS_TYPE="HypPart2"
                          SUBS_CONTENT="patiuntur."/>
                  <SP HEIGHT="73" WIDTH="19" VPOS="961" HPOS="338"/>
                  <String HEIGHT="73"
                          WIDTH="223"
                          VPOS="961"
                          HPOS="282"
                          CONTENT="Enimuero"/>
                  <SP HEIGHT="73" WIDTH="19" VPOS="961" HPOS="506"/>
                  <String HEIGHT="73" WIDTH="112" VPOS="961" HPOS="450" CONTENT="de"/>
                  <SP HEIGHT="73" WIDTH="19" VPOS="961" HPOS="562"/>
                  <String HEIGHT="73" WIDTH="130" VPOS="961" HPOS="506" CONTENT="hoc"/>
                  <SP HEIGHT="73" WIDTH="19" VPOS="961" HPOS="636"/>
                  <String HEIGHT="73"
                          WIDTH="186"
                          VPOS="961"
                          HPOS="580"
                          CONTENT="quoque"/>
                  <SP HEIGHT="73" WIDTH="19" VPOS="961" HPOS="767"/>
                  <String HEIGHT="73"
                          WIDTH="223"
                          VPOS="961"
                          HPOS="711"
                          CONTENT="quispiam"/>
                  <SP HEIGHT="73" WIDTH="19" VPOS="961" HPOS="934"/>
                  <String HEIGHT="73"
                          WIDTH="279"
                          VPOS="961"
                          HPOS="878"
                          CONTENT="dubitauerit"/>
                  <SP HEIGHT="73" WIDTH="19" VPOS="961" HPOS="1158"/>
                  <String HEIGHT="73" WIDTH="112" VPOS="961" HPOS="1102" CONTENT="si"/>
                  <SP HEIGHT="73" WIDTH="19" VPOS="961" HPOS="1214"/>
                  <String HEIGHT="73"
                          WIDTH="168"
                          VPOS="961"
                          HPOS="1158"
                          CONTENT="omnis"/>
                  <SP HEIGHT="73" WIDTH="19" VPOS="961" HPOS="1325"/>
                  <String HEIGHT="73"
                          WIDTH="130"
                          VPOS="961"
                          HPOS="1269"
                          CONTENT="qui"/>
                  <SP HEIGHT="73" WIDTH="19" VPOS="961" HPOS="1400"/>
                  <String HEIGHT="73"
                          WIDTH="186"
                          VPOS="961"
                          HPOS="1344"
                          CONTENT="passus"/>
                  <SP HEIGHT="73" WIDTH="19" VPOS="961" HPOS="1530"/>
                  <String HEIGHT="73"
                          WIDTH="130"
                          VPOS="961"
                          HPOS="1474"
                          CONTENT="est"/>
                  <SP HEIGHT="73" WIDTH="19" VPOS="961" HPOS="1605"/>
                  <String HEIGHT="73"
                          WIDTH="242"
                          VPOS="961"
                          HPOS="1549"
                          CONTENT="iniustum,"/>
                  <SP HEIGHT="73" WIDTH="19" VPOS="961" HPOS="1791"/>
                  <String HEIGHT="73"
                          WIDTH="168"
                          VPOS="961"
                          HPOS="1716"
                          CONTENT="iniuri¬"
                          SUBS_TYPE="HypPart1"
                          SUBS_CONTENT="iniuriam"/>
                  <HYP CONTENT="-"/>
               </TextLine>
               <TextLine ID="r1l18"
                         BASELINE="227,1067 309,1065 391,1065 474,1064 556,1064 639,1062 721,1062 803,1061 886,1061 968,1061 1051,1059 1133,1059 1215,1059 1298,1058 1380,1058 1463,1058 1545,1059 1627,1059 1710,1060 1792,1061 1875,1062"
                         HEIGHT="70"
                         WIDTH="1668"
                         VPOS="1011"
                         HPOS="217">
                  <String HEIGHT="70"
                          WIDTH="109"
                          VPOS="1011"
                          HPOS="199"
                          CONTENT="am"
                          SUBS_TYPE="HypPart2"
                          SUBS_CONTENT="iniuriam"/>
                  <SP HEIGHT="70" WIDTH="18" VPOS="1011" HPOS="308"/>
                  <String HEIGHT="70"
                          WIDTH="236"
                          VPOS="1011"
                          HPOS="253"
                          CONTENT="patiatur."/>
                  <SP HEIGHT="70" WIDTH="18" VPOS="1011" HPOS="489"/>
                  <String HEIGHT="70" WIDTH="109" VPOS="1011" HPOS="435" CONTENT="An"/>
                  <SP HEIGHT="70" WIDTH="18" VPOS="1011" HPOS="543"/>
                  <String HEIGHT="70" WIDTH="109" VPOS="1011" HPOS="489" CONTENT="vt"/>
                  <SP HEIGHT="70" WIDTH="18" VPOS="1011" HPOS="598"/>
                  <String HEIGHT="70" WIDTH="109" VPOS="1011" HPOS="543" CONTENT="in"/>
                  <SP HEIGHT="70" WIDTH="18" VPOS="1011" HPOS="652"/>
                  <String HEIGHT="70"
                          WIDTH="181"
                          VPOS="1011"
                          HPOS="598"
                          CONTENT="agendo"/>
                  <SP HEIGHT="70" WIDTH="18" VPOS="1011" HPOS="779"/>
                  <String HEIGHT="70"
                          WIDTH="127"
                          VPOS="1011"
                          HPOS="725"
                          CONTENT="sic"/>
                  <SP HEIGHT="70" WIDTH="18" VPOS="1011" HPOS="852"/>
                  <String HEIGHT="70" WIDTH="91" VPOS="1011" HPOS="797" CONTENT="&amp;"/>
                  <SP HEIGHT="70" WIDTH="18" VPOS="1011" HPOS="888"/>
                  <String HEIGHT="70" WIDTH="109" VPOS="1011" HPOS="833" CONTENT="in"/>
                  <SP HEIGHT="70" WIDTH="18" VPOS="1011" HPOS="942"/>
                  <String HEIGHT="70"
                          WIDTH="218"
                          VPOS="1011"
                          HPOS="888"
                          CONTENT="patiendo"/>
                  <SP HEIGHT="70" WIDTH="18" VPOS="1011" HPOS="1105"/>
                  <String HEIGHT="70"
                          WIDTH="127"
                          VPOS="1011"
                          HPOS="1051"
                          CONTENT="res"/>
                  <SP HEIGHT="70" WIDTH="18" VPOS="1011" HPOS="1178"/>
                  <String HEIGHT="70"
                          WIDTH="145"
                          VPOS="1011"
                          HPOS="1124"
                          CONTENT="sese"/>
                  <SP HEIGHT="70" WIDTH="18" VPOS="1011" HPOS="1269"/>
                  <String HEIGHT="70"
                          WIDTH="181"
                          VPOS="1011"
                          HPOS="1214"
                          CONTENT="habet:"/>
                  <SP HEIGHT="70" WIDTH="18" VPOS="1011" HPOS="1395"/>
                  <String HEIGHT="70"
                          WIDTH="181"
                          VPOS="1011"
                          HPOS="1341"
                          CONTENT="Etenim"/>
                  <SP HEIGHT="70" WIDTH="18" VPOS="1011" HPOS="1522"/>
                  <String HEIGHT="70"
                          WIDTH="127"
                          VPOS="1011"
                          HPOS="1468"
                          CONTENT="fit"/>
                  <SP HEIGHT="70" WIDTH="18" VPOS="1011" HPOS="1595"/>
                  <String HEIGHT="70"
                          WIDTH="109"
                          VPOS="1011"
                          HPOS="1541"
                          CONTENT="vt"/>
                  <SP HEIGHT="70" WIDTH="18" VPOS="1011" HPOS="1649"/>
                  <String HEIGHT="70"
                          WIDTH="109"
                          VPOS="1011"
                          HPOS="1595"
                          CONTENT="ad"/>
                  <SP HEIGHT="70" WIDTH="18" VPOS="1011" HPOS="1704"/>
                  <String HEIGHT="70"
                          WIDTH="218"
                          VPOS="1011"
                          HPOS="1649"
                          CONTENT="vtrunque"/>
                  <SP HEIGHT="70" WIDTH="18" VPOS="1011" HPOS="1867"/>
                  <String HEIGHT="70"
                          WIDTH="91"
                          VPOS="1011"
                          HPOS="1794"
                          CONTENT="per"/>
               </TextLine>
               <TextLine ID="r1l19"
                         BASELINE="221,1122 303,1121 386,1121 469,1121 552,1119 635,1119 718,1118 800,1118 883,1118 966,1118 1049,1116 1132,1116 1215,1116 1298,1116 1380,1116 1463,1116 1546,1116 1629,1116 1712,1116 1795,1116 1878,1118"
                         HEIGHT="60"
                         WIDTH="1679"
                         VPOS="1078"
                         HPOS="210">
                  <String HEIGHT="60"
                          WIDTH="251"
                          VPOS="1078"
                          HPOS="191"
                          CONTENT="accidens,"/>
                  <SP HEIGHT="60" WIDTH="19" VPOS="1078" HPOS="442"/>
                  <String HEIGHT="60"
                          WIDTH="154"
                          VPOS="1078"
                          HPOS="384"
                          CONTENT="ipsa"/>
                  <SP HEIGHT="60" WIDTH="19" VPOS="1078" HPOS="538"/>
                  <String HEIGHT="60"
                          WIDTH="174"
                          VPOS="1078"
                          HPOS="480"
                          CONTENT="iusta"/>
                  <SP HEIGHT="60" WIDTH="19" VPOS="1078" HPOS="654"/>
                  <String HEIGHT="60"
                          WIDTH="347"
                          VPOS="1078"
                          HPOS="596"
                          CONTENT="accommodentur,"/>
                  <SP HEIGHT="60" WIDTH="19" VPOS="1078" HPOS="943"/>
                  <String HEIGHT="60" WIDTH="96" VPOS="1078" HPOS="885" CONTENT="&amp;"/>
                  <SP HEIGHT="60" WIDTH="19" VPOS="1078" HPOS="982"/>
                  <String HEIGHT="60"
                          WIDTH="174"
                          VPOS="1078"
                          HPOS="924"
                          CONTENT="eodem"/>
                  <SP HEIGHT="60" WIDTH="19" VPOS="1078" HPOS="1098"/>
                  <String HEIGHT="60"
                          WIDTH="154"
                          VPOS="1078"
                          HPOS="1040"
                          CONTENT="modo"/>
                  <SP HEIGHT="60" WIDTH="19" VPOS="1078" HPOS="1194"/>
                  <String HEIGHT="60"
                          WIDTH="232"
                          VPOS="1078"
                          HPOS="1136"
                          CONTENT="iniusta."/>
                  <SP HEIGHT="60" WIDTH="19" VPOS="1078" HPOS="1368"/>
                  <String HEIGHT="60"
                          WIDTH="135"
                          VPOS="1078"
                          HPOS="1310"
                          CONTENT="Non"/>
                  <SP HEIGHT="60" WIDTH="19" VPOS="1078" HPOS="1445"/>
                  <String HEIGHT="60"
                          WIDTH="154"
                          VPOS="1078"
                          HPOS="1387"
                          CONTENT="enim"/>
                  <SP HEIGHT="60" WIDTH="19" VPOS="1078" HPOS="1542"/>
                  <String HEIGHT="60"
                          WIDTH="135"
                          VPOS="1078"
                          HPOS="1484"
                          CONTENT="est"/>
                  <SP HEIGHT="60" WIDTH="19" VPOS="1078" HPOS="1619"/>
                  <String HEIGHT="60"
                          WIDTH="154"
                          VPOS="1078"
                          HPOS="1561"
                          CONTENT="idem"/>
                  <SP HEIGHT="60" WIDTH="19" VPOS="1078" HPOS="1715"/>
                  <String HEIGHT="60"
                          WIDTH="212"
                          VPOS="1078"
                          HPOS="1657"
                          CONTENT="iniusta"/>
                  <SP HEIGHT="60" WIDTH="19" VPOS="1078" HPOS="1870"/>
                  <String HEIGHT="60"
                          WIDTH="96"
                          VPOS="1078"
                          HPOS="1793"
                          CONTENT="age"/>
               </TextLine>
               <TextLine ID="r1l20"
                         BASELINE="230,1178 312,1178 395,1178 477,1176 560,1176 643,1176 725,1175 808,1175 891,1173 973,1173 1056,1173 1139,1173 1221,1172 1304,1172 1387,1172 1469,1172 1552,1172 1635,1172 1717,1173 1800,1173 1883,1175"
                         HEIGHT="76"
                         WIDTH="1674"
                         VPOS="1125"
                         HPOS="219">
                  <String HEIGHT="76"
                          WIDTH="127"
                          VPOS="1125"
                          HPOS="201"
                          CONTENT="re,"/>
                  <SP HEIGHT="76" WIDTH="18" VPOS="1125" HPOS="328"/>
                  <String HEIGHT="76" WIDTH="91" VPOS="1125" HPOS="274" CONTENT="&amp;"/>
                  <SP HEIGHT="76" WIDTH="18" VPOS="1125" HPOS="365"/>
                  <String HEIGHT="76"
                          WIDTH="218"
                          VPOS="1125"
                          HPOS="310"
                          CONTENT="iniurias"/>
                  <SP HEIGHT="76" WIDTH="18" VPOS="1125" HPOS="528"/>
                  <String HEIGHT="76"
                          WIDTH="182"
                          VPOS="1125"
                          HPOS="474"
                          CONTENT="agere."/>
                  <SP HEIGHT="76" WIDTH="18" VPOS="1125" HPOS="656"/>
                  <String HEIGHT="76"
                          WIDTH="164"
                          VPOS="1125"
                          HPOS="601"
                          CONTENT="Neque"/>
                  <SP HEIGHT="76" WIDTH="18" VPOS="1125" HPOS="765"/>
                  <String HEIGHT="76"
                          WIDTH="200"
                          VPOS="1125"
                          HPOS="710"
                          CONTENT="iniusta"/>
                  <SP HEIGHT="76" WIDTH="18" VPOS="1125" HPOS="910"/>
                  <String HEIGHT="76"
                          WIDTH="164"
                          VPOS="1125"
                          HPOS="856"
                          CONTENT="pati,"/>
                  <SP HEIGHT="76" WIDTH="18" VPOS="1125" HPOS="1020"/>
                  <String HEIGHT="76" WIDTH="91" VPOS="1125" HPOS="965" CONTENT="&amp;"/>
                  <SP HEIGHT="76" WIDTH="18" VPOS="1125" HPOS="1056"/>
                  <String HEIGHT="76"
                          WIDTH="218"
                          VPOS="1125"
                          HPOS="1001"
                          CONTENT="iniurias"/>
                  <SP HEIGHT="76" WIDTH="18" VPOS="1125" HPOS="1220"/>
                  <String HEIGHT="76"
                          WIDTH="164"
                          VPOS="1125"
                          HPOS="1165"
                          CONTENT="pati."/>
                  <SP HEIGHT="76" WIDTH="18" VPOS="1125" HPOS="1329"/>
                  <String HEIGHT="76"
                          WIDTH="237"
                          VPOS="1125"
                          HPOS="1274"
                          CONTENT="Similiter"/>
                  <SP HEIGHT="76" WIDTH="18" VPOS="1125" HPOS="1511"/>
                  <String HEIGHT="76" WIDTH="91" VPOS="1125" HPOS="1456" CONTENT="&amp;"/>
                  <SP HEIGHT="76" WIDTH="18" VPOS="1125" HPOS="1547"/>
                  <String HEIGHT="76"
                          WIDTH="109"
                          VPOS="1125"
                          HPOS="1493"
                          CONTENT="in"/>
                  <SP HEIGHT="76" WIDTH="18" VPOS="1125" HPOS="1602"/>
                  <String HEIGHT="76"
                          WIDTH="182"
                          VPOS="1125"
                          HPOS="1547"
                          CONTENT="agendo"/>
                  <SP HEIGHT="76" WIDTH="18" VPOS="1125" HPOS="1729"/>
                  <String HEIGHT="76"
                          WIDTH="237"
                          VPOS="1125"
                          HPOS="1656"
                          CONTENT="patiendoque"/>
               </TextLine>
               <TextLine ID="r1l21"
                         BASELINE="219,1233 301,1233 384,1233 467,1232 550,1232 633,1232 716,1230 799,1230 882,1229 965,1229 1048,1229 1130,1227 1213,1227 1296,1227 1379,1227 1462,1227 1545,1227 1628,1227 1711,1227 1794,1227 1877,1229"
                         HEIGHT="54"
                         WIDTH="1681"
                         VPOS="1198"
                         HPOS="207">
                  <String HEIGHT="54"
                          WIDTH="142"
                          VPOS="1198"
                          HPOS="189"
                          CONTENT="ius."/>
                  <SP HEIGHT="54" WIDTH="18" VPOS="1198" HPOS="331"/>
                  <String HEIGHT="54"
                          WIDTH="159"
                          VPOS="1198"
                          HPOS="278"
                          CONTENT="Fieri"/>
                  <SP HEIGHT="54" WIDTH="18" VPOS="1198" HPOS="437"/>
                  <String HEIGHT="54"
                          WIDTH="142"
                          VPOS="1198"
                          HPOS="384"
                          CONTENT="enim"/>
                  <SP HEIGHT="54" WIDTH="18" VPOS="1198" HPOS="526"/>
                  <String HEIGHT="54"
                          WIDTH="124"
                          VPOS="1198"
                          HPOS="472"
                          CONTENT="non"/>
                  <SP HEIGHT="54" WIDTH="18" VPOS="1198" HPOS="596"/>
                  <String HEIGHT="54"
                          WIDTH="177"
                          VPOS="1198"
                          HPOS="543"
                          CONTENT="potest"/>
                  <SP HEIGHT="54" WIDTH="18" VPOS="1198" HPOS="720"/>
                  <String HEIGHT="54" WIDTH="106" VPOS="1198" HPOS="667" CONTENT="vt"/>
                  <SP HEIGHT="54" WIDTH="18" VPOS="1198" HPOS="773"/>
                  <String HEIGHT="54"
                          WIDTH="212"
                          VPOS="1198"
                          HPOS="720"
                          CONTENT="patiatur"/>
                  <SP HEIGHT="54" WIDTH="18" VPOS="1198" HPOS="932"/>
                  <String HEIGHT="54"
                          WIDTH="212"
                          VPOS="1198"
                          HPOS="879"
                          CONTENT="quisquam"/>
                  <SP HEIGHT="54" WIDTH="18" VPOS="1198" HPOS="1092"/>
                  <String HEIGHT="54"
                          WIDTH="212"
                          VPOS="1198"
                          HPOS="1039"
                          CONTENT="iniuriam"/>
                  <SP HEIGHT="54" WIDTH="18" VPOS="1198" HPOS="1251"/>
                  <String HEIGHT="54"
                          WIDTH="142"
                          VPOS="1198"
                          HPOS="1198"
                          CONTENT="nisi"/>
                  <SP HEIGHT="54" WIDTH="18" VPOS="1198" HPOS="1339"/>
                  <String HEIGHT="54"
                          WIDTH="142"
                          VPOS="1198"
                          HPOS="1286"
                          CONTENT="quis"/>
                  <SP HEIGHT="54" WIDTH="18" VPOS="1198" HPOS="1428"/>
                  <String HEIGHT="54"
                          WIDTH="212"
                          VPOS="1198"
                          HPOS="1375"
                          CONTENT="iniuriam"/>
                  <SP HEIGHT="54" WIDTH="18" VPOS="1198" HPOS="1587"/>
                  <String HEIGHT="54"
                          WIDTH="195"
                          VPOS="1198"
                          HPOS="1534"
                          CONTENT="faciat,"/>
                  <SP HEIGHT="54" WIDTH="18" VPOS="1198" HPOS="1729"/>
                  <String HEIGHT="54"
                          WIDTH="124"
                          VPOS="1198"
                          HPOS="1676"
                          CONTENT="aut"/>
                  <SP HEIGHT="54" WIDTH="18" VPOS="1198" HPOS="1800"/>
                  <String HEIGHT="54"
                          WIDTH="124"
                          VPOS="1198"
                          HPOS="1746"
                          CONTENT="ius"/>
                  <SP HEIGHT="54" WIDTH="18" VPOS="1198" HPOS="1870"/>
                  <String HEIGHT="54"
                          WIDTH="88"
                          VPOS="1198"
                          HPOS="1800"
                          CONTENT="pa¬"
                          SUBS_TYPE="HypPart1"
                          SUBS_CONTENT="patiatur,"/>
                  <HYP CONTENT="-"/>
               </TextLine>
               <TextLine ID="r1l22"
                         BASELINE="218,1290 300,1289 383,1289 465,1289 548,1287 631,1287 713,1287 796,1286 879,1286 961,1286 1044,1286 1127,1284 1209,1284 1292,1284 1375,1284 1457,1284 1540,1284 1623,1284 1705,1284 1788,1283 1871,1283"
                         HEIGHT="75"
                         WIDTH="1675"
                         VPOS="1235"
                         HPOS="207">
                  <String HEIGHT="75"
                          WIDTH="200"
                          VPOS="1235"
                          HPOS="189"
                          CONTENT="tiatur,"
                          SUBS_TYPE="HypPart2"
                          SUBS_CONTENT="patiatur,"/>
                  <SP HEIGHT="75" WIDTH="18" VPOS="1235" HPOS="389"/>
                  <String HEIGHT="75"
                          WIDTH="146"
                          VPOS="1235"
                          HPOS="334"
                          CONTENT="nisi"/>
                  <SP HEIGHT="75" WIDTH="18" VPOS="1235" HPOS="480"/>
                  <String HEIGHT="75"
                          WIDTH="127"
                          VPOS="1235"
                          HPOS="425"
                          CONTENT="ius"/>
                  <SP HEIGHT="75" WIDTH="18" VPOS="1235" HPOS="553"/>
                  <String HEIGHT="75"
                          WIDTH="218"
                          VPOS="1235"
                          HPOS="498"
                          CONTENT="quispiam"/>
                  <SP HEIGHT="75" WIDTH="18" VPOS="1235" HPOS="717"/>
                  <String HEIGHT="75"
                          WIDTH="164"
                          VPOS="1235"
                          HPOS="662"
                          CONTENT="agat."/>
                  <SP HEIGHT="75" WIDTH="18" VPOS="1235" HPOS="826"/>
                  <String HEIGHT="75"
                          WIDTH="146"
                          VPOS="1235"
                          HPOS="771"
                          CONTENT="Quod"/>
                  <SP HEIGHT="75" WIDTH="18" VPOS="1235" HPOS="917"/>
                  <String HEIGHT="75" WIDTH="109" VPOS="1235" HPOS="862" CONTENT="si"/>
                  <SP HEIGHT="75" WIDTH="18" VPOS="1235" HPOS="972"/>
                  <String HEIGHT="75"
                          WIDTH="273"
                          VPOS="1235"
                          HPOS="917"
                          CONTENT="simpliciter"/>
                  <SP HEIGHT="75" WIDTH="18" VPOS="1235" HPOS="1190"/>
                  <String HEIGHT="75"
                          WIDTH="218"
                          VPOS="1235"
                          HPOS="1136"
                          CONTENT="iniuriam"/>
                  <SP HEIGHT="75" WIDTH="18" VPOS="1235" HPOS="1354"/>
                  <String HEIGHT="75"
                          WIDTH="200"
                          VPOS="1235"
                          HPOS="1299"
                          CONTENT="facere,"/>
                  <SP HEIGHT="75" WIDTH="18" VPOS="1235" HPOS="1500"/>
                  <String HEIGHT="75"
                          WIDTH="127"
                          VPOS="1235"
                          HPOS="1445"
                          CONTENT="sit"/>
                  <SP HEIGHT="75" WIDTH="18" VPOS="1235" HPOS="1572"/>
                  <String HEIGHT="75"
                          WIDTH="127"
                          VPOS="1235"
                          HPOS="1518"
                          CONTENT="sua"/>
                  <SP HEIGHT="75" WIDTH="18" VPOS="1235" HPOS="1645"/>
                  <String HEIGHT="75"
                          WIDTH="182"
                          VPOS="1235"
                          HPOS="1591"
                          CONTENT="sponte"/>
                  <SP HEIGHT="75" WIDTH="18" VPOS="1235" HPOS="1773"/>
                  <String HEIGHT="75"
                          WIDTH="182"
                          VPOS="1235"
                          HPOS="1700"
                          CONTENT="quempiam"/>
               </TextLine>
               <TextLine ID="r1l23"
                         BASELINE="225,1347 307,1346 389,1344 472,1344 554,1343 637,1343 719,1343 802,1341 884,1341 967,1341 1049,1341 1131,1341 1214,1340 1296,1340 1379,1340 1461,1340 1544,1340 1626,1340 1709,1340 1791,1340 1874,1340"
                         HEIGHT="69"
                         WIDTH="1668"
                         VPOS="1294"
                         HPOS="215">
                  <String HEIGHT="69"
                          WIDTH="209"
                          VPOS="1294"
                          HPOS="198"
                          CONTENT="laedere,"/>
                  <SP HEIGHT="69" WIDTH="17" VPOS="1294" HPOS="406"/>
                  <String HEIGHT="69" WIDTH="87" VPOS="1294" HPOS="354" CONTENT="&amp;"/>
                  <SP HEIGHT="69" WIDTH="17" VPOS="1294" HPOS="441"/>
                  <String HEIGHT="69"
                          WIDTH="174"
                          VPOS="1294"
                          HPOS="389"
                          CONTENT="ipsum,"/>
                  <SP HEIGHT="69" WIDTH="17" VPOS="1294" HPOS="563"/>
                  <String HEIGHT="69"
                          WIDTH="174"
                          VPOS="1294"
                          HPOS="510"
                          CONTENT="sponte"/>
                  <SP HEIGHT="69" WIDTH="17" VPOS="1294" HPOS="684"/>
                  <String HEIGHT="69"
                          WIDTH="174"
                          VPOS="1294"
                          HPOS="632"
                          CONTENT="inquam"/>
                  <SP HEIGHT="69" WIDTH="17" VPOS="1294" HPOS="806"/>
                  <String HEIGHT="69"
                          WIDTH="209"
                          VPOS="1294"
                          HPOS="754"
                          CONTENT="laedere,"/>
                  <SP HEIGHT="69" WIDTH="17" VPOS="1294" HPOS="962"/>
                  <String HEIGHT="69"
                          WIDTH="122"
                          VPOS="1294"
                          HPOS="910"
                          CONTENT="sit"/>
                  <SP HEIGHT="69" WIDTH="17" VPOS="1294" HPOS="1032"/>
                  <String HEIGHT="69"
                          WIDTH="191"
                          VPOS="1294"
                          HPOS="980"
                          CONTENT="laedere"/>
                  <SP HEIGHT="69" WIDTH="17" VPOS="1294" HPOS="1171"/>
                  <String HEIGHT="69"
                          WIDTH="226"
                          VPOS="1294"
                          HPOS="1119"
                          CONTENT="scientem,"/>
                  <SP HEIGHT="69" WIDTH="17" VPOS="1294" HPOS="1344"/>
                  <String HEIGHT="69" WIDTH="87" VPOS="1294" HPOS="1292" CONTENT="&amp;"/>
                  <SP HEIGHT="69" WIDTH="17" VPOS="1294" HPOS="1379"/>
                  <String HEIGHT="69"
                          WIDTH="156"
                          VPOS="1294"
                          HPOS="1327"
                          CONTENT="quem,"/>
                  <SP HEIGHT="69" WIDTH="17" VPOS="1294" HPOS="1483"/>
                  <String HEIGHT="69" WIDTH="87" VPOS="1294" HPOS="1431" CONTENT="&amp;"/>
                  <SP HEIGHT="69" WIDTH="17" VPOS="1294" HPOS="1518"/>
                  <String HEIGHT="69"
                          WIDTH="139"
                          VPOS="1294"
                          HPOS="1466"
                          CONTENT="quo,"/>
                  <SP HEIGHT="69" WIDTH="17" VPOS="1294" HPOS="1605"/>
                  <String HEIGHT="69"
                          WIDTH="156"
                          VPOS="1294"
                          HPOS="1553"
                          CONTENT="atque"/>
                  <SP HEIGHT="69" WIDTH="17" VPOS="1294" HPOS="1709"/>
                  <String HEIGHT="69"
                          WIDTH="209"
                          VPOS="1294"
                          HPOS="1657"
                          CONTENT="quomodo,"/>
                  <SP HEIGHT="69" WIDTH="17" VPOS="1294" HPOS="1866"/>
                  <String HEIGHT="69"
                          WIDTH="87"
                          VPOS="1294"
                          HPOS="1796"
                          CONTENT="in¬"
                          SUBS_TYPE="HypPart1"
                          SUBS_CONTENT="incontinens"/>
                  <HYP CONTENT="-"/>
               </TextLine>
               <TextLine ID="r1l24"
                         BASELINE="237,1401 319,1400 401,1400 483,1400 565,1400 647,1398 729,1398 811,1398 893,1397 975,1397 1057,1397 1139,1395 1221,1395 1303,1395 1385,1395 1467,1394 1549,1394 1631,1394 1713,1394 1795,1394 1878,1395"
                         HEIGHT="60"
                         WIDTH="1662"
                         VPOS="1363"
                         HPOS="227">
                  <String HEIGHT="60"
                          WIDTH="237"
                          VPOS="1363"
                          HPOS="209"
                          CONTENT="continens"
                          SUBS_TYPE="HypPart2"
                          SUBS_CONTENT="incontinens"/>
                  <SP HEIGHT="60" WIDTH="18" VPOS="1363" HPOS="446"/>
                  <String HEIGHT="60"
                          WIDTH="164"
                          VPOS="1363"
                          HPOS="391"
                          CONTENT="autem"/>
                  <SP HEIGHT="60" WIDTH="18" VPOS="1363" HPOS="556"/>
                  <String HEIGHT="60"
                          WIDTH="146"
                          VPOS="1363"
                          HPOS="501"
                          CONTENT="ipse"/>
                  <SP HEIGHT="60" WIDTH="18" VPOS="1363" HPOS="647"/>
                  <String HEIGHT="60"
                          WIDTH="146"
                          VPOS="1363"
                          HPOS="592"
                          CONTENT="sibi"/>
                  <SP HEIGHT="60" WIDTH="18" VPOS="1363" HPOS="738"/>
                  <String HEIGHT="60"
                          WIDTH="128"
                          VPOS="1363"
                          HPOS="684"
                          CONTENT="sua"/>
                  <SP HEIGHT="60" WIDTH="18" VPOS="1363" HPOS="811"/>
                  <String HEIGHT="60"
                          WIDTH="183"
                          VPOS="1363"
                          HPOS="757"
                          CONTENT="noceat"/>
                  <SP HEIGHT="60" WIDTH="18" VPOS="1363" HPOS="939"/>
                  <String HEIGHT="60"
                          WIDTH="201"
                          VPOS="1363"
                          HPOS="884"
                          CONTENT="sponte,"/>
                  <SP HEIGHT="60" WIDTH="18" VPOS="1363" HPOS="1085"/>
                  <String HEIGHT="60"
                          WIDTH="146"
                          VPOS="1363"
                          HPOS="1031"
                          CONTENT="ipse"/>
                  <SP HEIGHT="60" WIDTH="18" VPOS="1363" HPOS="1177"/>
                  <String HEIGHT="60"
                          WIDTH="201"
                          VPOS="1363"
                          HPOS="1122"
                          CONTENT="nimirum"/>
                  <SP HEIGHT="60" WIDTH="18" VPOS="1363" HPOS="1323"/>
                  <String HEIGHT="60"
                          WIDTH="219"
                          VPOS="1363"
                          HPOS="1268"
                          CONTENT="iniuriam"/>
                  <SP HEIGHT="60" WIDTH="18" VPOS="1363" HPOS="1487"/>
                  <String HEIGHT="60"
                          WIDTH="201"
                          VPOS="1363"
                          HPOS="1432"
                          CONTENT="patitur"/>
                  <SP HEIGHT="60" WIDTH="18" VPOS="1363" HPOS="1633"/>
                  <String HEIGHT="60"
                          WIDTH="128"
                          VPOS="1363"
                          HPOS="1579"
                          CONTENT="sua"/>
                  <SP HEIGHT="60" WIDTH="18" VPOS="1363" HPOS="1706"/>
                  <String HEIGHT="60"
                          WIDTH="201"
                          VPOS="1363"
                          HPOS="1652"
                          CONTENT="sponte,"/>
                  <SP HEIGHT="60" WIDTH="18" VPOS="1363" HPOS="1852"/>
                  <String HEIGHT="60"
                          WIDTH="110"
                          VPOS="1363"
                          HPOS="1779"
                          CONTENT="fie¬"
                          SUBS_TYPE="HypPart1"
                          SUBS_CONTENT="fierique"/>
                  <HYP CONTENT="-"/>
               </TextLine>
               <TextLine ID="r1l25"
                         BASELINE="230,1457 312,1457 395,1457 478,1457 561,1455 644,1455 726,1455 809,1454 892,1454 975,1452 1058,1452 1140,1452 1223,1451 1306,1451 1389,1451 1472,1451 1554,1449 1637,1449 1720,1451 1803,1451 1886,1451"
                         HEIGHT="71"
                         WIDTH="1676"
                         VPOS="1400"
                         HPOS="220">
                  <String HEIGHT="71"
                          WIDTH="160"
                          VPOS="1400"
                          HPOS="202"
                          CONTENT="rique"
                          SUBS_TYPE="HypPart2"
                          SUBS_CONTENT="fierique"/>
                  <SP HEIGHT="71" WIDTH="18" VPOS="1400" HPOS="363"/>
                  <String HEIGHT="71"
                          WIDTH="178"
                          VPOS="1400"
                          HPOS="309"
                          CONTENT="potest"/>
                  <SP HEIGHT="71" WIDTH="18" VPOS="1400" HPOS="487"/>
                  <String HEIGHT="71" WIDTH="107" VPOS="1400" HPOS="434" CONTENT="vt"/>
                  <SP HEIGHT="71" WIDTH="18" VPOS="1400" HPOS="541"/>
                  <String HEIGHT="71"
                          WIDTH="143"
                          VPOS="1400"
                          HPOS="487"
                          CONTENT="sibi"/>
                  <SP HEIGHT="71" WIDTH="18" VPOS="1400" HPOS="630"/>
                  <String HEIGHT="71"
                          WIDTH="143"
                          VPOS="1400"
                          HPOS="577"
                          CONTENT="ipsi"/>
                  <SP HEIGHT="71" WIDTH="18" VPOS="1400" HPOS="719"/>
                  <String HEIGHT="71"
                          WIDTH="214"
                          VPOS="1400"
                          HPOS="666"
                          CONTENT="iniuriam"/>
                  <SP HEIGHT="71" WIDTH="18" VPOS="1400" HPOS="880"/>
                  <String HEIGHT="71"
                          WIDTH="178"
                          VPOS="1400"
                          HPOS="826"
                          CONTENT="faciat"/>
                  <SP HEIGHT="71" WIDTH="18" VPOS="1400" HPOS="1005"/>
                  <String HEIGHT="71"
                          WIDTH="160"
                          VPOS="1400"
                          HPOS="951"
                          CONTENT="atque"/>
                  <SP HEIGHT="71" WIDTH="18" VPOS="1400" HPOS="1111"/>
                  <String HEIGHT="71"
                          WIDTH="125"
                          VPOS="1400"
                          HPOS="1058"
                          CONTENT="hoc"/>
                  <SP HEIGHT="71" WIDTH="18" VPOS="1400" HPOS="1183"/>
                  <String HEIGHT="71"
                          WIDTH="160"
                          VPOS="1400"
                          HPOS="1129"
                          CONTENT="etiam"/>
                  <SP HEIGHT="71" WIDTH="18" VPOS="1400" HPOS="1290"/>
                  <String HEIGHT="71"
                          WIDTH="178"
                          VPOS="1400"
                          HPOS="1236"
                          CONTENT="ipsum,"/>
                  <SP HEIGHT="71" WIDTH="18" VPOS="1400" HPOS="1415"/>
                  <String HEIGHT="71"
                          WIDTH="143"
                          VPOS="1400"
                          HPOS="1361"
                          CONTENT="vnum"/>
                  <SP HEIGHT="71" WIDTH="18" VPOS="1400" HPOS="1504"/>
                  <String HEIGHT="71"
                          WIDTH="143"
                          VPOS="1400"
                          HPOS="1450"
                          CONTENT="quid"/>
                  <SP HEIGHT="71" WIDTH="18" VPOS="1400" HPOS="1593"/>
                  <String HEIGHT="71"
                          WIDTH="125"
                          VPOS="1400"
                          HPOS="1539"
                          CONTENT="est"/>
                  <SP HEIGHT="71" WIDTH="18" VPOS="1400" HPOS="1664"/>
                  <String HEIGHT="71"
                          WIDTH="160"
                          VPOS="1400"
                          HPOS="1611"
                          CONTENT="eorum"/>
                  <SP HEIGHT="71" WIDTH="18" VPOS="1400" HPOS="1771"/>
                  <String HEIGHT="71"
                          WIDTH="143"
                          VPOS="1400"
                          HPOS="1718"
                          CONTENT="quae"/>
                  <SP HEIGHT="71" WIDTH="18" VPOS="1400" HPOS="1860"/>
                  <String HEIGHT="71"
                          WIDTH="107"
                          VPOS="1400"
                          HPOS="1789"
                          CONTENT="dubi"/>
               </TextLine>
               <TextLine ID="r1l26"
                         BASELINE="230,1514 312,1514 395,1512 477,1512 560,1511 643,1511 725,1509 808,1509 891,1508 973,1508 1056,1506 1139,1506 1221,1506 1304,1506 1387,1505 1469,1505 1552,1505 1635,1506 1717,1506 1800,1506 1883,1508"
                         HEIGHT="65"
                         WIDTH="1673"
                         VPOS="1458"
                         HPOS="220">
                  <String HEIGHT="65"
                          WIDTH="188"
                          VPOS="1458"
                          HPOS="203"
                          CONTENT="tantur,"/>
                  <SP HEIGHT="65" WIDTH="17" VPOS="1458" HPOS="391"/>
                  <String HEIGHT="65" WIDTH="102" VPOS="1458" HPOS="340" CONTENT="si"/>
                  <SP HEIGHT="65" WIDTH="17" VPOS="1458" HPOS="442"/>
                  <String HEIGHT="65"
                          WIDTH="154"
                          VPOS="1458"
                          HPOS="391"
                          CONTENT="fieri"/>
                  <SP HEIGHT="65" WIDTH="17" VPOS="1458" HPOS="544"/>
                  <String HEIGHT="65"
                          WIDTH="171"
                          VPOS="1458"
                          HPOS="493"
                          CONTENT="inquam"/>
                  <SP HEIGHT="65" WIDTH="17" VPOS="1458" HPOS="664"/>
                  <String HEIGHT="65"
                          WIDTH="188"
                          VPOS="1458"
                          HPOS="613"
                          CONTENT="possit,"/>
                  <SP HEIGHT="65" WIDTH="17" VPOS="1458" HPOS="800"/>
                  <String HEIGHT="65" WIDTH="102" VPOS="1458" HPOS="749" CONTENT="vt"/>
                  <SP HEIGHT="65" WIDTH="17" VPOS="1458" HPOS="852"/>
                  <String HEIGHT="65"
                          WIDTH="137"
                          VPOS="1458"
                          HPOS="800"
                          CONTENT="sibi"/>
                  <SP HEIGHT="65" WIDTH="17" VPOS="1458" HPOS="937"/>
                  <String HEIGHT="65"
                          WIDTH="137"
                          VPOS="1458"
                          HPOS="886"
                          CONTENT="ipsi"/>
                  <SP HEIGHT="65" WIDTH="17" VPOS="1458" HPOS="1022"/>
                  <String HEIGHT="65"
                          WIDTH="205"
                          VPOS="1458"
                          HPOS="971"
                          CONTENT="quispiam"/>
                  <SP HEIGHT="65" WIDTH="17" VPOS="1458" HPOS="1176"/>
                  <String HEIGHT="65"
                          WIDTH="205"
                          VPOS="1458"
                          HPOS="1125"
                          CONTENT="iniuriam"/>
                  <SP HEIGHT="65" WIDTH="17" VPOS="1458" HPOS="1330"/>
                  <String HEIGHT="65"
                          WIDTH="188"
                          VPOS="1458"
                          HPOS="1278"
                          CONTENT="faciat."/>
                  <SP HEIGHT="65" WIDTH="17" VPOS="1458" HPOS="1466"/>
                  <String HEIGHT="65"
                          WIDTH="222"
                          VPOS="1458"
                          HPOS="1415"
                          CONTENT="Praeterea"/>
                  <SP HEIGHT="65" WIDTH="17" VPOS="1458" HPOS="1637"/>
                  <String HEIGHT="65"
                          WIDTH="120"
                          VPOS="1458"
                          HPOS="1586"
                          CONTENT="fit"/>
                  <SP HEIGHT="65" WIDTH="17" VPOS="1458" HPOS="1705"/>
                  <String HEIGHT="65"
                          WIDTH="102"
                          VPOS="1458"
                          HPOS="1654"
                          CONTENT="vt"/>
                  <SP HEIGHT="65" WIDTH="17" VPOS="1458" HPOS="1756"/>
                  <String HEIGHT="65"
                          WIDTH="120"
                          VPOS="1458"
                          HPOS="1705"
                          CONTENT="sua"/>
                  <SP HEIGHT="65" WIDTH="17" VPOS="1458" HPOS="1825"/>
                  <String HEIGHT="65"
                          WIDTH="137"
                          VPOS="1458"
                          HPOS="1756"
                          CONTENT="sponte"/>
               </TextLine>
               <TextLine ID="r1l27"
                         BASELINE="225,1569 307,1568 390,1568 472,1566 555,1566 638,1565 720,1565 803,1563 885,1563 968,1563 1051,1562 1133,1562 1216,1562 1298,1562 1381,1562 1464,1562 1546,1562 1629,1562 1711,1562 1794,1563 1877,1563"
                         HEIGHT="71"
                         WIDTH="1673"
                         VPOS="1515"
                         HPOS="214">
                  <String HEIGHT="71"
                          WIDTH="221"
                          VPOS="1515"
                          HPOS="196"
                          CONTENT="quispiam"/>
                  <SP HEIGHT="71" WIDTH="18" VPOS="1515" HPOS="416"/>
                  <String HEIGHT="71" WIDTH="110" VPOS="1515" HPOS="361" CONTENT="ob"/>
                  <SP HEIGHT="71" WIDTH="18" VPOS="1515" HPOS="471"/>
                  <String HEIGHT="71"
                          WIDTH="331"
                          VPOS="1515"
                          HPOS="416"
                          CONTENT="incontinentiam"/>
                  <SP HEIGHT="71" WIDTH="18" VPOS="1515" HPOS="747"/>
                  <String HEIGHT="71" WIDTH="110" VPOS="1515" HPOS="692" CONTENT="ab"/>
                  <SP HEIGHT="71" WIDTH="18" VPOS="1515" HPOS="802"/>
                  <String HEIGHT="71"
                          WIDTH="147"
                          VPOS="1515"
                          HPOS="747"
                          CONTENT="alio"/>
                  <SP HEIGHT="71" WIDTH="18" VPOS="1515" HPOS="894"/>
                  <String HEIGHT="71"
                          WIDTH="184"
                          VPOS="1515"
                          HPOS="839"
                          CONTENT="sponte"/>
                  <SP HEIGHT="71" WIDTH="18" VPOS="1515" HPOS="1023"/>
                  <String HEIGHT="71"
                          WIDTH="202"
                          VPOS="1515"
                          HPOS="968"
                          CONTENT="nocente"/>
                  <SP HEIGHT="71" WIDTH="18" VPOS="1515" HPOS="1170"/>
                  <String HEIGHT="71"
                          WIDTH="239"
                          VPOS="1515"
                          HPOS="1115"
                          CONTENT="laedatur."/>
                  <SP HEIGHT="71" WIDTH="18" VPOS="1515" HPOS="1354"/>
                  <String HEIGHT="71"
                          WIDTH="165"
                          VPOS="1515"
                          HPOS="1299"
                          CONTENT="Quare"/>
                  <SP HEIGHT="71" WIDTH="18" VPOS="1515" HPOS="1464"/>
                  <String HEIGHT="71"
                          WIDTH="147"
                          VPOS="1515"
                          HPOS="1409"
                          CONTENT="fit,"/>
                  <SP HEIGHT="71" WIDTH="18" VPOS="1515" HPOS="1556"/>
                  <String HEIGHT="71"
                          WIDTH="110"
                          VPOS="1515"
                          HPOS="1501"
                          CONTENT="vt"/>
                  <SP HEIGHT="71" WIDTH="18" VPOS="1515" HPOS="1611"/>
                  <String HEIGHT="71"
                          WIDTH="129"
                          VPOS="1515"
                          HPOS="1556"
                          CONTENT="sua"/>
                  <SP HEIGHT="71" WIDTH="18" VPOS="1515" HPOS="1685"/>
                  <String HEIGHT="71"
                          WIDTH="184"
                          VPOS="1515"
                          HPOS="1630"
                          CONTENT="sponte"/>
                  <SP HEIGHT="71" WIDTH="18" VPOS="1515" HPOS="1813"/>
                  <String HEIGHT="71"
                          WIDTH="147"
                          VPOS="1515"
                          HPOS="1740"
                          CONTENT="quispi"/>
               </TextLine>
               <TextLine ID="r1l28"
                         BASELINE="227,1625 310,1624 393,1623 476,1623 559,1622 642,1622 725,1620 808,1620 891,1619 974,1619 1058,1617 1141,1617 1224,1617 1307,1617 1390,1616 1473,1616 1556,1616 1639,1616 1722,1617 1805,1617 1889,1617"
                         HEIGHT="68"
                         WIDTH="1683"
                         VPOS="1571"
                         HPOS="217">
                  <String HEIGHT="68" WIDTH="107" VPOS="1571" HPOS="199" CONTENT="am"/>
                  <SP HEIGHT="68" WIDTH="18" VPOS="1571" HPOS="307"/>
                  <String HEIGHT="68"
                          WIDTH="215"
                          VPOS="1571"
                          HPOS="253"
                          CONTENT="iniuriam"/>
                  <SP HEIGHT="68" WIDTH="18" VPOS="1571" HPOS="468"/>
                  <String HEIGHT="68"
                          WIDTH="233"
                          VPOS="1571"
                          HPOS="414"
                          CONTENT="patiatur."/>
                  <SP HEIGHT="68" WIDTH="18" VPOS="1571" HPOS="647"/>
                  <String HEIGHT="68" WIDTH="107" VPOS="1571" HPOS="593" CONTENT="An"/>
                  <SP HEIGHT="68" WIDTH="18" VPOS="1571" HPOS="700"/>
                  <String HEIGHT="68"
                          WIDTH="251"
                          VPOS="1571"
                          HPOS="647"
                          CONTENT="diffinitio"/>
                  <SP HEIGHT="68" WIDTH="18" VPOS="1571" HPOS="897"/>
                  <String HEIGHT="68"
                          WIDTH="161"
                          VPOS="1571"
                          HPOS="844"
                          CONTENT="dicta"/>
                  <SP HEIGHT="68" WIDTH="18" VPOS="1571" HPOS="1005"/>
                  <String HEIGHT="68"
                          WIDTH="125"
                          VPOS="1571"
                          HPOS="951"
                          CONTENT="non"/>
                  <SP HEIGHT="68" WIDTH="18" VPOS="1571" HPOS="1076"/>
                  <String HEIGHT="68"
                          WIDTH="161"
                          VPOS="1571"
                          HPOS="1023"
                          CONTENT="recte"/>
                  <SP HEIGHT="68" WIDTH="18" VPOS="1571" HPOS="1184"/>
                  <String HEIGHT="68"
                          WIDTH="143"
                          VPOS="1571"
                          HPOS="1130"
                          CONTENT="sese"/>
                  <SP HEIGHT="68" WIDTH="18" VPOS="1571" HPOS="1273"/>
                  <String HEIGHT="68"
                          WIDTH="179"
                          VPOS="1571"
                          HPOS="1220"
                          CONTENT="habet,"/>
                  <SP HEIGHT="68" WIDTH="18" VPOS="1571" HPOS="1399"/>
                  <String HEIGHT="68"
                          WIDTH="125"
                          VPOS="1571"
                          HPOS="1345"
                          CONTENT="sed"/>
                  <SP HEIGHT="68" WIDTH="18" VPOS="1571" HPOS="1470"/>
                  <String HEIGHT="68"
                          WIDTH="161"
                          VPOS="1571"
                          HPOS="1417"
                          CONTENT="huic,"/>
                  <SP HEIGHT="68" WIDTH="18" VPOS="1571" HPOS="1578"/>
                  <String HEIGHT="68"
                          WIDTH="197"
                          VPOS="1571"
                          HPOS="1524"
                          CONTENT="laedere"/>
                  <SP HEIGHT="68" WIDTH="18" VPOS="1571" HPOS="1721"/>
                  <String HEIGHT="68"
                          WIDTH="179"
                          VPOS="1571"
                          HPOS="1667"
                          CONTENT="inquam"/>
                  <SP HEIGHT="68" WIDTH="18" VPOS="1571" HPOS="1846"/>
                  <String HEIGHT="68"
                          WIDTH="125"
                          VPOS="1571"
                          HPOS="1775"
                          CONTENT="scien"/>
               </TextLine>
               <TextLine ID="r1l29"
                         BASELINE="227,1682 314,1680 401,1680 488,1680 576,1679 663,1678 750,1677 838,1676 925,1674 1012,1674 1100,1673 1187,1673 1274,1671 1362,1671 1449,1671 1536,1670 1624,1671 1711,1671 1798,1671 1886,1673"
                         HEIGHT="59"
                         WIDTH="1681"
                         VPOS="1639"
                         HPOS="216">
                  <String HEIGHT="59"
                          WIDTH="132"
                          VPOS="1639"
                          HPOS="197"
                          CONTENT="tem"/>
                  <SP HEIGHT="59" WIDTH="19" VPOS="1639" HPOS="329"/>
                  <String HEIGHT="59"
                          WIDTH="170"
                          VPOS="1639"
                          HPOS="273"
                          CONTENT="quem,"/>
                  <SP HEIGHT="59" WIDTH="19" VPOS="1639" HPOS="443"/>
                  <String HEIGHT="59" WIDTH="94" VPOS="1639" HPOS="386" CONTENT="&amp;"/>
                  <SP HEIGHT="59" WIDTH="19" VPOS="1639" HPOS="480"/>
                  <String HEIGHT="59"
                          WIDTH="151"
                          VPOS="1639"
                          HPOS="424"
                          CONTENT="quo,"/>
                  <SP HEIGHT="59" WIDTH="19" VPOS="1639" HPOS="575"/>
                  <String HEIGHT="59"
                          WIDTH="170"
                          VPOS="1639"
                          HPOS="518"
                          CONTENT="atque"/>
                  <SP HEIGHT="59" WIDTH="19" VPOS="1639" HPOS="688"/>
                  <String HEIGHT="59"
                          WIDTH="227"
                          VPOS="1639"
                          HPOS="632"
                          CONTENT="quomodo,"/>
                  <SP HEIGHT="59" WIDTH="19" VPOS="1639" HPOS="858"/>
                  <String HEIGHT="59"
                          WIDTH="132"
                          VPOS="1639"
                          HPOS="802"
                          CONTENT="hoc"/>
                  <SP HEIGHT="59" WIDTH="19" VPOS="1639" HPOS="934"/>
                  <String HEIGHT="59"
                          WIDTH="132"
                          VPOS="1639"
                          HPOS="877"
                          CONTENT="est"/>
                  <SP HEIGHT="59" WIDTH="19" VPOS="1639" HPOS="1009"/>
                  <String HEIGHT="59"
                          WIDTH="227"
                          VPOS="1639"
                          HPOS="953"
                          CONTENT="addendum"/>
                  <SP HEIGHT="59" WIDTH="19" VPOS="1639" HPOS="1179"/>
                  <String HEIGHT="59"
                          WIDTH="208"
                          VPOS="1639"
                          HPOS="1123"
                          CONTENT="praeter"/>
                  <SP HEIGHT="59" WIDTH="19" VPOS="1639" HPOS="1330"/>
                  <String HEIGHT="59"
                          WIDTH="189"
                          VPOS="1639"
                          HPOS="1274"
                          CONTENT="illius"/>
                  <SP HEIGHT="59" WIDTH="19" VPOS="1639" HPOS="1463"/>
                  <String HEIGHT="59"
                          WIDTH="283"
                          VPOS="1639"
                          HPOS="1406"
                          CONTENT="voluntatem?"/>
                  <SP HEIGHT="59" WIDTH="19" VPOS="1639" HPOS="1689"/>
                  <String HEIGHT="59"
                          WIDTH="227"
                          VPOS="1639"
                          HPOS="1633"
                          CONTENT="Laeditur"/>
                  <SP HEIGHT="59" WIDTH="19" VPOS="1639" HPOS="1859"/>
                  <String HEIGHT="59"
                          WIDTH="113"
                          VPOS="1639"
                          HPOS="1784"
                          CONTENT="igi¬"
                          SUBS_TYPE="HypPart1"
                          SUBS_CONTENT="igitur"/>
                  <HYP CONTENT="-"/>
               </TextLine>
               <TextLine ID="r1l30"
                         BASELINE="218,1737 300,1737 383,1736 466,1736 549,1734 632,1733 715,1733 797,1731 880,1731 963,1730 1046,1729 1129,1728 1212,1728 1295,1727 1377,1727 1460,1727 1543,1727 1626,1727 1709,1727 1792,1727 1875,1728"
                         HEIGHT="59"
                         WIDTH="1676"
                         VPOS="1695"
                         HPOS="208">
                  <String HEIGHT="59"
                          WIDTH="135"
                          VPOS="1695"
                          HPOS="189"
                          CONTENT="tur"
                          SUBS_TYPE="HypPart2"
                          SUBS_CONTENT="igitur"/>
                  <SP HEIGHT="59" WIDTH="19" VPOS="1695" HPOS="324"/>
                  <String HEIGHT="59"
                          WIDTH="135"
                          VPOS="1695"
                          HPOS="266"
                          CONTENT="sua"/>
                  <SP HEIGHT="59" WIDTH="19" VPOS="1695" HPOS="401"/>
                  <String HEIGHT="59"
                          WIDTH="231"
                          VPOS="1695"
                          HPOS="343"
                          CONTENT="quispiam"/>
                  <SP HEIGHT="59" WIDTH="19" VPOS="1695" HPOS="574"/>
                  <String HEIGHT="59"
                          WIDTH="212"
                          VPOS="1695"
                          HPOS="516"
                          CONTENT="sponte,"/>
                  <SP HEIGHT="59" WIDTH="19" VPOS="1695" HPOS="728"/>
                  <String HEIGHT="59"
                          WIDTH="270"
                          VPOS="1695"
                          HPOS="670"
                          CONTENT="patiturque"/>
                  <SP HEIGHT="59" WIDTH="19" VPOS="1695" HPOS="940"/>
                  <String HEIGHT="59"
                          WIDTH="231"
                          VPOS="1695"
                          HPOS="882"
                          CONTENT="iniusta."/>
                  <SP HEIGHT="59" WIDTH="19" VPOS="1695" HPOS="1113"/>
                  <String HEIGHT="59"
                          WIDTH="135"
                          VPOS="1695"
                          HPOS="1056"
                          CONTENT="Sed"/>
                  <SP HEIGHT="59" WIDTH="19" VPOS="1695" HPOS="1190"/>
                  <String HEIGHT="59"
                          WIDTH="231"
                          VPOS="1695"
                          HPOS="1133"
                          CONTENT="iniuriam"/>
                  <SP HEIGHT="59" WIDTH="19" VPOS="1695" HPOS="1364"/>
                  <String HEIGHT="59"
                          WIDTH="135"
                          VPOS="1695"
                          HPOS="1306"
                          CONTENT="sua"/>
                  <SP HEIGHT="59" WIDTH="19" VPOS="1695" HPOS="1441"/>
                  <String HEIGHT="59"
                          WIDTH="193"
                          VPOS="1695"
                          HPOS="1383"
                          CONTENT="sponte"/>
                  <SP HEIGHT="59" WIDTH="19" VPOS="1695" HPOS="1576"/>
                  <String HEIGHT="59"
                          WIDTH="212"
                          VPOS="1695"
                          HPOS="1518"
                          CONTENT="patitur"/>
                  <SP HEIGHT="59" WIDTH="19" VPOS="1695" HPOS="1730"/>
                  <String HEIGHT="59"
                          WIDTH="173"
                          VPOS="1695"
                          HPOS="1672"
                          CONTENT="nemo,"/>
                  <SP HEIGHT="59" WIDTH="19" VPOS="1695" HPOS="1845"/>
                  <String HEIGHT="59"
                          WIDTH="116"
                          VPOS="1695"
                          HPOS="1768"
                          CONTENT="nemo"/>
               </TextLine>
               <TextLine ID="r1l31"
                         BASELINE="231,1794 313,1793 396,1791 478,1790 561,1790 644,1788 726,1787 809,1787 891,1785 974,1785 1057,1784 1139,1784 1222,1783 1304,1782 1387,1782 1470,1782 1552,1782 1635,1782 1717,1782 1800,1784 1883,1784"
                         HEIGHT="73"
                         WIDTH="1673"
                         VPOS="1739"
                         HPOS="220">
                  <String HEIGHT="73"
                          WIDTH="176"
                          VPOS="1739"
                          HPOS="202"
                          CONTENT="namque"/>
                  <SP HEIGHT="73" WIDTH="18" VPOS="1739" HPOS="378"/>
                  <String HEIGHT="73"
                          WIDTH="158"
                          VPOS="1739"
                          HPOS="326"
                          CONTENT="vult."/>
                  <SP HEIGHT="73" WIDTH="18" VPOS="1739" HPOS="484"/>
                  <String HEIGHT="73"
                          WIDTH="158"
                          VPOS="1739"
                          HPOS="431"
                          CONTENT="Neque"/>
                  <SP HEIGHT="73" WIDTH="18" VPOS="1739" HPOS="590"/>
                  <String HEIGHT="73"
                          WIDTH="264"
                          VPOS="1739"
                          HPOS="537"
                          CONTENT="incontinens"/>
                  <SP HEIGHT="73" WIDTH="18" VPOS="1739" HPOS="801"/>
                  <String HEIGHT="73"
                          WIDTH="158"
                          VPOS="1739"
                          HPOS="748"
                          CONTENT="ipse,"/>
                  <SP HEIGHT="73" WIDTH="18" VPOS="1739" HPOS="907"/>
                  <String HEIGHT="73"
                          WIDTH="123"
                          VPOS="1739"
                          HPOS="854"
                          CONTENT="sed"/>
                  <SP HEIGHT="73" WIDTH="18" VPOS="1739" HPOS="977"/>
                  <String HEIGHT="73"
                          WIDTH="194"
                          VPOS="1739"
                          HPOS="924"
                          CONTENT="praeter"/>
                  <SP HEIGHT="73" WIDTH="18" VPOS="1739" HPOS="1118"/>
                  <String HEIGHT="73"
                          WIDTH="247"
                          VPOS="1739"
                          HPOS="1065"
                          CONTENT="voluntatem"/>
                  <SP HEIGHT="73" WIDTH="18" VPOS="1739" HPOS="1312"/>
                  <String HEIGHT="73"
                          WIDTH="158"
                          VPOS="1739"
                          HPOS="1259"
                          CONTENT="agit."/>
                  <SP HEIGHT="73" WIDTH="18" VPOS="1739" HPOS="1418"/>
                  <String HEIGHT="73"
                          WIDTH="158"
                          VPOS="1739"
                          HPOS="1365"
                          CONTENT="Neque"/>
                  <SP HEIGHT="73" WIDTH="18" VPOS="1739" HPOS="1523"/>
                  <String HEIGHT="73"
                          WIDTH="141"
                          VPOS="1739"
                          HPOS="1470"
                          CONTENT="enim"/>
                  <SP HEIGHT="73" WIDTH="18" VPOS="1739" HPOS="1611"/>
                  <String HEIGHT="73"
                          WIDTH="158"
                          VPOS="1739"
                          HPOS="1558"
                          CONTENT="vllus"/>
                  <SP HEIGHT="73" WIDTH="18" VPOS="1739" HPOS="1717"/>
                  <String HEIGHT="73"
                          WIDTH="106"
                          VPOS="1739"
                          HPOS="1664"
                          CONTENT="id"/>
                  <SP HEIGHT="73" WIDTH="18" VPOS="1739" HPOS="1770"/>
                  <String HEIGHT="73"
                          WIDTH="141"
                          VPOS="1739"
                          HPOS="1717"
                          CONTENT="vult"/>
                  <SP HEIGHT="73" WIDTH="18" VPOS="1739" HPOS="1858"/>
                  <String HEIGHT="73"
                          WIDTH="106"
                          VPOS="1739"
                          HPOS="1787"
                          CONTENT="quod"/>
               </TextLine>
               <TextLine ID="r1l32"
                         BASELINE="215,1847 298,1847 381,1847 464,1845 548,1845 631,1844 714,1844 798,1842 881,1841 964,1841 1048,1839 1131,1839 1214,1839 1297,1838 1381,1838 1464,1838 1547,1839 1631,1839 1714,1841 1797,1841 1881,1842"
                         HEIGHT="90"
                         WIDTH="1687"
                         VPOS="1790"
                         HPOS="205">
                  <String HEIGHT="90"
                          WIDTH="141"
                          VPOS="1790"
                          HPOS="185"
                          CONTENT="non"/>
                  <SP HEIGHT="90" WIDTH="20" VPOS="1790" HPOS="326"/>
                  <String HEIGHT="90"
                          WIDTH="261"
                          VPOS="1790"
                          HPOS="265"
                          CONTENT="existimat"/>
                  <SP HEIGHT="90" WIDTH="20" VPOS="1790" HPOS="526"/>
                  <String HEIGHT="90"
                          WIDTH="161"
                          VPOS="1790"
                          HPOS="466"
                          CONTENT="esse"/>
                  <SP HEIGHT="90" WIDTH="20" VPOS="1790" HPOS="627"/>
                  <String HEIGHT="90"
                          WIDTH="201"
                          VPOS="1790"
                          HPOS="567"
                          CONTENT="bonum,"/>
                  <SP HEIGHT="90" WIDTH="20" VPOS="1790" HPOS="767"/>
                  <String HEIGHT="90"
                          WIDTH="301"
                          VPOS="1790"
                          HPOS="707"
                          CONTENT="incontinens"/>
                  <SP HEIGHT="90" WIDTH="20" VPOS="1790" HPOS="1008"/>
                  <String HEIGHT="90"
                          WIDTH="181"
                          VPOS="1790"
                          HPOS="948"
                          CONTENT="autem"/>
                  <SP HEIGHT="90" WIDTH="20" VPOS="1790" HPOS="1129"/>
                  <String HEIGHT="90"
                          WIDTH="121"
                          VPOS="1790"
                          HPOS="1069"
                          CONTENT="id"/>
                  <SP HEIGHT="90" WIDTH="20" VPOS="1790" HPOS="1189"/>
                  <String HEIGHT="90"
                          WIDTH="161"
                          VPOS="1790"
                          HPOS="1129"
                          CONTENT="agit"/>
                  <SP HEIGHT="90" WIDTH="20" VPOS="1790" HPOS="1290"/>
                  <String HEIGHT="90"
                          WIDTH="161"
                          VPOS="1790"
                          HPOS="1229"
                          CONTENT="quod"/>
                  <SP HEIGHT="90" WIDTH="20" VPOS="1790" HPOS="1390"/>
                  <String HEIGHT="90"
                          WIDTH="141"
                          VPOS="1790"
                          HPOS="1330"
                          CONTENT="non"/>
                  <SP HEIGHT="90" WIDTH="20" VPOS="1790" HPOS="1470"/>
                  <String HEIGHT="90"
                          WIDTH="181"
                          VPOS="1790"
                          HPOS="1410"
                          CONTENT="putat"/>
                  <SP HEIGHT="90" WIDTH="20" VPOS="1790" HPOS="1591"/>
                  <String HEIGHT="90"
                          WIDTH="161"
                          VPOS="1790"
                          HPOS="1531"
                          CONTENT="esse"/>
                  <SP HEIGHT="90" WIDTH="20" VPOS="1790" HPOS="1691"/>
                  <String HEIGHT="90"
                          WIDTH="241"
                          VPOS="1790"
                          HPOS="1631"
                          CONTENT="agendum."/>
                  <SP HEIGHT="90" WIDTH="20" VPOS="1790" HPOS="1872"/>
                  <String HEIGHT="90"
                          WIDTH="100"
                          VPOS="1790"
                          HPOS="1792"
                          CONTENT="Qui"/>
               </TextLine>
               <TextLine ID="r1l33"
                         BASELINE="222,1904 299,1903 377,1902 455,1901 533,1901 611,1899 688,1899 766,1898 844,1898 922,1897 1000,1896 1077,1896 1155,1896 1233,1895 1311,1895 1389,1896 1466,1896 1544,1896 1622,1897 1700,1898 1778,1899"
                         HEIGHT="64"
                         WIDTH="1577"
                         VPOS="1851"
                         HPOS="212">
                  <String HEIGHT="64"
                          WIDTH="168"
                          VPOS="1851"
                          HPOS="191"
                          CONTENT="vero"/>
                  <SP HEIGHT="64" WIDTH="21" VPOS="1851" HPOS="359"/>
                  <String HEIGHT="64"
                          WIDTH="147"
                          VPOS="1851"
                          HPOS="296"
                          CONTENT="dat"/>
                  <SP HEIGHT="64" WIDTH="21" VPOS="1851" HPOS="443"/>
                  <String HEIGHT="64"
                          WIDTH="168"
                          VPOS="1851"
                          HPOS="380"
                          CONTENT="sua,"/>
                  <SP HEIGHT="64" WIDTH="21" VPOS="1851" HPOS="548"/>
                  <String HEIGHT="64"
                          WIDTH="315"
                          VPOS="1851"
                          HPOS="485"
                          CONTENT="quemadmodum"/>
                  <SP HEIGHT="64" WIDTH="21" VPOS="1851" HPOS="801"/>
                  <String HEIGHT="64"
                          WIDTH="168"
                          VPOS="1851"
                          HPOS="738"
                          CONTENT="arma"/>
                  <SP HEIGHT="64" WIDTH="21" VPOS="1851" HPOS="906"/>
                  <String HEIGHT="64"
                          WIDTH="147"
                          VPOS="1851"
                          HPOS="843"
                          CONTENT="sua"/>
                  <SP HEIGHT="64" WIDTH="21" VPOS="1851" HPOS="990"/>
                  <String HEIGHT="64"
                          WIDTH="231"
                          VPOS="1851"
                          HPOS="927"
                          CONTENT="Diomedi"/>
                  <SP HEIGHT="64" WIDTH="21" VPOS="1851" HPOS="1158"/>
                  <String HEIGHT="64"
                          WIDTH="231"
                          VPOS="1851"
                          HPOS="1095"
                          CONTENT="Glaucus"/>
                  <SP HEIGHT="64" WIDTH="21" VPOS="1851" HPOS="1326"/>
                  <String HEIGHT="64"
                          WIDTH="210"
                          VPOS="1851"
                          HPOS="1263"
                          CONTENT="dedit,"/>
                  <SP HEIGHT="64" WIDTH="21" VPOS="1851" HPOS="1474"/>
                  <String HEIGHT="64"
                          WIDTH="126"
                          VPOS="1851"
                          HPOS="1411"
                          CONTENT="vt"/>
                  <SP HEIGHT="64" WIDTH="21" VPOS="1851" HPOS="1537"/>
                  <String HEIGHT="64"
                          WIDTH="189"
                          VPOS="1851"
                          HPOS="1474"
                          CONTENT="dicit"/>
                  <SP HEIGHT="64" WIDTH="21" VPOS="1851" HPOS="1663"/>
                  <String HEIGHT="64"
                          WIDTH="210"
                          VPOS="1851"
                          HPOS="1579"
                          CONTENT="Homerus."/>
               </TextLine>
               <TextLine ID="r1l34"
                         BASELINE="218,1959 261,1959 305,1959 348,1959 392,1959 435,1959 479,1958 522,1958 566,1958 609,1958 653,1956 696,1956 740,1956 783,1955 827,1955 870,1954 914,1953 957,1953 1001,1952 1044,1952 1088,1952"
                         HEIGHT="63"
                         WIDTH="893"
                         VPOS="1914"
                         HPOS="206">
                  <String HEIGHT="63"
                          WIDTH="190"
                          VPOS="1914"
                          HPOS="187"
                          CONTENT="Proque"/>
                  <SP HEIGHT="63" WIDTH="19" VPOS="1914" HPOS="377"/>
                  <String HEIGHT="63"
                          WIDTH="190"
                          VPOS="1914"
                          HPOS="320"
                          CONTENT="nouem,"/>
                  <SP HEIGHT="63" WIDTH="19" VPOS="1914" HPOS="510"/>
                  <String HEIGHT="63"
                          WIDTH="209"
                          VPOS="1914"
                          HPOS="453"
                          CONTENT="centum,"/>
                  <SP HEIGHT="63" WIDTH="19" VPOS="1914" HPOS="662"/>
                  <String HEIGHT="63"
                          WIDTH="133"
                          VPOS="1914"
                          HPOS="605"
                          CONTENT="pro"/>
                  <SP HEIGHT="63" WIDTH="19" VPOS="1914" HPOS="738"/>
                  <String HEIGHT="63"
                          WIDTH="171"
                          VPOS="1914"
                          HPOS="681"
                          CONTENT="ferro"/>
                  <SP HEIGHT="63" WIDTH="19" VPOS="1914" HPOS="852"/>
                  <String HEIGHT="63"
                          WIDTH="228"
                          VPOS="1914"
                          HPOS="795"
                          CONTENT="tradidit"/>
                  <SP HEIGHT="63" WIDTH="19" VPOS="1914" HPOS="1023"/>
                  <String HEIGHT="63"
                          WIDTH="152"
                          VPOS="1914"
                          HPOS="947"
                          CONTENT="aurum:"/>
               </TextLine>
               <TextLine ID="r1l35"
                         BASELINE="218,2018 272,2017 326,2016 380,2016 434,2015 488,2015 542,2013 596,2013 650,2012 704,2012 758,2012 812,2010 866,2010 920,2010 974,2009 1028,2009 1082,2009 1136,2009 1190,2009 1244,2009 1298,2009"
                         HEIGHT="99"
                         WIDTH="1102"
                         VPOS="1947"
                         HPOS="207">
                  <String HEIGHT="99" WIDTH="110" VPOS="1947" HPOS="189" CONTENT="Is"/>
                  <SP HEIGHT="99" WIDTH="18" VPOS="1947" HPOS="299"/>
                  <String HEIGHT="99"
                          WIDTH="220"
                          VPOS="1947"
                          HPOS="244"
                          CONTENT="iniuriam"/>
                  <SP HEIGHT="99" WIDTH="18" VPOS="1947" HPOS="464"/>
                  <String HEIGHT="99"
                          WIDTH="129"
                          VPOS="1947"
                          HPOS="409"
                          CONTENT="non"/>
                  <SP HEIGHT="99" WIDTH="18" VPOS="1947" HPOS="538"/>
                  <String HEIGHT="99"
                          WIDTH="220"
                          VPOS="1947"
                          HPOS="483"
                          CONTENT="patitur,"/>
                  <SP HEIGHT="99" WIDTH="18" VPOS="1947" HPOS="703"/>
                  <String HEIGHT="99"
                          WIDTH="147"
                          VPOS="1947"
                          HPOS="648"
                          CONTENT="dare"/>
                  <SP HEIGHT="99" WIDTH="18" VPOS="1947" HPOS="795"/>
                  <String HEIGHT="99"
                          WIDTH="184"
                          VPOS="1947"
                          HPOS="740"
                          CONTENT="namque"/>
                  <SP HEIGHT="99" WIDTH="18" VPOS="1947" HPOS="923"/>
                  <String HEIGHT="99"
                          WIDTH="129"
                          VPOS="1947"
                          HPOS="868"
                          CONTENT="est"/>
                  <SP HEIGHT="99" WIDTH="18" VPOS="1947" HPOS="997"/>
                  <String HEIGHT="99"
                          WIDTH="257"
                          VPOS="1947"
                          HPOS="942"
                          CONTENT="collocatum"/>
                  <SP HEIGHT="99" WIDTH="18" VPOS="1947" HPOS="1199"/>
                  <String HEIGHT="99"
                          WIDTH="110"
                          VPOS="1947"
                          HPOS="1144"
                          CONTENT="in"/>
                  <SP HEIGHT="99" WIDTH="18" VPOS="1947" HPOS="1254"/>
                  <String HEIGHT="99"
                          WIDTH="129"
                          VPOS="1947"
                          HPOS="1180"
                          CONTENT="ipso."/>
               </TextLine>
               <TextLine ID="r1l36"
                         BASELINE="276,2073 356,2072 436,2070 516,2069 596,2069 677,2067 757,2067 837,2067 917,2066 997,2066 1078,2066 1158,2066 1238,2066 1318,2066 1398,2066 1479,2066 1559,2066 1639,2066 1719,2066 1799,2066 1880,2066"
                         HEIGHT="88"
                         WIDTH="1627"
                         VPOS="2010"
                         HPOS="265">
                  <String HEIGHT="88"
                          WIDTH="129"
                          VPOS="2010"
                          HPOS="247"
                          CONTENT="Sed"/>
                  <SP HEIGHT="88" WIDTH="18" VPOS="2010" HPOS="376"/>
                  <String HEIGHT="88" WIDTH="111" VPOS="2010" HPOS="320" CONTENT="vt"/>
                  <SP HEIGHT="88" WIDTH="18" VPOS="2010" HPOS="431"/>
                  <String HEIGHT="88"
                          WIDTH="222"
                          VPOS="2010"
                          HPOS="376"
                          CONTENT="iniuriam"/>
                  <SP HEIGHT="88" WIDTH="18" VPOS="2010" HPOS="598"/>
                  <String HEIGHT="88"
                          WIDTH="222"
                          VPOS="2010"
                          HPOS="542"
                          CONTENT="patiatur"/>
                  <SP HEIGHT="88" WIDTH="18" VPOS="2010" HPOS="764"/>
                  <String HEIGHT="88"
                          WIDTH="129"
                          VPOS="2010"
                          HPOS="709"
                          CONTENT="non"/>
                  <SP HEIGHT="88" WIDTH="18" VPOS="2010" HPOS="838"/>
                  <String HEIGHT="88"
                          WIDTH="129"
                          VPOS="2010"
                          HPOS="783"
                          CONTENT="est"/>
                  <SP HEIGHT="88" WIDTH="18" VPOS="2010" HPOS="912"/>
                  <String HEIGHT="88" WIDTH="111" VPOS="2010" HPOS="857" CONTENT="in"/>
                  <SP HEIGHT="88" WIDTH="18" VPOS="2010" HPOS="968"/>
                  <String HEIGHT="88"
                          WIDTH="240"
                          VPOS="2010"
                          HPOS="912"
                          CONTENT="potestate"/>
                  <SP HEIGHT="88" WIDTH="18" VPOS="2010" HPOS="1152"/>
                  <String HEIGHT="88"
                          WIDTH="185"
                          VPOS="2010"
                          HPOS="1097"
                          CONTENT="ipsius"/>
                  <SP HEIGHT="88" WIDTH="18" VPOS="2010" HPOS="1282"/>
                  <String HEIGHT="88"
                          WIDTH="185"
                          VPOS="2010"
                          HPOS="1226"
                          CONTENT="situm,"/>
                  <SP HEIGHT="88" WIDTH="18" VPOS="2010" HPOS="1411"/>
                  <String HEIGHT="88"
                          WIDTH="129"
                          VPOS="2010"
                          HPOS="1356"
                          CONTENT="sed"/>
                  <SP HEIGHT="88" WIDTH="18" VPOS="2010" HPOS="1485"/>
                  <String HEIGHT="88"
                          WIDTH="111"
                          VPOS="2010"
                          HPOS="1430"
                          CONTENT="is"/>
                  <SP HEIGHT="88" WIDTH="18" VPOS="2010" HPOS="1541"/>
                  <String HEIGHT="88"
                          WIDTH="129"
                          VPOS="2010"
                          HPOS="1485"
                          CONTENT="sit"/>
                  <SP HEIGHT="88" WIDTH="18" VPOS="2010" HPOS="1615"/>
                  <String HEIGHT="88"
                          WIDTH="129"
                          VPOS="2010"
                          HPOS="1559"
                          CONTENT="qui"/>
                  <SP HEIGHT="88" WIDTH="18" VPOS="2010" HPOS="1689"/>
                  <String HEIGHT="88"
                          WIDTH="222"
                          VPOS="2010"
                          HPOS="1633"
                          CONTENT="iniuriam"/>
                  <SP HEIGHT="88" WIDTH="18" VPOS="2010" HPOS="1855"/>
                  <String HEIGHT="88"
                          WIDTH="111"
                          VPOS="2010"
                          HPOS="1781"
                          CONTENT="agat"/>
               </TextLine>
               <TextLine ID="r1l37"
                         BASELINE="221,2126 272,2127 324,2127 376,2127 428,2127 479,2127 531,2126 583,2126 635,2126 686,2126 738,2124 790,2124 842,2123 893,2123 945,2123 997,2121 1049,2121 1100,2121 1152,2121 1204,2121 1256,2121"
                         HEIGHT="72"
                         WIDTH="1057"
                         VPOS="2082"
                         HPOS="210">
                  <String HEIGHT="72"
                          WIDTH="231"
                          VPOS="2082"
                          HPOS="191"
                          CONTENT="oportet."/>
                  <SP HEIGHT="72" WIDTH="19" VPOS="2082" HPOS="421"/>
                  <String HEIGHT="72"
                          WIDTH="173"
                          VPOS="2082"
                          HPOS="364"
                          CONTENT="Patet"/>
                  <SP HEIGHT="72" WIDTH="19" VPOS="2082" HPOS="537"/>
                  <String HEIGHT="72"
                          WIDTH="192"
                          VPOS="2082"
                          HPOS="479"
                          CONTENT="igitur"/>
                  <SP HEIGHT="72" WIDTH="19" VPOS="2082" HPOS="671"/>
                  <String HEIGHT="72"
                          WIDTH="135"
                          VPOS="2082"
                          HPOS="614"
                          CONTENT="sua"/>
                  <SP HEIGHT="72" WIDTH="19" VPOS="2082" HPOS="748"/>
                  <String HEIGHT="72"
                          WIDTH="192"
                          VPOS="2082"
                          HPOS="690"
                          CONTENT="sponte"/>
                  <SP HEIGHT="72" WIDTH="19" VPOS="2082" HPOS="883"/>
                  <String HEIGHT="72"
                          WIDTH="211"
                          VPOS="2082"
                          HPOS="825"
                          CONTENT="neminem"/>
                  <SP HEIGHT="72" WIDTH="19" VPOS="2082" HPOS="1036"/>
                  <String HEIGHT="72"
                          WIDTH="231"
                          VPOS="2082"
                          HPOS="979"
                          CONTENT="iniuriam"/>
                  <SP HEIGHT="72" WIDTH="19" VPOS="2082" HPOS="1209"/>
                  <String HEIGHT="72"
                          WIDTH="135"
                          VPOS="2082"
                          HPOS="1132"
                          CONTENT="pati."/>
               </TextLine>
               <TextLine ID="line_1613861073988_2224"
                         BASELINE="261,2180 352,2181 444,2181 536,2183 628,2183 720,2181 812,2181 904,2180 996,2178 1088,2177 1180,2177 1271,2175 1363,2175 1455,2175 1547,2177 1639,2178 1731,2181 1823,2186 1888,2188"
                         HEIGHT="81"
                         WIDTH="1647"
                         VPOS="2114"
                         HPOS="251">
                  <String HEIGHT="81"
                          WIDTH="201"
                          VPOS="2114"
                          HPOS="233"
                          CONTENT="Insuper"/>
                  <SP HEIGHT="81" WIDTH="18" VPOS="2114" HPOS="434"/>
                  <String HEIGHT="81" WIDTH="110" VPOS="2114" HPOS="379" CONTENT="ex"/>
                  <SP HEIGHT="81" WIDTH="18" VPOS="2114" HPOS="489"/>
                  <String HEIGHT="81"
                          WIDTH="128"
                          VPOS="2114"
                          HPOS="434"
                          CONTENT="iis"/>
                  <SP HEIGHT="81" WIDTH="18" VPOS="2114" HPOS="562"/>
                  <String HEIGHT="81"
                          WIDTH="146"
                          VPOS="2114"
                          HPOS="507"
                          CONTENT="quae"/>
                  <SP HEIGHT="81" WIDTH="18" VPOS="2114" HPOS="654"/>
                  <String HEIGHT="81"
                          WIDTH="311"
                          VPOS="2114"
                          HPOS="599"
                          CONTENT="praeposuimus,"/>
                  <SP HEIGHT="81" WIDTH="18" VPOS="2114" HPOS="910"/>
                  <String HEIGHT="81"
                          WIDTH="146"
                          VPOS="2114"
                          HPOS="855"
                          CONTENT="haec"/>
                  <SP HEIGHT="81" WIDTH="18" VPOS="2114" HPOS="1001"/>
                  <String HEIGHT="81"
                          WIDTH="128"
                          VPOS="2114"
                          HPOS="946"
                          CONTENT="duo"/>
                  <SP HEIGHT="81" WIDTH="18" VPOS="2114" HPOS="1075"/>
                  <String HEIGHT="81"
                          WIDTH="201"
                          VPOS="2114"
                          HPOS="1020"
                          CONTENT="restant"/>
                  <SP HEIGHT="81" WIDTH="18" VPOS="2114" HPOS="1221"/>
                  <String HEIGHT="81"
                          WIDTH="220"
                          VPOS="2114"
                          HPOS="1166"
                          CONTENT="deinceps"/>
                  <SP HEIGHT="81" WIDTH="18" VPOS="2114" HPOS="1386"/>
                  <String HEIGHT="81"
                          WIDTH="220"
                          VPOS="2114"
                          HPOS="1331"
                          CONTENT="dicenda,"/>
                  <SP HEIGHT="81" WIDTH="18" VPOS="2114" HPOS="1550"/>
                  <String HEIGHT="81"
                          WIDTH="146"
                          VPOS="2114"
                          HPOS="1495"
                          CONTENT="vter"/>
                  <SP HEIGHT="81" WIDTH="18" VPOS="2114" HPOS="1642"/>
                  <String HEIGHT="81"
                          WIDTH="220"
                          VPOS="2114"
                          HPOS="1587"
                          CONTENT="iniuriam"/>
                  <SP HEIGHT="81" WIDTH="18" VPOS="2114" HPOS="1807"/>
                  <String HEIGHT="81"
                          WIDTH="165"
                          VPOS="2114"
                          HPOS="1733"
                          CONTENT="faciat,"/>
               </TextLine>
               <TextLine ID="r1l40"
                         BASELINE="233,2240 314,2240 396,2238 478,2238 560,2237 641,2237 723,2237 805,2235 887,2235 968,2235 1050,2235 1132,2234 1214,2234 1295,2234 1377,2234 1459,2234 1541,2234 1622,2234 1704,2234 1786,2234 1868,2234"
                         HEIGHT="65"
                         WIDTH="1655"
                         VPOS="2193"
                         HPOS="223">
                  <String HEIGHT="65"
                          WIDTH="149"
                          VPOS="2193"
                          HPOS="206"
                          CONTENT="vtrum"/>
                  <SP HEIGHT="65" WIDTH="17" VPOS="2193" HPOS="355"/>
                  <String HEIGHT="65" WIDTH="99" VPOS="2193" HPOS="306" CONTENT="is"/>
                  <SP HEIGHT="65" WIDTH="17" VPOS="2193" HPOS="405"/>
                  <String HEIGHT="65"
                          WIDTH="116"
                          VPOS="2193"
                          HPOS="355"
                          CONTENT="qui"/>
                  <SP HEIGHT="65" WIDTH="17" VPOS="2193" HPOS="471"/>
                  <String HEIGHT="65"
                          WIDTH="132"
                          VPOS="2193"
                          HPOS="422"
                          CONTENT="plus"/>
                  <SP HEIGHT="65" WIDTH="17" VPOS="2193" HPOS="554"/>
                  <String HEIGHT="65"
                          WIDTH="182"
                          VPOS="2193"
                          HPOS="504"
                          CONTENT="praeter"/>
                  <SP HEIGHT="65" WIDTH="17" VPOS="2193" HPOS="686"/>
                  <String HEIGHT="65"
                          WIDTH="232"
                          VPOS="2193"
                          HPOS="637"
                          CONTENT="dignitatem"/>
                  <SP HEIGHT="65" WIDTH="17" VPOS="2193" HPOS="868"/>
                  <String HEIGHT="65"
                          WIDTH="199"
                          VPOS="2193"
                          HPOS="819"
                          CONTENT="tribuit,"/>
                  <SP HEIGHT="65" WIDTH="17" VPOS="2193" HPOS="1017"/>
                  <String HEIGHT="65" WIDTH="99" VPOS="2193" HPOS="968" CONTENT="an"/>
                  <SP HEIGHT="65" WIDTH="17" VPOS="2193" HPOS="1067"/>
                  <String HEIGHT="65" WIDTH="99" VPOS="2193" HPOS="1017" CONTENT="is"/>
                  <SP HEIGHT="65" WIDTH="17" VPOS="2193" HPOS="1117"/>
                  <String HEIGHT="65"
                          WIDTH="116"
                          VPOS="2193"
                          HPOS="1067"
                          CONTENT="qui"/>
                  <SP HEIGHT="65" WIDTH="17" VPOS="2193" HPOS="1183"/>
                  <String HEIGHT="65"
                          WIDTH="149"
                          VPOS="2193"
                          HPOS="1133"
                          CONTENT="illud"/>
                  <SP HEIGHT="65" WIDTH="17" VPOS="2193" HPOS="1282"/>
                  <String HEIGHT="65"
                          WIDTH="166"
                          VPOS="2193"
                          HPOS="1233"
                          CONTENT="habet:"/>
                  <SP HEIGHT="65" WIDTH="17" VPOS="2193" HPOS="1398"/>
                  <String HEIGHT="65" WIDTH="99" VPOS="2193" HPOS="1348" CONTENT="Et"/>
                  <SP HEIGHT="65" WIDTH="17" VPOS="2193" HPOS="1448"/>
                  <String HEIGHT="65" WIDTH="99" VPOS="2193" HPOS="1398" CONTENT="si"/>
                  <SP HEIGHT="65" WIDTH="17" VPOS="2193" HPOS="1497"/>
                  <String HEIGHT="65"
                          WIDTH="149"
                          VPOS="2193"
                          HPOS="1448"
                          CONTENT="fieri"/>
                  <SP HEIGHT="65" WIDTH="17" VPOS="2193" HPOS="1597"/>
                  <String HEIGHT="65"
                          WIDTH="166"
                          VPOS="2193"
                          HPOS="1547"
                          CONTENT="possit"/>
                  <SP HEIGHT="65" WIDTH="17" VPOS="2193" HPOS="1713"/>
                  <String HEIGHT="65" WIDTH="99" VPOS="2193" HPOS="1663" CONTENT="vt"/>
                  <SP HEIGHT="65" WIDTH="17" VPOS="2193" HPOS="1762"/>
                  <String HEIGHT="65"
                          WIDTH="132"
                          VPOS="2193"
                          HPOS="1713"
                          CONTENT="sibi"/>
                  <SP HEIGHT="65" WIDTH="17" VPOS="2193" HPOS="1845"/>
                  <String HEIGHT="65"
                          WIDTH="99"
                          VPOS="2193"
                          HPOS="1779"
                          CONTENT="ipsi"/>
               </TextLine>
               <TextLine ID="r1l42"
                         BASELINE="224,2295 306,2295 389,2295 471,2294 554,2294 636,2294 719,2292 801,2292 884,2292 966,2291 1049,2291 1131,2291 1214,2289 1296,2289 1379,2289 1461,2289 1544,2288 1626,2288 1709,2288 1791,2288 1874,2288"
                         HEIGHT="67"
                         WIDTH="1670"
                         VPOS="2248"
                         HPOS="214">
                  <String HEIGHT="67"
                          WIDTH="218"
                          VPOS="2248"
                          HPOS="196"
                          CONTENT="quispiam"/>
                  <SP HEIGHT="67" WIDTH="18" VPOS="2248" HPOS="414"/>
                  <String HEIGHT="67"
                          WIDTH="218"
                          VPOS="2248"
                          HPOS="359"
                          CONTENT="iniuriam"/>
                  <SP HEIGHT="67" WIDTH="18" VPOS="2248" HPOS="577"/>
                  <String HEIGHT="67"
                          WIDTH="200"
                          VPOS="2248"
                          HPOS="523"
                          CONTENT="faciat."/>
                  <SP HEIGHT="67" WIDTH="18" VPOS="2248" HPOS="722"/>
                  <String HEIGHT="67"
                          WIDTH="182"
                          VPOS="2248"
                          HPOS="668"
                          CONTENT="Etenim"/>
                  <SP HEIGHT="67" WIDTH="18" VPOS="2248" HPOS="849"/>
                  <String HEIGHT="67" WIDTH="109" VPOS="2248" HPOS="795" CONTENT="si"/>
                  <SP HEIGHT="67" WIDTH="18" VPOS="2248" HPOS="904"/>
                  <String HEIGHT="67"
                          WIDTH="127"
                          VPOS="2248"
                          HPOS="849"
                          CONTENT="sit"/>
                  <SP HEIGHT="67" WIDTH="18" VPOS="2248" HPOS="976"/>
                  <String HEIGHT="67"
                          WIDTH="163"
                          VPOS="2248"
                          HPOS="922"
                          CONTENT="illud"/>
                  <SP HEIGHT="67" WIDTH="18" VPOS="2248" HPOS="1085"/>
                  <String HEIGHT="67"
                          WIDTH="145"
                          VPOS="2248"
                          HPOS="1031"
                          CONTENT="quod"/>
                  <SP HEIGHT="67" WIDTH="18" VPOS="2248" HPOS="1176"/>
                  <String HEIGHT="67"
                          WIDTH="163"
                          VPOS="2248"
                          HPOS="1122"
                          CONTENT="prius"/>
                  <SP HEIGHT="67" WIDTH="18" VPOS="2248" HPOS="1285"/>
                  <String HEIGHT="67"
                          WIDTH="127"
                          VPOS="2248"
                          HPOS="1231"
                          CONTENT="est"/>
                  <SP HEIGHT="67" WIDTH="18" VPOS="2248" HPOS="1358"/>
                  <String HEIGHT="67"
                          WIDTH="182"
                          VPOS="2248"
                          HPOS="1303"
                          CONTENT="dictum"/>
                  <SP HEIGHT="67" WIDTH="18" VPOS="2248" HPOS="1485"/>
                  <String HEIGHT="67" WIDTH="91" VPOS="2248" HPOS="1430" CONTENT="&amp;"/>
                  <SP HEIGHT="67" WIDTH="18" VPOS="2248" HPOS="1521"/>
                  <String HEIGHT="67"
                          WIDTH="127"
                          VPOS="2248"
                          HPOS="1467"
                          CONTENT="qui"/>
                  <SP HEIGHT="67" WIDTH="18" VPOS="2248" HPOS="1594"/>
                  <String HEIGHT="67"
                          WIDTH="254"
                          VPOS="2248"
                          HPOS="1539"
                          CONTENT="distribuit"/>
                  <SP HEIGHT="67" WIDTH="18" VPOS="2248" HPOS="1793"/>
                  <String HEIGHT="67"
                          WIDTH="127"
                          VPOS="2248"
                          HPOS="1739"
                          CONTENT="non"/>
                  <SP HEIGHT="67" WIDTH="18" VPOS="2248" HPOS="1866"/>
                  <String HEIGHT="67"
                          WIDTH="91"
                          VPOS="2248"
                          HPOS="1793"
                          CONTENT="qui"/>
               </TextLine>
               <TextLine ID="r1l45"
                         BASELINE="231,2352 312,2351 394,2351 475,2351 557,2349 638,2349 720,2349 801,2348 883,2348 964,2348 1046,2348 1128,2346 1209,2346 1291,2346 1372,2346 1454,2346 1535,2345 1617,2345 1698,2345 1780,2345 1862,2345"
                         HEIGHT="76"
                         WIDTH="1651"
                         VPOS="2298"
                         HPOS="221">
                  <String HEIGHT="76"
                          WIDTH="133"
                          VPOS="2298"
                          HPOS="204"
                          CONTENT="plus"/>
                  <SP HEIGHT="76" WIDTH="17" VPOS="2298" HPOS="338"/>
                  <String HEIGHT="76"
                          WIDTH="167"
                          VPOS="2298"
                          HPOS="288"
                          CONTENT="habet,"/>
                  <SP HEIGHT="76" WIDTH="17" VPOS="2298" HPOS="454"/>
                  <String HEIGHT="76"
                          WIDTH="200"
                          VPOS="2298"
                          HPOS="404"
                          CONTENT="iniuriam"/>
                  <SP HEIGHT="76" WIDTH="17" VPOS="2298" HPOS="605"/>
                  <String HEIGHT="76"
                          WIDTH="167"
                          VPOS="2298"
                          HPOS="555"
                          CONTENT="faciat"/>
                  <SP HEIGHT="76" WIDTH="17" VPOS="2298" HPOS="721"/>
                  <String HEIGHT="76" WIDTH="100" VPOS="2298" HPOS="671" CONTENT="si"/>
                  <SP HEIGHT="76" WIDTH="17" VPOS="2298" HPOS="771"/>
                  <String HEIGHT="76"
                          WIDTH="200"
                          VPOS="2298"
                          HPOS="721"
                          CONTENT="quispiam"/>
                  <SP HEIGHT="76" WIDTH="17" VPOS="2298" HPOS="921"/>
                  <String HEIGHT="76"
                          WIDTH="133"
                          VPOS="2298"
                          HPOS="871"
                          CONTENT="plus"/>
                  <SP HEIGHT="76" WIDTH="17" VPOS="2298" HPOS="1005"/>
                  <String HEIGHT="76"
                          WIDTH="150"
                          VPOS="2298"
                          HPOS="955"
                          CONTENT="alii,"/>
                  <SP HEIGHT="76" WIDTH="17" VPOS="2298" HPOS="1105"/>
                  <String HEIGHT="76"
                          WIDTH="133"
                          VPOS="2298"
                          HPOS="1055"
                          CONTENT="quam"/>
                  <SP HEIGHT="76" WIDTH="17" VPOS="2298" HPOS="1188"/>
                  <String HEIGHT="76"
                          WIDTH="133"
                          VPOS="2298"
                          HPOS="1138"
                          CONTENT="sibi"/>
                  <SP HEIGHT="76" WIDTH="17" VPOS="2298" HPOS="1272"/>
                  <String HEIGHT="76"
                          WIDTH="183"
                          VPOS="2298"
                          HPOS="1222"
                          CONTENT="tribuat"/>
                  <SP HEIGHT="76" WIDTH="17" VPOS="2298" HPOS="1405"/>
                  <String HEIGHT="76"
                          WIDTH="183"
                          VPOS="2298"
                          HPOS="1355"
                          CONTENT="sciens,"/>
                  <SP HEIGHT="76" WIDTH="17" VPOS="2298" HPOS="1538"/>
                  <String HEIGHT="76"
                          WIDTH="233"
                          VPOS="2298"
                          HPOS="1488"
                          CONTENT="sponteque,"/>
                  <SP HEIGHT="76" WIDTH="17" VPOS="2298" HPOS="1722"/>
                  <String HEIGHT="76"
                          WIDTH="133"
                          VPOS="2298"
                          HPOS="1672"
                          CONTENT="quod"/>
                  <SP HEIGHT="76" WIDTH="17" VPOS="2298" HPOS="1805"/>
                  <String HEIGHT="76"
                          WIDTH="133"
                          VPOS="2298"
                          HPOS="1739"
                          CONTENT="quidem"/>
               </TextLine>
               <TextLine ID="r1l47"
                         BASELINE="224,2406 305,2406 387,2406 468,2406 550,2406 631,2405 713,2405 794,2405 876,2404 957,2403 1039,2403 1120,2402 1202,2402 1283,2402 1365,2402 1446,2400 1528,2400 1609,2400 1691,2402 1772,2402 1854,2402"
                         HEIGHT="77"
                         WIDTH="1651"
                         VPOS="2353"
                         HPOS="214">
                  <String HEIGHT="77"
                          WIDTH="223"
                          VPOS="2353"
                          HPOS="195"
                          CONTENT="moderati"/>
                  <SP HEIGHT="77" WIDTH="19" VPOS="2353" HPOS="418"/>
                  <String HEIGHT="77"
                          WIDTH="204"
                          VPOS="2353"
                          HPOS="362"
                          CONTENT="homines"/>
                  <SP HEIGHT="77" WIDTH="19" VPOS="2353" HPOS="566"/>
                  <String HEIGHT="77"
                          WIDTH="186"
                          VPOS="2353"
                          HPOS="511"
                          CONTENT="facere"/>
                  <SP HEIGHT="77" WIDTH="19" VPOS="2353" HPOS="696"/>
                  <String HEIGHT="77"
                          WIDTH="223"
                          VPOS="2353"
                          HPOS="641"
                          CONTENT="videntur"/>
                  <SP HEIGHT="77" WIDTH="19" VPOS="2353" HPOS="863"/>
                  <String HEIGHT="77"
                          WIDTH="186"
                          VPOS="2353"
                          HPOS="808"
                          CONTENT="(bonus"/>
                  <SP HEIGHT="77" WIDTH="19" VPOS="2353" HPOS="993"/>
                  <String HEIGHT="77"
                          WIDTH="148"
                          VPOS="2353"
                          HPOS="937"
                          CONTENT="enim"/>
                  <SP HEIGHT="77" WIDTH="19" VPOS="2353" HPOS="1086"/>
                  <String HEIGHT="77" WIDTH="93" VPOS="2353" HPOS="1030" CONTENT="&amp;"/>
                  <SP HEIGHT="77" WIDTH="19" VPOS="2353" HPOS="1123"/>
                  <String HEIGHT="77"
                          WIDTH="204"
                          VPOS="2353"
                          HPOS="1067"
                          CONTENT="aequus,"/>
                  <SP HEIGHT="77" WIDTH="19" VPOS="2353" HPOS="1271"/>
                  <String HEIGHT="77"
                          WIDTH="186"
                          VPOS="2353"
                          HPOS="1216"
                          CONTENT="minora"/>
                  <SP HEIGHT="77" WIDTH="19" VPOS="2353" HPOS="1401"/>
                  <String HEIGHT="77"
                          WIDTH="148"
                          VPOS="2353"
                          HPOS="1346"
                          CONTENT="sibi"/>
                  <SP HEIGHT="77" WIDTH="19" VPOS="2353" HPOS="1494"/>
                  <String HEIGHT="77"
                          WIDTH="223"
                          VPOS="2353"
                          HPOS="1438"
                          CONTENT="tribuere"/>
                  <SP HEIGHT="77" WIDTH="19" VPOS="2353" HPOS="1661"/>
                  <String HEIGHT="77"
                          WIDTH="186"
                          VPOS="2353"
                          HPOS="1605"
                          CONTENT="solet)"/>
                  <SP HEIGHT="77" WIDTH="19" VPOS="2353" HPOS="1791"/>
                  <String HEIGHT="77"
                          WIDTH="111"
                          VPOS="2353"
                          HPOS="1735"
                          CONTENT="is"/>
                  <SP HEIGHT="77" WIDTH="19" VPOS="2353" HPOS="1846"/>
                  <String HEIGHT="77"
                          WIDTH="93"
                          VPOS="2353"
                          HPOS="1772"
                          CONTENT="pro"/>
               </TextLine>
               <TextLine ID="r1l48"
                         BASELINE="212,2462 295,2463 378,2463 461,2463 544,2462 627,2462 710,2462 793,2461 876,2460 959,2460 1042,2459 1125,2459 1208,2459 1291,2457 1374,2457 1457,2457 1540,2457 1623,2456 1706,2456 1789,2456 1872,2457"
                         HEIGHT="73"
                         WIDTH="1681"
                         VPOS="2409"
                         HPOS="202">
                  <String HEIGHT="73"
                          WIDTH="154"
                          VPOS="2409"
                          HPOS="185"
                          CONTENT="fecto"/>
                  <SP HEIGHT="73" WIDTH="17" VPOS="2409" HPOS="339"/>
                  <String HEIGHT="73"
                          WIDTH="137"
                          VPOS="2409"
                          HPOS="288"
                          CONTENT="sibi"/>
                  <SP HEIGHT="73" WIDTH="17" VPOS="2409" HPOS="425"/>
                  <String HEIGHT="73"
                          WIDTH="137"
                          VPOS="2409"
                          HPOS="374"
                          CONTENT="ipsi"/>
                  <SP HEIGHT="73" WIDTH="17" VPOS="2409" HPOS="511"/>
                  <String HEIGHT="73"
                          WIDTH="206"
                          VPOS="2409"
                          HPOS="459"
                          CONTENT="iniuriam"/>
                  <SP HEIGHT="73" WIDTH="17" VPOS="2409" HPOS="665"/>
                  <String HEIGHT="73"
                          WIDTH="172"
                          VPOS="2409"
                          HPOS="614"
                          CONTENT="facit."/>
                  <SP HEIGHT="73" WIDTH="17" VPOS="2409" HPOS="785"/>
                  <String HEIGHT="73" WIDTH="103" VPOS="2409" HPOS="734" CONTENT="An"/>
                  <SP HEIGHT="73" WIDTH="17" VPOS="2409" HPOS="837"/>
                  <String HEIGHT="73"
                          WIDTH="154"
                          VPOS="2409"
                          HPOS="785"
                          CONTENT="neque"/>
                  <SP HEIGHT="73" WIDTH="17" VPOS="2409" HPOS="940"/>
                  <String HEIGHT="73"
                          WIDTH="120"
                          VPOS="2409"
                          HPOS="888"
                          CONTENT="hoc"/>
                  <SP HEIGHT="73" WIDTH="17" VPOS="2409" HPOS="1008"/>
                  <String HEIGHT="73"
                          WIDTH="189"
                          VPOS="2409"
                          HPOS="957"
                          CONTENT="simplex"/>
                  <SP HEIGHT="73" WIDTH="17" VPOS="2409" HPOS="1145"/>
                  <String HEIGHT="73"
                          WIDTH="137"
                          VPOS="2409"
                          HPOS="1094"
                          CONTENT="est:"/>
                  <SP HEIGHT="73" WIDTH="17" VPOS="2409" HPOS="1231"/>
                  <String HEIGHT="73"
                          WIDTH="103"
                          VPOS="2409"
                          HPOS="1180"
                          CONTENT="Ex"/>
                  <SP HEIGHT="73" WIDTH="17" VPOS="2409" HPOS="1283"/>
                  <String HEIGHT="73"
                          WIDTH="137"
                          VPOS="2409"
                          HPOS="1231"
                          CONTENT="alio"/>
                  <SP HEIGHT="73" WIDTH="17" VPOS="2409" HPOS="1368"/>
                  <String HEIGHT="73"
                          WIDTH="172"
                          VPOS="2409"
                          HPOS="1317"
                          CONTENT="nanque"/>
                  <SP HEIGHT="73" WIDTH="17" VPOS="2409" HPOS="1488"/>
                  <String HEIGHT="73"
                          WIDTH="137"
                          VPOS="2409"
                          HPOS="1437"
                          CONTENT="bono"/>
                  <SP HEIGHT="73" WIDTH="17" VPOS="2409" HPOS="1574"/>
                  <String HEIGHT="73"
                          WIDTH="137"
                          VPOS="2409"
                          HPOS="1523"
                          CONTENT="plus"/>
                  <SP HEIGHT="73" WIDTH="17" VPOS="2409" HPOS="1660"/>
                  <String HEIGHT="73"
                          WIDTH="154"
                          VPOS="2409"
                          HPOS="1609"
                          CONTENT="forte"/>
                  <SP HEIGHT="73" WIDTH="17" VPOS="2409" HPOS="1763"/>
                  <String HEIGHT="73"
                          WIDTH="189"
                          VPOS="2409"
                          HPOS="1694"
                          CONTENT="consequi¬"
                          SUBS_TYPE="HypPart1"
                          SUBS_CONTENT="consequitur,"/>
                  <HYP CONTENT="-"/>
               </TextLine>
               <TextLine ID="r1l49"
                         BASELINE="219,2520 301,2520 384,2519 467,2519 550,2519 633,2519 716,2517 799,2517 882,2517 965,2517 1048,2516 1130,2516 1213,2516 1296,2516 1379,2514 1462,2514 1545,2513 1628,2513 1711,2513 1794,2511 1877,2511"
                         HEIGHT="65"
                         WIDTH="1679"
                         VPOS="2469"
                         HPOS="209">
                  <String HEIGHT="65"
                          WIDTH="148"
                          VPOS="2469"
                          HPOS="191"
                          CONTENT="tur,"
                          SUBS_TYPE="HypPart2"
                          SUBS_CONTENT="consequitur,"/>
                  <SP HEIGHT="65" WIDTH="18" VPOS="2469" HPOS="338"/>
                  <String HEIGHT="65" WIDTH="111" VPOS="2469" HPOS="283" CONTENT="vt"/>
                  <SP HEIGHT="65" WIDTH="18" VPOS="2469" HPOS="394"/>
                  <String HEIGHT="65"
                          WIDTH="221"
                          VPOS="2469"
                          HPOS="338"
                          CONTENT="gloriam,"/>
                  <SP HEIGHT="65" WIDTH="18" VPOS="2469" HPOS="560"/>
                  <String HEIGHT="65"
                          WIDTH="129"
                          VPOS="2469"
                          HPOS="504"
                          CONTENT="aut"/>
                  <SP HEIGHT="65" WIDTH="18" VPOS="2469" HPOS="633"/>
                  <String HEIGHT="65"
                          WIDTH="221"
                          VPOS="2469"
                          HPOS="578"
                          CONTENT="absolute"/>
                  <SP HEIGHT="65" WIDTH="18" VPOS="2469" HPOS="799"/>
                  <String HEIGHT="65"
                          WIDTH="240"
                          VPOS="2469"
                          HPOS="744"
                          CONTENT="honestum."/>
                  <SP HEIGHT="65" WIDTH="18" VPOS="2469" HPOS="984"/>
                  <String HEIGHT="65"
                          WIDTH="221"
                          VPOS="2469"
                          HPOS="929"
                          CONTENT="Soluitur"/>
                  <SP HEIGHT="65" WIDTH="18" VPOS="2469" HPOS="1150"/>
                  <String HEIGHT="65"
                          WIDTH="240"
                          VPOS="2469"
                          HPOS="1095"
                          CONTENT="praeterea"/>
                  <SP HEIGHT="65" WIDTH="18" VPOS="2469" HPOS="1334"/>
                  <String HEIGHT="65" WIDTH="92" VPOS="2469" HPOS="1279" CONTENT="&amp;"/>
                  <SP HEIGHT="65" WIDTH="18" VPOS="2469" HPOS="1371"/>
                  <String HEIGHT="65"
                          WIDTH="129"
                          VPOS="2469"
                          HPOS="1316"
                          CONTENT="per"/>
                  <SP HEIGHT="65" WIDTH="18" VPOS="2469" HPOS="1445"/>
                  <String HEIGHT="65"
                          WIDTH="314"
                          VPOS="2469"
                          HPOS="1390"
                          CONTENT="diffinitionem"/>
                  <SP HEIGHT="65" WIDTH="18" VPOS="2469" HPOS="1703"/>
                  <String HEIGHT="65"
                          WIDTH="185"
                          VPOS="2469"
                          HPOS="1648"
                          CONTENT="agendi"/>
                  <SP HEIGHT="65" WIDTH="18" VPOS="2469" HPOS="1833"/>
                  <String HEIGHT="65"
                          WIDTH="129"
                          VPOS="2469"
                          HPOS="1759"
                          CONTENT="iniu¬"
                          SUBS_TYPE="HypPart1"
                          SUBS_CONTENT="iniutiam,"/>
                  <HYP CONTENT="-"/>
               </TextLine>
               <TextLine ID="r1l50"
                         BASELINE="219,2574 301,2574 384,2574 466,2574 549,2574 632,2573 714,2573 797,2573 879,2573 962,2571 1045,2571 1127,2571 1210,2570 1292,2570 1375,2570 1458,2570 1540,2570 1623,2569 1705,2568 1788,2568 1871,2568"
                         HEIGHT="68"
                         WIDTH="1672"
                         VPOS="2527"
                         HPOS="209">
                  <String HEIGHT="68"
                          WIDTH="171"
                          VPOS="2527"
                          HPOS="190"
                          CONTENT="tiam,"
                          SUBS_TYPE="HypPart2"
                          SUBS_CONTENT="iniutiam,"/>
                  <SP HEIGHT="68" WIDTH="19" VPOS="2527" HPOS="361"/>
                  <String HEIGHT="68"
                          WIDTH="171"
                          VPOS="2527"
                          HPOS="304"
                          CONTENT="nihil"/>
                  <SP HEIGHT="68" WIDTH="19" VPOS="2527" HPOS="475"/>
                  <String HEIGHT="68"
                          WIDTH="152"
                          VPOS="2527"
                          HPOS="418"
                          CONTENT="enim"/>
                  <SP HEIGHT="68" WIDTH="19" VPOS="2527" HPOS="570"/>
                  <String HEIGHT="68"
                          WIDTH="152"
                          VPOS="2527"
                          HPOS="513"
                          CONTENT="ipse"/>
                  <SP HEIGHT="68" WIDTH="19" VPOS="2527" HPOS="665"/>
                  <String HEIGHT="68"
                          WIDTH="209"
                          VPOS="2527"
                          HPOS="608"
                          CONTENT="praeter"/>
                  <SP HEIGHT="68" WIDTH="19" VPOS="2527" HPOS="817"/>
                  <String HEIGHT="68"
                          WIDTH="152"
                          VPOS="2527"
                          HPOS="760"
                          CONTENT="suam"/>
                  <SP HEIGHT="68" WIDTH="19" VPOS="2527" HPOS="912"/>
                  <String HEIGHT="68"
                          WIDTH="209"
                          VPOS="2527"
                          HPOS="855"
                          CONTENT="patitur"/>
                  <SP HEIGHT="68" WIDTH="19" VPOS="2527" HPOS="1064"/>
                  <String HEIGHT="68"
                          WIDTH="285"
                          VPOS="2527"
                          HPOS="1007"
                          CONTENT="voluntatem."/>
                  <SP HEIGHT="68" WIDTH="19" VPOS="2527" HPOS="1292"/>
                  <String HEIGHT="68"
                          WIDTH="171"
                          VPOS="2527"
                          HPOS="1235"
                          CONTENT="Quare"/>
                  <SP HEIGHT="68" WIDTH="19" VPOS="2527" HPOS="1406"/>
                  <String HEIGHT="68"
                          WIDTH="133"
                          VPOS="2527"
                          HPOS="1349"
                          CONTENT="non"/>
                  <SP HEIGHT="68" WIDTH="19" VPOS="2527" HPOS="1482"/>
                  <String HEIGHT="68"
                          WIDTH="228"
                          VPOS="2527"
                          HPOS="1425"
                          CONTENT="iniuriam"/>
                  <SP HEIGHT="68" WIDTH="19" VPOS="2527" HPOS="1653"/>
                  <String HEIGHT="68"
                          WIDTH="209"
                          VPOS="2527"
                          HPOS="1596"
                          CONTENT="patitur"/>
                  <SP HEIGHT="68" WIDTH="19" VPOS="2527" HPOS="1805"/>
                  <String HEIGHT="68"
                          WIDTH="114"
                          VPOS="2527"
                          HPOS="1748"
                          CONTENT="ob"/>
                  <SP HEIGHT="68" WIDTH="19" VPOS="2527" HPOS="1862"/>
                  <String HEIGHT="68"
                          WIDTH="95"
                          VPOS="2527"
                          HPOS="1786"
                          CONTENT="id¬"
                          SUBS_TYPE="HypPart1"
                          SUBS_CONTENT="idipsum,"/>
                  <HYP CONTENT="-"/>
               </TextLine>
               <TextLine ID="r1l51"
                         BASELINE="224,2630 306,2631 388,2631 470,2631 553,2631 635,2631 717,2630 799,2630 882,2630 964,2628 1046,2628 1128,2627 1211,2627 1293,2627 1375,2625 1457,2625 1540,2625 1622,2625 1704,2624 1786,2625 1869,2625"
                         HEIGHT="59"
                         WIDTH="1666"
                         VPOS="2586"
                         HPOS="213">
                  <String HEIGHT="59"
                          WIDTH="175"
                          VPOS="2586"
                          HPOS="195"
                          CONTENT="ipsum,"
                          SUBS_TYPE="HypPart2"
                          SUBS_CONTENT="idipsum,"/>
                  <SP HEIGHT="59" WIDTH="18" VPOS="2586" HPOS="371"/>
                  <String HEIGHT="59"
                          WIDTH="123"
                          VPOS="2586"
                          HPOS="318"
                          CONTENT="sed"/>
                  <SP HEIGHT="59" WIDTH="18" VPOS="2586" HPOS="441"/>
                  <String HEIGHT="59" WIDTH="105" VPOS="2586" HPOS="388" CONTENT="si"/>
                  <SP HEIGHT="59" WIDTH="18" VPOS="2586" HPOS="494"/>
                  <String HEIGHT="59"
                          WIDTH="158"
                          VPOS="2586"
                          HPOS="441"
                          CONTENT="minus"/>
                  <SP HEIGHT="59" WIDTH="18" VPOS="2586" HPOS="599"/>
                  <String HEIGHT="59"
                          WIDTH="175"
                          VPOS="2586"
                          HPOS="546"
                          CONTENT="capit,"/>
                  <SP HEIGHT="59" WIDTH="18" VPOS="2586" HPOS="722"/>
                  <String HEIGHT="59"
                          WIDTH="210"
                          VPOS="2586"
                          HPOS="669"
                          CONTENT="laeditur"/>
                  <SP HEIGHT="59" WIDTH="18" VPOS="2586" HPOS="879"/>
                  <String HEIGHT="59"
                          WIDTH="193"
                          VPOS="2586"
                          HPOS="827"
                          CONTENT="tantum."/>
                  <SP HEIGHT="59" WIDTH="18" VPOS="2586" HPOS="1020"/>
                  <String HEIGHT="59"
                          WIDTH="158"
                          VPOS="2586"
                          HPOS="967"
                          CONTENT="Patet"/>
                  <SP HEIGHT="59" WIDTH="18" VPOS="2586" HPOS="1125"/>
                  <String HEIGHT="59"
                          WIDTH="158"
                          VPOS="2586"
                          HPOS="1072"
                          CONTENT="autem"/>
                  <SP HEIGHT="59" WIDTH="18" VPOS="2586" HPOS="1230"/>
                  <String HEIGHT="59" WIDTH="88" VPOS="2586" HPOS="1178" CONTENT="&amp;"/>
                  <SP HEIGHT="59" WIDTH="18" VPOS="2586" HPOS="1265"/>
                  <String HEIGHT="59"
                          WIDTH="298"
                          VPOS="2586"
                          HPOS="1213"
                          CONTENT="distribuentem"/>
                  <SP HEIGHT="59" WIDTH="18" VPOS="2586" HPOS="1511"/>
                  <String HEIGHT="59"
                          WIDTH="210"
                          VPOS="2586"
                          HPOS="1458"
                          CONTENT="iniuriam"/>
                  <SP HEIGHT="59" WIDTH="18" VPOS="2586" HPOS="1669"/>
                  <String HEIGHT="59"
                          WIDTH="175"
                          VPOS="2586"
                          HPOS="1616"
                          CONTENT="agere,"/>
                  <SP HEIGHT="59" WIDTH="18" VPOS="2586" HPOS="1791"/>
                  <String HEIGHT="59"
                          WIDTH="123"
                          VPOS="2586"
                          HPOS="1739"
                          CONTENT="sed"/>
                  <SP HEIGHT="59" WIDTH="18" VPOS="2586" HPOS="1861"/>
                  <String HEIGHT="59"
                          WIDTH="88"
                          VPOS="2586"
                          HPOS="1791"
                          CONTENT="non"/>
               </TextLine>
               <TextLine ID="r1l52"
                         BASELINE="225,2685 307,2685 389,2687 471,2687 554,2687 636,2687 718,2687 801,2687 883,2685 965,2685 1048,2685 1130,2684 1212,2684 1294,2682 1377,2682 1459,2682 1541,2681 1624,2681 1706,2681 1788,2680 1871,2679"
                         HEIGHT="70"
                         WIDTH="1666"
                         VPOS="2631"
                         HPOS="215">
                  <String HEIGHT="70"
                          WIDTH="130"
                          VPOS="2631"
                          HPOS="196"
                          CONTENT="eum"/>
                  <SP HEIGHT="70" WIDTH="19" VPOS="2631" HPOS="326"/>
                  <String HEIGHT="70"
                          WIDTH="185"
                          VPOS="2631"
                          HPOS="271"
                          CONTENT="semper"/>
                  <SP HEIGHT="70" WIDTH="19" VPOS="2631" HPOS="456"/>
                  <String HEIGHT="70"
                          WIDTH="130"
                          VPOS="2631"
                          HPOS="400"
                          CONTENT="qui"/>
                  <SP HEIGHT="70" WIDTH="19" VPOS="2631" HPOS="530"/>
                  <String HEIGHT="70"
                          WIDTH="148"
                          VPOS="2631"
                          HPOS="474"
                          CONTENT="plus"/>
                  <SP HEIGHT="70" WIDTH="19" VPOS="2631" HPOS="622"/>
                  <String HEIGHT="70"
                          WIDTH="185"
                          VPOS="2631"
                          HPOS="567"
                          CONTENT="habet."/>
                  <SP HEIGHT="70" WIDTH="19" VPOS="2631" HPOS="752"/>
                  <String HEIGHT="70"
                          WIDTH="130"
                          VPOS="2631"
                          HPOS="696"
                          CONTENT="Non"/>
                  <SP HEIGHT="70" WIDTH="19" VPOS="2631" HPOS="826"/>
                  <String HEIGHT="70"
                          WIDTH="148"
                          VPOS="2631"
                          HPOS="770"
                          CONTENT="enim"/>
                  <SP HEIGHT="70" WIDTH="19" VPOS="2631" HPOS="918"/>
                  <String HEIGHT="70" WIDTH="111" VPOS="2631" HPOS="863" CONTENT="is"/>
                  <SP HEIGHT="70" WIDTH="19" VPOS="2631" HPOS="974"/>
                  <String HEIGHT="70"
                          WIDTH="222"
                          VPOS="2631"
                          HPOS="918"
                          CONTENT="iniuriam"/>
                  <SP HEIGHT="70" WIDTH="19" VPOS="2631" HPOS="1141"/>
                  <String HEIGHT="70"
                          WIDTH="167"
                          VPOS="2631"
                          HPOS="1085"
                          CONTENT="facit"/>
                  <SP HEIGHT="70" WIDTH="19" VPOS="2631" HPOS="1252"/>
                  <String HEIGHT="70"
                          WIDTH="130"
                          VPOS="2631"
                          HPOS="1196"
                          CONTENT="cui"/>
                  <SP HEIGHT="70" WIDTH="19" VPOS="2631" HPOS="1326"/>
                  <String HEIGHT="70"
                          WIDTH="167"
                          VPOS="2631"
                          HPOS="1270"
                          CONTENT="inest"/>
                  <SP HEIGHT="70" WIDTH="19" VPOS="2631" HPOS="1437"/>
                  <String HEIGHT="70"
                          WIDTH="241"
                          VPOS="2631"
                          HPOS="1381"
                          CONTENT="iniustum,"/>
                  <SP HEIGHT="70" WIDTH="19" VPOS="2631" HPOS="1622"/>
                  <String HEIGHT="70"
                          WIDTH="130"
                          VPOS="2631"
                          HPOS="1566"
                          CONTENT="sed"/>
                  <SP HEIGHT="70" WIDTH="19" VPOS="2631" HPOS="1696"/>
                  <String HEIGHT="70"
                          WIDTH="111"
                          VPOS="2631"
                          HPOS="1640"
                          CONTENT="is"/>
                  <SP HEIGHT="70" WIDTH="19" VPOS="2631" HPOS="1751"/>
                  <String HEIGHT="70"
                          WIDTH="130"
                          VPOS="2631"
                          HPOS="1696"
                          CONTENT="cui"/>
                  <SP HEIGHT="70" WIDTH="19" VPOS="2631" HPOS="1825"/>
                  <String HEIGHT="70"
                          WIDTH="130"
                          VPOS="2631"
                          HPOS="1751"
                          CONTENT="pote¬"
                          SUBS_TYPE="HypPart1"
                          SUBS_CONTENT="potestas"/>
                  <HYP CONTENT="-"/>
               </TextLine>
               <TextLine ID="r1l53"
                         BASELINE="218,2742 305,2742 392,2742 479,2742 567,2742 654,2741 741,2741 829,2741 916,2741 1003,2739 1091,2739 1178,2739 1265,2739 1353,2738 1440,2738 1527,2738 1615,2738 1702,2738 1789,2738 1877,2738"
                         HEIGHT="74"
                         WIDTH="1681"
                         VPOS="2690"
                         HPOS="207">
                  <String HEIGHT="74"
                          WIDTH="146"
                          VPOS="2690"
                          HPOS="189"
                          CONTENT="stas"
                          SUBS_TYPE="HypPart2"
                          SUBS_CONTENT="potestas"/>
                  <SP HEIGHT="74" WIDTH="18" VPOS="2690" HPOS="335"/>
                  <String HEIGHT="74"
                          WIDTH="164"
                          VPOS="2690"
                          HPOS="280"
                          CONTENT="inest"/>
                  <SP HEIGHT="74" WIDTH="18" VPOS="2690" HPOS="445"/>
                  <String HEIGHT="74" WIDTH="110" VPOS="2690" HPOS="390" CONTENT="id"/>
                  <SP HEIGHT="74" WIDTH="18" VPOS="2690" HPOS="499"/>
                  <String HEIGHT="74"
                          WIDTH="219"
                          VPOS="2690"
                          HPOS="445"
                          CONTENT="faciendi"/>
                  <SP HEIGHT="74" WIDTH="18" VPOS="2690" HPOS="664"/>
                  <String HEIGHT="74"
                          WIDTH="201"
                          VPOS="2690"
                          HPOS="609"
                          CONTENT="sponte."/>
                  <SP HEIGHT="74" WIDTH="18" VPOS="2690" HPOS="810"/>
                  <String HEIGHT="74"
                          WIDTH="146"
                          VPOS="2690"
                          HPOS="755"
                          CONTENT="Haec"/>
                  <SP HEIGHT="74" WIDTH="18" VPOS="2690" HPOS="901"/>
                  <String HEIGHT="74"
                          WIDTH="164"
                          VPOS="2690"
                          HPOS="847"
                          CONTENT="autem"/>
                  <SP HEIGHT="74" WIDTH="18" VPOS="2690" HPOS="1011"/>
                  <String HEIGHT="74"
                          WIDTH="128"
                          VPOS="2690"
                          HPOS="956"
                          CONTENT="est"/>
                  <SP HEIGHT="74" WIDTH="18" VPOS="2690" HPOS="1084"/>
                  <String HEIGHT="74"
                          WIDTH="146"
                          VPOS="2690"
                          HPOS="1029"
                          CONTENT="vnde"/>
                  <SP HEIGHT="74" WIDTH="18" VPOS="2690" HPOS="1175"/>
                  <String HEIGHT="74"
                          WIDTH="128"
                          VPOS="2690"
                          HPOS="1121"
                          CONTENT="est"/>
                  <SP HEIGHT="74" WIDTH="18" VPOS="2690" HPOS="1248"/>
                  <String HEIGHT="74"
                          WIDTH="256"
                          VPOS="2690"
                          HPOS="1194"
                          CONTENT="principium"/>
                  <SP HEIGHT="74" WIDTH="18" VPOS="2690" HPOS="1449"/>
                  <String HEIGHT="74"
                          WIDTH="183"
                          VPOS="2690"
                          HPOS="1395"
                          CONTENT="actus."/>
                  <SP HEIGHT="74" WIDTH="18" VPOS="2690" HPOS="1577"/>
                  <String HEIGHT="74"
                          WIDTH="146"
                          VPOS="2690"
                          HPOS="1523"
                          CONTENT="Quod"/>
                  <SP HEIGHT="74" WIDTH="18" VPOS="2690" HPOS="1669"/>
                  <String HEIGHT="74"
                          WIDTH="183"
                          VPOS="2690"
                          HPOS="1614"
                          CONTENT="quidem"/>
                  <SP HEIGHT="74" WIDTH="18" VPOS="2690" HPOS="1797"/>
                  <String HEIGHT="74"
                          WIDTH="110"
                          VPOS="2690"
                          HPOS="1742"
                          CONTENT="in"/>
                  <SP HEIGHT="74" WIDTH="18" VPOS="2690" HPOS="1851"/>
                  <String HEIGHT="74"
                          WIDTH="110"
                          VPOS="2690"
                          HPOS="1778"
                          CONTENT="ipso"/>
               </TextLine>
               <TextLine ID="r1l54"
                         BASELINE="221,2798 304,2799 387,2799 470,2799 553,2799 636,2798 719,2798 802,2798 885,2798 968,2796 1052,2796 1135,2796 1218,2795 1301,2795 1384,2795 1467,2793 1550,2793 1633,2793 1716,2793 1799,2793 1883,2793"
                         HEIGHT="62"
                         WIDTH="1683"
                         VPOS="2750"
                         HPOS="211">
                  <String HEIGHT="62"
                          WIDTH="129"
                          VPOS="2750"
                          HPOS="193"
                          CONTENT="est"/>
                  <SP HEIGHT="62" WIDTH="18" VPOS="2750" HPOS="322"/>
                  <String HEIGHT="62"
                          WIDTH="314"
                          VPOS="2750"
                          HPOS="266"
                          CONTENT="distribuente,"/>
                  <SP HEIGHT="62" WIDTH="18" VPOS="2750" HPOS="581"/>
                  <String HEIGHT="62"
                          WIDTH="129"
                          VPOS="2750"
                          HPOS="525"
                          CONTENT="non"/>
                  <SP HEIGHT="62" WIDTH="18" VPOS="2750" HPOS="655"/>
                  <String HEIGHT="62" WIDTH="111" VPOS="2750" HPOS="599" CONTENT="in"/>
                  <SP HEIGHT="62" WIDTH="18" VPOS="2750" HPOS="710"/>
                  <String HEIGHT="62"
                          WIDTH="277"
                          VPOS="2750"
                          HPOS="655"
                          CONTENT="accipiente."/>
                  <SP HEIGHT="62" WIDTH="18" VPOS="2750" HPOS="932"/>
                  <String HEIGHT="62"
                          WIDTH="240"
                          VPOS="2750"
                          HPOS="877"
                          CONTENT="Praeterea"/>
                  <SP HEIGHT="62" WIDTH="18" VPOS="2750" HPOS="1117"/>
                  <String HEIGHT="62"
                          WIDTH="129"
                          VPOS="2750"
                          HPOS="1062"
                          CONTENT="cum"/>
                  <SP HEIGHT="62" WIDTH="18" VPOS="2750" HPOS="1191"/>
                  <String HEIGHT="62"
                          WIDTH="185"
                          VPOS="2750"
                          HPOS="1136"
                          CONTENT="facere"/>
                  <SP HEIGHT="62" WIDTH="18" VPOS="2750" HPOS="1321"/>
                  <String HEIGHT="62"
                          WIDTH="185"
                          VPOS="2750"
                          HPOS="1265"
                          CONTENT="multis"/>
                  <SP HEIGHT="62" WIDTH="18" VPOS="2750" HPOS="1450"/>
                  <String HEIGHT="62"
                          WIDTH="203"
                          VPOS="2750"
                          HPOS="1395"
                          CONTENT="dicatur"/>
                  <SP HEIGHT="62" WIDTH="18" VPOS="2750" HPOS="1598"/>
                  <String HEIGHT="62"
                          WIDTH="185"
                          VPOS="2750"
                          HPOS="1543"
                          CONTENT="modis,"/>
                  <SP HEIGHT="62" WIDTH="18" VPOS="2750" HPOS="1728"/>
                  <String HEIGHT="62" WIDTH="92" VPOS="2750" HPOS="1672" CONTENT="&amp;"/>
                  <SP HEIGHT="62" WIDTH="18" VPOS="2750" HPOS="1765"/>
                  <String HEIGHT="62"
                          WIDTH="148"
                          VPOS="2750"
                          HPOS="1709"
                          CONTENT="modo"/>
                  <SP HEIGHT="62" WIDTH="18" VPOS="2750" HPOS="1857"/>
                  <String HEIGHT="62"
                          WIDTH="111"
                          VPOS="2750"
                          HPOS="1783"
                          CONTENT="quo¬"
                          SUBS_TYPE="HypPart1"
                          SUBS_CONTENT="quodam"/>
                  <HYP CONTENT="-"/>
               </TextLine>
               <TextLine ID="r1l55"
                         BASELINE="231,2853 313,2853 395,2855 477,2855 559,2855 641,2855 723,2855 805,2855 887,2854 969,2853 1051,2853 1133,2853 1215,2853 1297,2852 1379,2852 1461,2852 1543,2850 1625,2850 1707,2850 1789,2849 1871,2849"
                         HEIGHT="64"
                         WIDTH="1660"
                         VPOS="2802"
                         HPOS="221">
                  <String HEIGHT="64"
                          WIDTH="135"
                          VPOS="2802"
                          HPOS="202"
                          CONTENT="dam"
                          SUBS_TYPE="HypPart2"
                          SUBS_CONTENT="quodam"/>
                  <SP HEIGHT="64" WIDTH="19" VPOS="2802" HPOS="337"/>
                  <String HEIGHT="64"
                          WIDTH="232"
                          VPOS="2802"
                          HPOS="279"
                          CONTENT="expertia"/>
                  <SP HEIGHT="64" WIDTH="19" VPOS="2802" HPOS="511"/>
                  <String HEIGHT="64"
                          WIDTH="212"
                          VPOS="2802"
                          HPOS="453"
                          CONTENT="animae,"/>
                  <SP HEIGHT="64" WIDTH="19" VPOS="2802" HPOS="665"/>
                  <String HEIGHT="64" WIDTH="97" VPOS="2802" HPOS="607" CONTENT="&amp;"/>
                  <SP HEIGHT="64" WIDTH="19" VPOS="2802" HPOS="704"/>
                  <String HEIGHT="64"
                          WIDTH="193"
                          VPOS="2802"
                          HPOS="646"
                          CONTENT="manus,"/>
                  <SP HEIGHT="64" WIDTH="19" VPOS="2802" HPOS="839"/>
                  <String HEIGHT="64" WIDTH="97" VPOS="2802" HPOS="781" CONTENT="&amp;"/>
                  <SP HEIGHT="64" WIDTH="19" VPOS="2802" HPOS="877"/>
                  <String HEIGHT="64"
                          WIDTH="193"
                          VPOS="2802"
                          HPOS="819"
                          CONTENT="seruus"/>
                  <SP HEIGHT="64" WIDTH="19" VPOS="2802" HPOS="1012"/>
                  <String HEIGHT="64"
                          WIDTH="212"
                          VPOS="2802"
                          HPOS="954"
                          CONTENT="occidat"/>
                  <SP HEIGHT="64" WIDTH="19" VPOS="2802" HPOS="1167"/>
                  <String HEIGHT="64"
                          WIDTH="154"
                          VPOS="2802"
                          HPOS="1109"
                          CONTENT="hero"/>
                  <SP HEIGHT="64" WIDTH="19" VPOS="2802" HPOS="1263"/>
                  <String HEIGHT="64"
                          WIDTH="232"
                          VPOS="2802"
                          HPOS="1205"
                          CONTENT="iubente,"/>
                  <SP HEIGHT="64" WIDTH="19" VPOS="2802" HPOS="1437"/>
                  <String HEIGHT="64"
                          WIDTH="232"
                          VPOS="2802"
                          HPOS="1379"
                          CONTENT="iniuriam"/>
                  <SP HEIGHT="64" WIDTH="19" VPOS="2802" HPOS="1611"/>
                  <String HEIGHT="64"
                          WIDTH="193"
                          VPOS="2802"
                          HPOS="1553"
                          CONTENT="quidem"/>
                  <SP HEIGHT="64" WIDTH="19" VPOS="2802" HPOS="1746"/>
                  <String HEIGHT="64"
                          WIDTH="135"
                          VPOS="2802"
                          HPOS="1688"
                          CONTENT="non"/>
                  <SP HEIGHT="64" WIDTH="19" VPOS="2802" HPOS="1823"/>
                  <String HEIGHT="64"
                          WIDTH="135"
                          VPOS="2802"
                          HPOS="1746"
                          CONTENT="egit,"/>
               </TextLine>
               <TextLine ID="r1l56"
                         BASELINE="224,2909 306,2910 389,2910 471,2910 554,2910 637,2910 719,2910 802,2909 885,2909 967,2909 1050,2909 1133,2907 1215,2907 1298,2907 1381,2906 1463,2906 1546,2906 1629,2904 1711,2904 1794,2904 1877,2904"
                         HEIGHT="69"
                         WIDTH="1674"
                         VPOS="2855"
                         HPOS="213">
                  <String HEIGHT="69"
                          WIDTH="196"
                          VPOS="2855"
                          HPOS="195"
                          CONTENT="iniusta"/>
                  <SP HEIGHT="69" WIDTH="18" VPOS="2855" HPOS="391"/>
                  <String HEIGHT="69"
                          WIDTH="160"
                          VPOS="2855"
                          HPOS="338"
                          CONTENT="autem"/>
                  <SP HEIGHT="69" WIDTH="18" VPOS="2855" HPOS="498"/>
                  <String HEIGHT="69"
                          WIDTH="178"
                          VPOS="2855"
                          HPOS="445"
                          CONTENT="facit."/>
                  <SP HEIGHT="69" WIDTH="18" VPOS="2855" HPOS="623"/>
                  <String HEIGHT="69"
                          WIDTH="196"
                          VPOS="2855"
                          HPOS="569"
                          CONTENT="Insuper"/>
                  <SP HEIGHT="69" WIDTH="18" VPOS="2855" HPOS="765"/>
                  <String HEIGHT="69" WIDTH="107" VPOS="2855" HPOS="712" CONTENT="si"/>
                  <SP HEIGHT="69" WIDTH="18" VPOS="2855" HPOS="818"/>
                  <String HEIGHT="69"
                          WIDTH="232"
                          VPOS="2855"
                          HPOS="765"
                          CONTENT="iudicauit"/>
                  <SP HEIGHT="69" WIDTH="18" VPOS="2855" HPOS="997"/>
                  <String HEIGHT="69"
                          WIDTH="232"
                          VPOS="2855"
                          HPOS="943"
                          CONTENT="ignorans,"/>
                  <SP HEIGHT="69" WIDTH="18" VPOS="2855" HPOS="1175"/>
                  <String HEIGHT="69"
                          WIDTH="125"
                          VPOS="2855"
                          HPOS="1121"
                          CONTENT="non"/>
                  <SP HEIGHT="69" WIDTH="18" VPOS="2855" HPOS="1246"/>
                  <String HEIGHT="69"
                          WIDTH="214"
                          VPOS="2855"
                          HPOS="1192"
                          CONTENT="iniuriam"/>
                  <SP HEIGHT="69" WIDTH="18" VPOS="2855" HPOS="1406"/>
                  <String HEIGHT="69"
                          WIDTH="160"
                          VPOS="2855"
                          HPOS="1353"
                          CONTENT="facit"/>
                  <SP HEIGHT="69" WIDTH="18" VPOS="2855" HPOS="1513"/>
                  <String HEIGHT="69"
                          WIDTH="214"
                          VPOS="2855"
                          HPOS="1460"
                          CONTENT="legitimo"/>
                  <SP HEIGHT="69" WIDTH="18" VPOS="2855" HPOS="1673"/>
                  <String HEIGHT="69"
                          WIDTH="178"
                          VPOS="2855"
                          HPOS="1620"
                          CONTENT="iusto:"/>
                  <SP HEIGHT="69" WIDTH="18" VPOS="2855" HPOS="1798"/>
                  <String HEIGHT="69"
                          WIDTH="125"
                          VPOS="2855"
                          HPOS="1745"
                          CONTENT="nec"/>
                  <SP HEIGHT="69" WIDTH="18" VPOS="2855" HPOS="1869"/>
                  <String HEIGHT="69"
                          WIDTH="89"
                          VPOS="2855"
                          HPOS="1798"
                          CONTENT="est"/>
               </TextLine>
               <TextLine ID="r1l57"
                         BASELINE="230,2966 312,2967 394,2967 476,2967 558,2967 640,2967 722,2966 804,2966 886,2966 968,2966 1050,2964 1132,2964 1214,2963 1296,2963 1378,2963 1460,2961 1542,2961 1624,2961 1706,2961 1788,2961 1871,2961"
                         HEIGHT="73"
                         WIDTH="1665"
                         VPOS="2910"
                         HPOS="218">
                  <String HEIGHT="73"
                          WIDTH="241"
                          VPOS="2910"
                          HPOS="198"
                          CONTENT="iniustum"/>
                  <SP HEIGHT="73" WIDTH="20" VPOS="2910" HPOS="439"/>
                  <String HEIGHT="73"
                          WIDTH="261"
                          VPOS="2910"
                          HPOS="378"
                          CONTENT="iudicium,"/>
                  <SP HEIGHT="73" WIDTH="20" VPOS="2910" HPOS="639"/>
                  <String HEIGHT="73"
                          WIDTH="140"
                          VPOS="2910"
                          HPOS="579"
                          CONTENT="est"/>
                  <SP HEIGHT="73" WIDTH="20" VPOS="2910" HPOS="720"/>
                  <String HEIGHT="73"
                          WIDTH="181"
                          VPOS="2910"
                          HPOS="659"
                          CONTENT="tamen"/>
                  <SP HEIGHT="73" WIDTH="20" VPOS="2910" HPOS="840"/>
                  <String HEIGHT="73"
                          WIDTH="201"
                          VPOS="2910"
                          HPOS="780"
                          CONTENT="aliquo"/>
                  <SP HEIGHT="73" WIDTH="20" VPOS="2910" HPOS="980"/>
                  <String HEIGHT="73"
                          WIDTH="160"
                          VPOS="2910"
                          HPOS="920"
                          CONTENT="modo"/>
                  <SP HEIGHT="73" WIDTH="20" VPOS="2910" HPOS="1081"/>
                  <String HEIGHT="73"
                          WIDTH="261"
                          VPOS="2910"
                          HPOS="1020"
                          CONTENT="iniustum."/>
                  <SP HEIGHT="73" WIDTH="20" VPOS="2910" HPOS="1281"/>
                  <String HEIGHT="73"
                          WIDTH="181"
                          VPOS="2910"
                          HPOS="1221"
                          CONTENT="Aliud"/>
                  <SP HEIGHT="73" WIDTH="20" VPOS="2910" HPOS="1402"/>
                  <String HEIGHT="73"
                          WIDTH="160"
                          VPOS="2910"
                          HPOS="1341"
                          CONTENT="enim"/>
                  <SP HEIGHT="73" WIDTH="20" VPOS="2910" HPOS="1502"/>
                  <String HEIGHT="73"
                          WIDTH="140"
                          VPOS="2910"
                          HPOS="1442"
                          CONTENT="est"/>
                  <SP HEIGHT="73" WIDTH="20" VPOS="2910" HPOS="1582"/>
                  <String HEIGHT="73"
                          WIDTH="261"
                          VPOS="2910"
                          HPOS="1522"
                          CONTENT="legitimum"/>
                  <SP HEIGHT="73" WIDTH="20" VPOS="2910" HPOS="1783"/>
                  <String HEIGHT="73"
                          WIDTH="181"
                          VPOS="2910"
                          HPOS="1702"
                          CONTENT="iustum,"/>
               </TextLine>
               <TextLine ID="r1l58"
                         BASELINE="224,3021 306,3021 389,3021 472,3021 555,3021 638,3021 720,3021 803,3021 886,3021 969,3021 1052,3021 1134,3020 1217,3020 1300,3020 1383,3020 1466,3018 1548,3018 1631,3017 1714,3017 1797,3015 1880,3014"
                         HEIGHT="69"
                         WIDTH="1678"
                         VPOS="2977"
                         HPOS="213">
                  <String HEIGHT="69"
                          WIDTH="164"
                          VPOS="2977"
                          HPOS="195"
                          CONTENT="aliud"/>
                  <SP HEIGHT="69" WIDTH="18" VPOS="2977" HPOS="359"/>
                  <String HEIGHT="69"
                          WIDTH="201"
                          VPOS="2977"
                          HPOS="304"
                          CONTENT="primum."/>
                  <SP HEIGHT="69" WIDTH="18" VPOS="2977" HPOS="505"/>
                  <String HEIGHT="69"
                          WIDTH="128"
                          VPOS="2977"
                          HPOS="450"
                          CONTENT="Sin"/>
                  <SP HEIGHT="69" WIDTH="18" VPOS="2977" HPOS="578"/>
                  <String HEIGHT="69"
                          WIDTH="146"
                          VPOS="2977"
                          HPOS="523"
                          CONTENT="vero"/>
                  <SP HEIGHT="69" WIDTH="18" VPOS="2977" HPOS="669"/>
                  <String HEIGHT="69"
                          WIDTH="255"
                          VPOS="2977"
                          HPOS="614"
                          CONTENT="cognoscens"/>
                  <SP HEIGHT="69" WIDTH="18" VPOS="2977" HPOS="870"/>
                  <String HEIGHT="69"
                          WIDTH="237"
                          VPOS="2977"
                          HPOS="815"
                          CONTENT="iudicauit"/>
                  <SP HEIGHT="69" WIDTH="18" VPOS="2977" HPOS="1052"/>
                  <String HEIGHT="69"
                          WIDTH="219"
                          VPOS="2977"
                          HPOS="997"
                          CONTENT="iniuste:"/>
                  <SP HEIGHT="69" WIDTH="18" VPOS="2977" HPOS="1216"/>
                  <String HEIGHT="69"
                          WIDTH="146"
                          VPOS="2977"
                          HPOS="1161"
                          CONTENT="plus"/>
                  <SP HEIGHT="69" WIDTH="18" VPOS="2977" HPOS="1307"/>
                  <String HEIGHT="69"
                          WIDTH="164"
                          VPOS="2977"
                          HPOS="1253"
                          CONTENT="habet"/>
                  <SP HEIGHT="69" WIDTH="18" VPOS="2977" HPOS="1417"/>
                  <String HEIGHT="69" WIDTH="91" VPOS="2977" HPOS="1362" CONTENT="&amp;"/>
                  <SP HEIGHT="69" WIDTH="18" VPOS="2977" HPOS="1453"/>
                  <String HEIGHT="69"
                          WIDTH="164"
                          VPOS="2977"
                          HPOS="1399"
                          CONTENT="ipse,"/>
                  <SP HEIGHT="69" WIDTH="18" VPOS="2977" HPOS="1563"/>
                  <String HEIGHT="69"
                          WIDTH="128"
                          VPOS="2977"
                          HPOS="1508"
                          CONTENT="vel"/>
                  <SP HEIGHT="69" WIDTH="18" VPOS="2977" HPOS="1636"/>
                  <String HEIGHT="69"
                          WIDTH="201"
                          VPOS="2977"
                          HPOS="1581"
                          CONTENT="gratiam"/>
                  <SP HEIGHT="69" WIDTH="18" VPOS="2977" HPOS="1782"/>
                  <String HEIGHT="69"
                          WIDTH="128"
                          VPOS="2977"
                          HPOS="1727"
                          CONTENT="vel"/>
                  <SP HEIGHT="69" WIDTH="18" VPOS="2977" HPOS="1855"/>
                  <String HEIGHT="69"
                          WIDTH="128"
                          VPOS="2977"
                          HPOS="1800"
                          CONTENT="vin"/>
                  <SP HEIGHT="69" WIDTH="18" VPOS="2977" HPOS="1927"/>
                  <String HEIGHT="69" WIDTH="36" VPOS="2977" HPOS="1855" CONTENT=""/>
               </TextLine>
               <TextLine ID="r1l59"
                         BASELINE="215,3077 298,3077 381,3077 464,3077 548,3077 631,3077 714,3077 797,3077 881,3077 964,3076 1047,3075 1130,3075 1214,3075 1297,3074 1380,3074 1463,3074 1547,3073 1630,3072 1713,3072 1796,3072 1880,3071"
                         HEIGHT="64"
                         WIDTH="1687"
                         VPOS="3025"
                         HPOS="204">
                  <String HEIGHT="64"
                          WIDTH="195"
                          VPOS="3025"
                          HPOS="186"
                          CONTENT="dictam:"/>
                  <SP HEIGHT="64" WIDTH="18" VPOS="3025" HPOS="382"/>
                  <String HEIGHT="64"
                          WIDTH="195"
                          VPOS="3025"
                          HPOS="328"
                          CONTENT="perinde"/>
                  <SP HEIGHT="64" WIDTH="18" VPOS="3025" HPOS="524"/>
                  <String HEIGHT="64"
                          WIDTH="178"
                          VPOS="3025"
                          HPOS="470"
                          CONTENT="igitur"/>
                  <SP HEIGHT="64" WIDTH="18" VPOS="3025" HPOS="648"/>
                  <String HEIGHT="64" WIDTH="89" VPOS="3025" HPOS="595" CONTENT="&amp;"/>
                  <SP HEIGHT="64" WIDTH="18" VPOS="3025" HPOS="683"/>
                  <String HEIGHT="64"
                          WIDTH="124"
                          VPOS="3025"
                          HPOS="630"
                          CONTENT="is,"/>
                  <SP HEIGHT="64" WIDTH="18" VPOS="3025" HPOS="754"/>
                  <String HEIGHT="64"
                          WIDTH="124"
                          VPOS="3025"
                          HPOS="701"
                          CONTENT="qui"/>
                  <SP HEIGHT="64" WIDTH="18" VPOS="3025" HPOS="826"/>
                  <String HEIGHT="64" WIDTH="107" VPOS="3025" HPOS="772" CONTENT="ob"/>
                  <SP HEIGHT="64" WIDTH="18" VPOS="3025" HPOS="879"/>
                  <String HEIGHT="64"
                          WIDTH="142"
                          VPOS="3025"
                          HPOS="826"
                          CONTENT="haec"/>
                  <SP HEIGHT="64" WIDTH="18" VPOS="3025" HPOS="968"/>
                  <String HEIGHT="64"
                          WIDTH="231"
                          VPOS="3025"
                          HPOS="914"
                          CONTENT="iudicauit"/>
                  <SP HEIGHT="64" WIDTH="18" VPOS="3025" HPOS="1145"/>
                  <String HEIGHT="64"
                          WIDTH="213"
                          VPOS="3025"
                          HPOS="1092"
                          CONTENT="iniuste,"/>
                  <SP HEIGHT="64" WIDTH="18" VPOS="3025" HPOS="1305"/>
                  <String HEIGHT="64"
                          WIDTH="142"
                          VPOS="3025"
                          HPOS="1252"
                          CONTENT="plus"/>
                  <SP HEIGHT="64" WIDTH="18" VPOS="3025" HPOS="1394"/>
                  <String HEIGHT="64"
                          WIDTH="178"
                          VPOS="3025"
                          HPOS="1341"
                          CONTENT="habet,"/>
                  <SP HEIGHT="64" WIDTH="18" VPOS="3025" HPOS="1518"/>
                  <String HEIGHT="64"
                          WIDTH="160"
                          VPOS="3025"
                          HPOS="1465"
                          CONTENT="atque"/>
                  <SP HEIGHT="64" WIDTH="18" VPOS="3025" HPOS="1625"/>
                  <String HEIGHT="64"
                          WIDTH="107"
                          VPOS="3025"
                          HPOS="1571"
                          CONTENT="si"/>
                  <SP HEIGHT="64" WIDTH="18" VPOS="3025" HPOS="1678"/>
                  <String HEIGHT="64"
                          WIDTH="213"
                          VPOS="3025"
                          HPOS="1625"
                          CONTENT="quispiam"/>
                  <SP HEIGHT="64" WIDTH="18" VPOS="3025" HPOS="1838"/>
                  <String HEIGHT="64"
                          WIDTH="124"
                          VPOS="3025"
                          HPOS="1767"
                          CONTENT="acce¬"
                          SUBS_TYPE="HypPart1"
                          SUBS_CONTENT="acceperit"/>
                  <HYP CONTENT="-"/>
               </TextLine>
               <TextLine ID="r1l60"
                         BASELINE="221,3135 304,3135 387,3134 470,3134 554,3134 637,3134 720,3132 804,3132 887,3132 970,3132 1054,3132 1137,3131 1220,3131 1303,3131 1387,3131 1470,3129 1553,3129 1637,3128 1720,3128 1803,3126 1887,3125"
                         HEIGHT="77"
                         WIDTH="1687"
                         VPOS="3083"
                         HPOS="210">
                  <String HEIGHT="77"
                          WIDTH="169"
                          VPOS="3083"
                          HPOS="191"
                          CONTENT="perit"
                          SUBS_TYPE="HypPart2"
                          SUBS_CONTENT="acceperit"/>
                  <SP HEIGHT="77" WIDTH="19" VPOS="3083" HPOS="360"/>
                  <String HEIGHT="77"
                          WIDTH="225"
                          VPOS="3083"
                          HPOS="304"
                          CONTENT="iniuriae"/>
                  <SP HEIGHT="77" WIDTH="19" VPOS="3083" HPOS="529"/>
                  <String HEIGHT="77"
                          WIDTH="206"
                          VPOS="3083"
                          HPOS="472"
                          CONTENT="partem."/>
                  <SP HEIGHT="77" WIDTH="19" VPOS="3083" HPOS="679"/>
                  <String HEIGHT="77"
                          WIDTH="131"
                          VPOS="3083"
                          HPOS="622"
                          CONTENT="Nam"/>
                  <SP HEIGHT="77" WIDTH="19" VPOS="3083" HPOS="754"/>
                  <String HEIGHT="77" WIDTH="112" VPOS="3083" HPOS="697" CONTENT="in"/>
                  <SP HEIGHT="77" WIDTH="19" VPOS="3083" HPOS="810"/>
                  <String HEIGHT="77"
                          WIDTH="169"
                          VPOS="3083"
                          HPOS="754"
                          CONTENT="illis"/>
                  <SP HEIGHT="77" WIDTH="19" VPOS="3083" HPOS="922"/>
                  <String HEIGHT="77" WIDTH="112" VPOS="3083" HPOS="866" CONTENT="is"/>
                  <SP HEIGHT="77" WIDTH="19" VPOS="3083" HPOS="979"/>
                  <String HEIGHT="77"
                          WIDTH="131"
                          VPOS="3083"
                          HPOS="922"
                          CONTENT="qui"/>
                  <SP HEIGHT="77" WIDTH="19" VPOS="3083" HPOS="1054"/>
                  <String HEIGHT="77"
                          WIDTH="187"
                          VPOS="3083"
                          HPOS="997"
                          CONTENT="fundum"/>
                  <SP HEIGHT="77" WIDTH="19" VPOS="3083" HPOS="1185"/>
                  <String HEIGHT="77"
                          WIDTH="225"
                          VPOS="3083"
                          HPOS="1128"
                          CONTENT="peruerso"/>
                  <SP HEIGHT="77" WIDTH="19" VPOS="3083" HPOS="1353"/>
                  <String HEIGHT="77"
                          WIDTH="206"
                          VPOS="3083"
                          HPOS="1297"
                          CONTENT="iudicio"/>
                  <SP HEIGHT="77" WIDTH="19" VPOS="3083" HPOS="1503"/>
                  <String HEIGHT="77"
                          WIDTH="225"
                          VPOS="3083"
                          HPOS="1447"
                          CONTENT="tribuit,"/>
                  <SP HEIGHT="77" WIDTH="19" VPOS="3083" HPOS="1672"/>
                  <String HEIGHT="77"
                          WIDTH="131"
                          VPOS="3083"
                          HPOS="1616"
                          CONTENT="non"/>
                  <SP HEIGHT="77" WIDTH="19" VPOS="3083" HPOS="1747"/>
                  <String HEIGHT="77"
                          WIDTH="187"
                          VPOS="3083"
                          HPOS="1691"
                          CONTENT="fundum"/>
                  <SP HEIGHT="77" WIDTH="19" VPOS="3083" HPOS="1878"/>
                  <String HEIGHT="77"
                          WIDTH="94"
                          VPOS="3083"
                          HPOS="1803"
                          CONTENT="ce¬"
                          SUBS_TYPE="HypPart1"
                          SUBS_CONTENT="cepit,"/>
                  <HYP CONTENT="-"/>
               </TextLine>
               <TextLine ID="r1l61"
                         BASELINE="224,3191 306,3191 389,3191 471,3189 554,3189 637,3189 719,3189 802,3189 885,3189 967,3188 1050,3188 1133,3188 1215,3188 1298,3188 1381,3188 1463,3186 1546,3186 1629,3185 1711,3185 1794,3183 1877,3182"
                         HEIGHT="74"
                         WIDTH="1674"
                         VPOS="3138"
                         HPOS="214">
                  <String HEIGHT="74"
                          WIDTH="150"
                          VPOS="3138"
                          HPOS="195"
                          CONTENT="pit,"
                          SUBS_TYPE="HypPart2"
                          SUBS_CONTENT="cepit,"/>
                  <SP HEIGHT="74" WIDTH="19" VPOS="3138" HPOS="346"/>
                  <String HEIGHT="74"
                          WIDTH="132"
                          VPOS="3138"
                          HPOS="289"
                          CONTENT="sed"/>
                  <SP HEIGHT="74" WIDTH="19" VPOS="3138" HPOS="421"/>
                  <String HEIGHT="74"
                          WIDTH="245"
                          VPOS="3138"
                          HPOS="364"
                          CONTENT="argentum."/>
                  <SP HEIGHT="74" WIDTH="19" VPOS="3138" HPOS="609"/>
                  <String HEIGHT="74"
                          WIDTH="169"
                          VPOS="3138"
                          HPOS="553"
                          CONTENT="Atqui"/>
                  <SP HEIGHT="74" WIDTH="19" VPOS="3138" HPOS="722"/>
                  <String HEIGHT="74"
                          WIDTH="188"
                          VPOS="3138"
                          HPOS="665"
                          CONTENT="putant"/>
                  <SP HEIGHT="74" WIDTH="19" VPOS="3138" HPOS="854"/>
                  <String HEIGHT="74"
                          WIDTH="207"
                          VPOS="3138"
                          HPOS="797"
                          CONTENT="homines"/>
                  <SP HEIGHT="74" WIDTH="19" VPOS="3138" HPOS="1004"/>
                  <String HEIGHT="74" WIDTH="113" VPOS="3138" HPOS="948" CONTENT="in"/>
                  <SP HEIGHT="74" WIDTH="19" VPOS="3138" HPOS="1060"/>
                  <String HEIGHT="74"
                          WIDTH="207"
                          VPOS="3138"
                          HPOS="1004"
                          CONTENT="seipsis"/>
                  <SP HEIGHT="74" WIDTH="19" VPOS="3138" HPOS="1211"/>
                  <String HEIGHT="74"
                          WIDTH="150"
                          VPOS="3138"
                          HPOS="1154"
                          CONTENT="esse"/>
                  <SP HEIGHT="74" WIDTH="19" VPOS="3138" HPOS="1305"/>
                  <String HEIGHT="74"
                          WIDTH="169"
                          VPOS="3138"
                          HPOS="1248"
                          CONTENT="situm"/>
                  <SP HEIGHT="74" WIDTH="19" VPOS="3138" HPOS="1418"/>
                  <String HEIGHT="74"
                          WIDTH="226"
                          VPOS="3138"
                          HPOS="1361"
                          CONTENT="iniurias"/>
                  <SP HEIGHT="74" WIDTH="19" VPOS="3138" HPOS="1587"/>
                  <String HEIGHT="74"
                          WIDTH="207"
                          VPOS="3138"
                          HPOS="1531"
                          CONTENT="facere."/>
                  <SP HEIGHT="74" WIDTH="19" VPOS="3138" HPOS="1738"/>
                  <String HEIGHT="74"
                          WIDTH="226"
                          VPOS="3138"
                          HPOS="1662"
                          CONTENT="Quapropter"/>
               </TextLine>
               <TextLine ID="r1l62"
                         BASELINE="228,3246 310,3246 393,3245 476,3245 559,3245 642,3245 725,3243 808,3243 891,3243 974,3243 1057,3243 1139,3243 1222,3242 1305,3242 1388,3242 1471,3242 1554,3242 1637,3240 1720,3240 1803,3240 1886,3239"
                         HEIGHT="69"
                         WIDTH="1679"
                         VPOS="3191"
                         HPOS="218">
                  <String HEIGHT="69" WIDTH="92" VPOS="3191" HPOS="200" CONTENT="&amp;"/>
                  <SP HEIGHT="69" WIDTH="18" VPOS="3191" HPOS="292"/>
                  <String HEIGHT="69"
                          WIDTH="221"
                          VPOS="3191"
                          HPOS="236"
                          CONTENT="iniustum"/>
                  <SP HEIGHT="69" WIDTH="18" VPOS="3191" HPOS="458"/>
                  <String HEIGHT="69"
                          WIDTH="148"
                          VPOS="3191"
                          HPOS="403"
                          CONTENT="esse"/>
                  <SP HEIGHT="69" WIDTH="18" VPOS="3191" HPOS="550"/>
                  <String HEIGHT="69"
                          WIDTH="185"
                          VPOS="3191"
                          HPOS="495"
                          CONTENT="facile"/>
                  <SP HEIGHT="69" WIDTH="18" VPOS="3191" HPOS="679"/>
                  <String HEIGHT="69"
                          WIDTH="295"
                          VPOS="3191"
                          HPOS="624"
                          CONTENT="arbitrantur,"/>
                  <SP HEIGHT="69" WIDTH="18" VPOS="3191" HPOS="919"/>
                  <String HEIGHT="69"
                          WIDTH="129"
                          VPOS="3191"
                          HPOS="864"
                          CONTENT="hoc"/>
                  <SP HEIGHT="69" WIDTH="18" VPOS="3191" HPOS="993"/>
                  <String HEIGHT="69"
                          WIDTH="166"
                          VPOS="3191"
                          HPOS="938"
                          CONTENT="autem"/>
                  <SP HEIGHT="69" WIDTH="18" VPOS="3191" HPOS="1104"/>
                  <String HEIGHT="69"
                          WIDTH="129"
                          VPOS="3191"
                          HPOS="1048"
                          CONTENT="non"/>
                  <SP HEIGHT="69" WIDTH="18" VPOS="3191" HPOS="1177"/>
                  <String HEIGHT="69"
                          WIDTH="129"
                          VPOS="3191"
                          HPOS="1122"
                          CONTENT="ita"/>
                  <SP HEIGHT="69" WIDTH="18" VPOS="3191" HPOS="1251"/>
                  <String HEIGHT="69"
                          WIDTH="148"
                          VPOS="3191"
                          HPOS="1196"
                          CONTENT="sese"/>
                  <SP HEIGHT="69" WIDTH="18" VPOS="3191" HPOS="1343"/>
                  <String HEIGHT="69"
                          WIDTH="185"
                          VPOS="3191"
                          HPOS="1288"
                          CONTENT="habet."/>
                  <SP HEIGHT="69" WIDTH="18" VPOS="3191" HPOS="1473"/>
                  <String HEIGHT="69"
                          WIDTH="166"
                          VPOS="3191"
                          HPOS="1417"
                          CONTENT="Coire"/>
                  <SP HEIGHT="69" WIDTH="18" VPOS="3191" HPOS="1583"/>
                  <String HEIGHT="69"
                          WIDTH="185"
                          VPOS="3191"
                          HPOS="1528"
                          CONTENT="nanque"/>
                  <SP HEIGHT="69" WIDTH="18" VPOS="3191" HPOS="1712"/>
                  <String HEIGHT="69"
                          WIDTH="129"
                          VPOS="3191"
                          HPOS="1657"
                          CONTENT="cum"/>
                  <SP HEIGHT="69" WIDTH="18" VPOS="3191" HPOS="1786"/>
                  <String HEIGHT="69"
                          WIDTH="166"
                          VPOS="3191"
                          HPOS="1731"
                          CONTENT="vxore"/>
                  <SP HEIGHT="69" WIDTH="18" VPOS="3191" HPOS="1897"/>
                  <String HEIGHT="69" WIDTH="74" VPOS="3191" HPOS="1823" CONTENT="vi"/>
               </TextLine>
               <TextLine ID="r1l63"
                         BASELINE="222,3303 305,3303 388,3303 472,3305 555,3305 638,3305 722,3303 805,3303 888,3303 972,3303 1055,3302 1138,3302 1222,3300 1305,3300 1388,3300 1472,3300 1555,3300 1638,3300 1722,3300 1805,3302 1889,3302"
                         HEIGHT="90"
                         WIDTH="1689"
                         VPOS="3251"
                         HPOS="211">
                  <String HEIGHT="90"
                          WIDTH="158"
                          VPOS="3251"
                          HPOS="193"
                          CONTENT="cini,"/>
                  <SP HEIGHT="90" WIDTH="18" VPOS="3251" HPOS="352"/>
                  <String HEIGHT="90" WIDTH="88" VPOS="3251" HPOS="299" CONTENT="&amp;"/>
                  <SP HEIGHT="90" WIDTH="18" VPOS="3251" HPOS="387"/>
                  <String HEIGHT="90"
                          WIDTH="194"
                          VPOS="3251"
                          HPOS="334"
                          CONTENT="pulsare"/>
                  <SP HEIGHT="90" WIDTH="18" VPOS="3251" HPOS="528"/>
                  <String HEIGHT="90"
                          WIDTH="229"
                          VPOS="3251"
                          HPOS="475"
                          CONTENT="proximum,"/>
                  <SP HEIGHT="90" WIDTH="18" VPOS="3251" HPOS="704"/>
                  <String HEIGHT="90"
                          WIDTH="194"
                          VPOS="3251"
                          HPOS="651"
                          CONTENT="dareque"/>
                  <SP HEIGHT="90" WIDTH="18" VPOS="3251" HPOS="844"/>
                  <String HEIGHT="90"
                          WIDTH="211"
                          VPOS="3251"
                          HPOS="792"
                          CONTENT="argentum"/>
                  <SP HEIGHT="90" WIDTH="18" VPOS="3251" HPOS="1003"/>
                  <String HEIGHT="90"
                          WIDTH="141"
                          VPOS="3251"
                          HPOS="950"
                          CONTENT="manu"/>
                  <SP HEIGHT="90" WIDTH="18" VPOS="3251" HPOS="1091"/>
                  <String HEIGHT="90"
                          WIDTH="176"
                          VPOS="3251"
                          HPOS="1038"
                          CONTENT="facile"/>
                  <SP HEIGHT="90" WIDTH="18" VPOS="3251" HPOS="1214"/>
                  <String HEIGHT="90"
                          WIDTH="141"
                          VPOS="3251"
                          HPOS="1161"
                          CONTENT="est,"/>
                  <SP HEIGHT="90" WIDTH="18" VPOS="3251" HPOS="1302"/>
                  <String HEIGHT="90" WIDTH="88" VPOS="3251" HPOS="1249" CONTENT="&amp;"/>
                  <SP HEIGHT="90" WIDTH="18" VPOS="3251" HPOS="1337"/>
                  <String HEIGHT="90"
                          WIDTH="246"
                          VPOS="3251"
                          HPOS="1284"
                          CONTENT="collocatur"/>
                  <SP HEIGHT="90" WIDTH="18" VPOS="3251" HPOS="1531"/>
                  <String HEIGHT="90"
                          WIDTH="106"
                          VPOS="3251"
                          HPOS="1478"
                          CONTENT="in"/>
                  <SP HEIGHT="90" WIDTH="18" VPOS="3251" HPOS="1583"/>
                  <String HEIGHT="90"
                          WIDTH="176"
                          VPOS="3251"
                          HPOS="1531"
                          CONTENT="ipsis,"/>
                  <SP HEIGHT="90" WIDTH="18" VPOS="3251" HPOS="1706"/>
                  <String HEIGHT="90"
                          WIDTH="123"
                          VPOS="3251"
                          HPOS="1654"
                          CONTENT="sed"/>
                  <SP HEIGHT="90" WIDTH="18" VPOS="3251" HPOS="1777"/>
                  <String HEIGHT="90"
                          WIDTH="141"
                          VPOS="3251"
                          HPOS="1724"
                          CONTENT="haec"/>
                  <SP HEIGHT="90" WIDTH="18" VPOS="3251" HPOS="1865"/>
                  <String HEIGHT="90"
                          WIDTH="106"
                          VPOS="3251"
                          HPOS="1794"
                          CONTENT="age¬"/>
               </TextLine>
            </TextBlock>
         </PrintSpace>
      </Page>
   </Layout>
</alto>
