2418 3601
429 254 275 93 sagittarii,
649 254 183 93 signum
777 254 239 93 habentes,
961 254 165 93 magis
1071 254 110 93 id
1126 254 147 93 quod
1218 254 202 93 oportet
1364 254 239 93 attingere
1548 254 239 93 possumus.
1731 254 147 93 Quod
1823 254 110 93 si
1878 254 128 93 ita
1952 254 147 93 sit,
2025 254 110 93 eni¬-

446 317 181 72 tendum
573 317 127 72 est
645 317 145 72 hunc
736 317 163 72 ipsum
845 317 181 72 figura
972 317 199 72 quidnam
1117 317 127 72 sit
1189 317 326 72 comprehendere,
1461 317 91 72 &
1497 317 163 72 cuius
1606 317 127 72 sit
1679 317 236 72 scientiae
1860 317 127 72 vel
1914 317 218 72 facultatis

455 364 255 96 percipere.
655 364 237 96 Videbitur
838 364 164 96 autem
947 364 146 96 eius
1038 364 146 96 esse
1129 364 146 96 quae
1220 364 182 96 maxime
1348 364 255 96 dominatur:
1549 364 237 96 maximeque
1731 364 219 96 rationem
1895 364 164 96 subit
1986 364 146 96 archi¬-

456 439 225 81 tecturae.
629 439 156 81 Talem
733 439 156 81 autem
837 439 139 81 sese
924 439 173 81 offert
1045 439 139 81 ipsa
1132 439 191 81 ciuilis
1270 439 225 81 facultas.
1444 439 139 81 Haec
1530 439 139 81 enim
1617 439 87 81 &
1652 439 139 81 quas
1738 439 225 81 scientias
1912 439 104 81 in
1946 439 191 81 ciuitati¬-

455 483 117 82 bus
522 483 151 82 esse,
623 483 84 82 &
656 483 168 82 quales
774 483 184 82 quemque
908 483 201 82 discere,
1059 483 84 82 &
1092 483 201 82 quousque
1243 483 201 82 oportet,
1394 483 235 82 instituere
1579 483 168 82 solet.
1696 483 117 82 Eas
1763 483 218 82 praeterea
1914 483 218 82 facultates,

452 547 140 64 quae
540 547 175 64 summis
663 547 263 64 afficiuntur
873 547 245 64 honoribus,
1066 547 105 64 vt
1118 547 123 64 rei
1188 547 245 64 militaris,
1381 547 175 64 reique
1503 547 245 64 familiaris
1696 547 263 64 facultatem,
1906 547 105 64 ac
1941 547 193 64 oratoriam

446 597 173 84 artem,
567 597 138 84 huic
653 597 190 84 subesse
791 597 224 84 facultati
964 597 207 84 videmus.
1119 597 121 84 Cum
1188 597 173 84 igitur
1309 597 207 84 caeteris
1465 597 190 84 actiuis
1603 597 224 84 scientiis
1775 597 138 84 haec
1862 597 190 84 vtatur:
2000 597 86 84 &
2017 597 121 84 leges

451 653 160 85 ferat
558 653 160 85 atque
665 653 232 85 instituat
843 653 143 85 quid
933 653 196 85 quisque
1075 653 160 85 agere
1182 653 89 85 &
1218 653 89 85 a
1253 653 178 85 quibus
1378 653 232 85 abstinere
1557 653 196 85 debeat:
1699 653 160 85 huius
1806 653 178 85 finis,
1913 653 214 85 caeterarum

444 716 186 80 omnium
575 716 261 80 facultatum
779 716 223 80 continet
947 716 186 80 fines.
1077 716 130 80 Quo
1152 716 130 80 fit
1226 716 112 80 vt
1282 716 130 80 hic
1356 716 168 80 finis
1468 716 130 80 sit
1542 716 168 80 bonum
1654 716 168 80 ipsum
1766 716 223 80 humanum.
1933 716 168 80 Qquam
2026 716 112 80 enim

457 781 160 59 vnius
564 781 195 59 hominis
706 781 142 59 idem
795 781 89 59 &
830 781 231 59 ciuitatis
1008 781 124 59 est
1079 781 178 59 bonum,
1203 781 231 59 ciuitatis
1381 781 160 59 tamen
1488 781 231 59 comparare
1665 781 302 59 conseruareque
1914 781 160 59 bonum
2003 781 124 59 maius

449 826 157 70 atque
553 826 245 70 perfectius
746 826 140 70 esse
833 826 210 70 videtur.
990 826 122 70 Nam
1060 826 192 70 amabile
1200 826 140 70 est,
1287 826 87 70 &
1322 826 105 70 si
1374 826 122 70 vni
1444 826 157 70 soli:
1549 826 157 70 maius
1654 826 157 70 autem
1759 826 157 70 atque
1864 826 210 70 diuinius
2021 826 122 70 est
2073 826 70 70 si

445 888 161 75 genti
553 888 304 75 ciuitatibusve
803 888 269 75 acquisitum,
1018 888 233 75 partumque
1197 888 286 75 conseruetur.
1430 888 143 75 Haec
1519 888 179 75 igitur
1645 888 197 75 appetit
1788 888 143 75 haec
1877 888 233 75 doctrina,
2038 888 90 75 cum

448 931 126 73 sit
520 931 217 73 facultas
683 931 199 73 quaedam
809 931 181 73 ciuilis.

461 1065 94 68 FI
508 1065 157 68 igitur
619 1065 189 68 quispiam
760 1065 142 68 rerum
855 1065 205 68 agendarum
1012 1065 110 68 est
1075 1065 157 68 finis.
1185 1065 142 68 Primo
1279 1065 142 68 dicit
1374 1065 126 68 quod
1452 1065 94 68 in
1500 1065 173 68 humanis
1626 1065 142 68 rebus
1720 1065 110 68 est
1783 1065 173 68 aliquis
1909 1065 142 68 finis
1987 1065 142 68 vltimus

480 1108 79 75 &
512 1108 188 75 optimus.
653 1108 204 75 Probatio,
810 1108 126 75 quia
889 1108 94 75 si
936 1108 110 75 est
998 1108 188 75 quispiam
1140 1108 157 75 finis:
1250 1108 110 75 que
1313 1108 110 75 non
1375 1108 236 75 desideratur
1564 1108 94 75 ob
1611 1108 173 75 aliquid
1736 1108 157 75 aliud,
1846 1108 110 75 sed
1909 1108 126 75 alia
1988 1108 94 75 ob
2019 1108 110 75 ipsum

447 1157 243 66 Cexpetuntur,
644 1157 106 66 est
705 1157 137 66 finis
796 1157 167 66 vltimus
918 1157 137 66 atque
1009 1157 182 66 optimus:
1146 1157 91 66 at
1192 1157 91 66 in
1237 1157 137 66 rebus
1328 1157 167 66 humanis
1450 1157 167 66 aliquis
1572 1157 137 66 talis
1663 1157 137 66 finis
1754 1157 106 66 est
1815 1157 243 66 huiuscemodi.
1997 1157 137 66 igitur.

448 1204 245 76 Consequentia
646 1204 138 76 tenet
738 1204 76 76 a
769 1204 122 76 tota
845 1204 245 76 conditionali
1044 1204 107 76 cum
1105 1204 199 76 positione
1258 1204 245 76 antecedentis
1456 1204 92 76 ad
1502 1204 214 76 positionem
1670 1204 260 76 consequentis.
1884 1204 183 76 Probatur
2007 1204 122 76 maior.

441 1256 102 63 Nam
500 1256 88 63 si
544 1256 131 63 finis
631 1256 88 63 ad
675 1256 117 63 quem
748 1256 161 63 aliquid
865 1256 190 63 ordinatur
1011 1256 102 63 sit
1069 1256 146 63 melior
1171 1256 117 63 illo
1244 1256 117 63 quod
1317 1256 190 63 ordinatur
1463 1256 88 63 ad
1507 1256 146 63 ipsum,
1609 1256 117 63 ergo
1682 1256 131 63 finis
1770 1256 88 63 ad
1814 1256 117 63 quem
1887 1256 131 63 omnia
1974 1256 117 63 alia
2033 1256 102 63 ordi¬-

448 1304 152 63 nantur
554 1304 91 63 si
600 1304 122 63 ipse
676 1304 106 63 non
737 1304 198 63 ordinatur
889 1304 91 63 ad
934 1304 167 63 aliquid
1056 1304 137 63 aliud
1147 1304 91 63 in
1193 1304 122 63 illo
1269 1304 167 63 genere,
1390 1304 122 63 erit
1466 1304 137 63 finis
1557 1304 167 63 vltimus
1679 1304 76 63 &
1709 1304 167 63 optimus
1831 1304 91 63 in
1877 1304 122 63 illo
1953 1304 167 63 genere.
2059 1304 76 63 lam

448 1348 182 64 probatur
585 1348 152 64 minor,
691 1348 122 64 vnus
767 1348 137 64 finis
858 1348 91 64 ob
904 1348 137 64 alium
995 1348 106 64 (ex
1056 1348 228 64 praecedenti
1238 1348 167 64 capite)
1359 1348 213 64 ordinatur:
1526 1348 106 64 aut
1587 1348 122 64 ergo
1663 1348 91 64 in
1709 1348 137 64 rebus
1800 1348 167 64 humanis
1921 1348 106 64 est
1967 1348 152 64 deuenire

444 1406 82 58 ad
485 1406 137 58 finem,
581 1406 96 58 qui
636 1406 82 58 ob
677 1406 123 58 alium
759 1406 96 58 non
814 1406 192 58 expetitur.
965 1406 96 58 aut
1020 1406 96 58 non
1074 1406 96 58 est
1129 1406 82 58 ad
1170 1406 123 58 talem
1252 1406 123 58 finem
1335 1406 178 58 deuenire,
1472 1406 82 58 si
1513 1406 151 58 primum,
1622 1406 192 58 propositum
1773 1406 164 58 habemus,
1896 1406 68 58 &
1924 1406 151 58 probata
2033 1406 96 58 est
2074 1406 55 58 mi

447 1450 113 61 nor:
518 1450 85 61 si
560 1450 184 61 secundum,
702 1450 99 61 hoc
759 1450 85 61 ad
801 1450 213 61 impossibile
971 1450 213 61 syllogisare
1141 1450 99 61 non
1198 1450 99 61 est
1255 1450 198 61 difficile:
1410 1450 113 61 quia
1481 1450 113 61 tunc
1552 1450 85 61 in
1595 1450 156 61 finibus
1708 1450 113 61 erit
1779 1450 184 61 processus
1921 1450 85 61 in
1963 1450 170 61 abyssum:
2076 1450 43 61 &

452 1488 108 71 sic
513 1488 169 71 hominis
636 1488 200 71 expetitio
791 1488 139 71 esset
883 1488 154 71 irrita
991 1488 77 71 &
1022 1488 154 71 vacua,
1130 1488 108 71 cum
1191 1488 139 71 illum
1284 1488 169 71 vltimum
1407 1488 139 71 finem
1499 1488 308 71 expetibilissimum
1761 1488 200 71 attingere
1915 1488 185 71 nequeat:
2054 1488 108 71 sed

441 1536 112 76 hoc
505 1536 112 76 est
569 1536 176 76 falsum:
697 1536 176 76 quoniam
825 1536 128 76 deus
905 1536 80 76 &
937 1536 160 76 natura
1049 1536 144 76 nihil
1145 1536 192 76 incassum
1290 1536 80 76 &
1322 1536 176 76 ociosum
1450 1536 192 76 faciunt,
1594 1536 144 76 primo
1690 1536 160 76 caeli.
1802 1536 80 76 ⁋
1834 1536 160 76 Deinde
1946 1536 144 76 dicit
2026 1536 96 76 quod

459 1588 187 58 plurimum
600 1588 94 58 ad
647 1588 172 58 nostram
771 1588 140 58 vitam
865 1588 187 58 conducit
1006 1588 140 58 summi
1099 1588 125 58 boni
1177 1588 187 58 notitia:
1318 1588 109 58 nam
1380 1588 94 58 ex
1427 1588 203 58 bonitatis
1583 1588 125 58 suae
1661 1588 187 58 vbertate
1801 1588 109 58 duo
1864 1588 125 58 bona
1942 1588 140 58 nobis
2020 1588 109 58 suppe

444 1640 157 63 ditat.
554 1640 142 63 Primo
649 1640 173 63 allicit
775 1640 205 63 appetitum
932 1640 94 63 vt
980 1640 94 63 ex
1027 1640 126 63 eius
1106 1640 205 63 flagranti
1263 1640 205 63 desiderio
1420 1640 142 63 magis
1515 1640 94 63 ac
1562 1640 142 63 magis
1657 1640 236 63 inflammemur
1846 1640 94 63 ad
1893 1640 173 63 bonorum
2003 1640 126 63 operum

448 1677 233 68 incrementum.
638 1677 160 68 Secundo
754 1677 233 68 intellectum,
943 1677 116 68 eius
1016 1677 175 68 notitiam
1147 1677 262 68 apprehendendo,
1366 1677 175 68 dirigit,
1497 1677 87 68 vt
1540 1677 116 68 eius
1613 1677 247 68 operationibus
1817 1677 131 68 illum
1904 1677 131 68 finem
1977 1677 160 68 attingat.

450 1725 114 62 Fige
521 1725 85 62 in
563 1725 213 62 beatitudine
734 1725 156 62 scopum,
848 1725 142 62 facile
947 1725 185 62 discernes
1089 1725 114 62 quae
1160 1725 85 62 ad
1203 1725 128 62 illam
1288 1725 156 62 orbitam
1402 1725 71 62 &
1430 1725 185 62 compendia
1572 1725 199 62 perducunt,
1728 1725 85 62 vt
1771 1725 170 62 virtutum
1899 1725 142 62 opera,
1998 1725 71 62 &
2027 1725 99 62 qui
2069 1725 57 62 ab

451 1773 127 70 illo
530 1773 127 70 fine
610 1773 174 70 auocant
736 1773 206 70 aufugies.
895 1773 127 70 Atri
974 1773 143 70 ditis
1069 1773 158 70 carcer
1180 1773 95 70 in
1227 1773 158 70 terrae
1338 1773 127 70 sinu
1417 1773 222 70 reconditus
1592 1773 111 70 cum
1655 1773 158 70 Olympo
1766 1773 95 70 ex
1813 1773 190 70 diametro
1956 1773 174 70 pugnat.
2067 1773 63 70 vt

448 1825 149 55 tuipse
553 1825 134 55 nosti
642 1825 90 55 in
687 1825 179 55 tartarea
821 1825 134 55 regna
911 1825 149 55 vitiis
1015 1825 134 55 itur:
1105 1825 134 55 bonis
1194 1825 179 55 operibus
1328 1825 119 55 itur
1403 1825 90 55 ad
1448 1825 149 55 astra.
1552 1825 119 55 Fige
1627 1825 149 55 itaque
1731 1825 164 55 obtutum
1850 1825 194 55 agibilium
2000 1825 90 55 in
2029 1825 90 55 bea¬-

443 1865 187 60 titudine:
587 1865 101 60 tum
644 1865 86 60 si
687 1865 230 60 beatitudinem
875 1865 158 60 assequi
990 1865 202 60 anniteris,
1148 1865 115 60 piis
1220 1865 173 60 operibus
1350 1865 202 60 insudabis,
1509 1865 130 60 atque
1595 1865 72 60 a
1624 1865 115 60 malo
1696 1865 202 60 auerteris.
1854 1865 144 60 ltaque
1955 1865 158 60 agnitio
2056 1865 72 60 fi¬-

443 1919 103 67 nis
502 1919 147 67 vltimi
605 1919 103 67 est
663 1919 132 67 nobis
751 1919 161 67 perquam
868 1919 161 67 vtilis.
986 1919 176 67 Probatur
1118 1919 117 67 sic.
1191 1919 88 67 Ad
1235 1919 132 67 nihil
1323 1919 117 67 quod
1396 1919 191 67 difficile
1543 1919 205 67 acquiritur
1704 1919 147 67 potest
1807 1919 117 67 homo
1880 1919 132 67 recte
1968 1919 73 67 &
1982 1919 147 67 certitu¬-

452 1960 186 74 dinaliter
595 1960 86 74 se
638 1960 186 74 dirigere,
781 1960 114 74 nisi
852 1960 186 74 cognoscat
995 1960 129 74 illud
1081 1960 86 74 in
1124 1960 114 74 quod
1196 1960 200 74 dirigendum
1353 1960 114 74 est.
1425 1960 129 74 Patet
1511 1960 86 74 de
1554 1960 200 74 sagittario
1711 1960 143 74 scopum
1811 1960 114 74 puer
1883 1960 157 74 sagitta
1983 1960 143 74 ponente:

432 2008 111 61 sed
496 2008 239 61 operationes
687 2008 175 61 humanae
814 2008 223 61 diriguntur
989 2008 96 61 in
1037 2008 143 61 finem
1133 2008 191 61 vltimum:
1276 2008 127 61 ergo
1356 2008 96 61 ad
1403 2008 111 61 hoc
1467 2008 96 61 vt
1515 2008 127 61 homo
1595 2008 127 61 suas
1674 2008 239 61 operationes
1865 2008 175 61 dirigat
1977 2008 143 61 oportet

437 2054 134 66 finem
526 2054 163 66 vltimum
645 2054 223 66 cognoscere:
823 2054 104 66 sic
883 2054 104 66 qui
942 2054 89 66 ab
987 2054 178 66 extremis
1121 2054 178 66 virtutum
1254 2054 89 66 se
1299 2054 178 66 elongare
1433 2054 238 66 concupiscit,
1626 2054 163 66 oportet
1745 2054 163 66 obtutum
1864 2054 89 66 ad
1908 2054 134 66 finem
1982 2054 149 66 honestum

437 2104 233 63 praestituat.
627 2104 219 63 Corollarium
802 2104 190 63 propterea
948 2104 146 63 infert
1050 2104 190 63 inquiens,
1196 2104 117 63 quod
1269 2104 87 63 si
1312 2104 102 63 ita
1371 2104 117 63 est,
1444 2104 190 63 enitendum
1589 2104 102 63 est
1648 2104 117 63 hunc
1721 2104 131 63 ipsum
1808 2104 146 63 figura
1910 2104 73 63 &
1939 2104 117 63 rudi
1998 2104 131 63 Minerua

446 2158 163 60 quidnam
565 2158 104 60 sit
624 2158 266 60 comprehendere,
845 2158 74 60 &
875 2158 89 60 ad
919 2158 118 60 quam
993 2158 207 60 facultatem
1156 2158 177 60 attinet.
1289 2158 89 60 Ad
1333 2158 104 60 hoc
1393 2158 133 60 autem
1481 2158 222 60 explanandum
1659 2158 148 60 ordine
1762 2158 222 60 praepostero
1940 2158 163 60 vtitur.
2043 2158 89 60 Pri¬-

442 2205 97 49 mo
490 2205 194 49 explanat
636 2205 97 49 ad
684 2205 129 49 quam
765 2205 226 49 facultatem
943 2205 194 49 attineat
1088 2205 97 49 id
1137 2205 242 49 cognoscere,
1330 2205 162 49 deinde
1443 2205 97 49 in
1492 2205 178 49 secundo
1621 2205 194 49 tractatu
1767 2205 145 49 huius
1864 2205 145 49 primi
1960 2205 145 49 libri
2041 2205 81 49 do¬-

446 2251 107 55 cet
507 2251 92 55 id
553 2251 122 55 quod
629 2251 137 55 primo
721 2251 198 55 proposuit
873 2251 183 55 scilicet
1011 2251 122 55 quis
1087 2251 107 55 est
1148 2251 214 55 nouissimus
1316 2251 137 55 finis
1407 2251 183 55 humanus,
1545 2251 137 55 ipsum
1636 2251 183 55 graphice
1774 2251 229 55 depingendo.
1957 2251 76 55 ⁋
1972 2251 153 55 Sequitur

436 2292 98 62 in
485 2292 179 62 litera.
615 2292 179 62 Videtur
746 2292 147 62 autem
844 2292 147 62 eius.
941 2292 114 62 Hic
1007 2292 196 62 ostendit
1153 2292 98 62 ad
1202 2292 131 62 quam
1284 2292 212 62 scientiam
1447 2292 196 62 attineat
1594 2292 245 62 considerare
1790 2292 98 62 de
1839 2292 228 62 cognitione
2002 2292 114 62 vlti¬-

440 2338 100 58 mi
490 2338 167 58 finis:
607 2338 83 58 &
640 2338 200 58 intendit
790 2338 100 58 in
840 2338 117 58 hac
907 2338 150 58 parte
1007 2338 183 58 probare
1140 2338 133 58 quod
1223 2338 167 58 maxime
1340 2338 217 58 pertineat
1507 2338 100 58 ad
1557 2338 217 58 scientiam
1723 2338 183 58 ciuilem
1856 2338 133 58 siue
1923 2338 200 58 politicam.

440 2384 206 64 Probatur
594 2384 137 64 sic.
680 2384 103 64 Ad
731 2384 223 64 scientiam
902 2384 343 64 principalissimam
1194 2384 86 64 &
1228 2384 171 64 maxime
1348 2384 326 64 archetectonicam
1622 2384 206 64 pertinet
1776 2384 274 64 consideratio
1999 2384 103 64 de
2033 2384 86 64 vl¬-

444 2438 129 62 timo
525 2438 81 62 &
557 2438 243 62 nobilissimo
751 2438 129 62 fine
832 2438 194 62 hominis:
978 2438 97 62 at
1026 2438 194 62 scientia
1172 2438 178 62 ciuilis
1301 2438 113 62 est
1366 2438 162 62 maxime
1479 2438 307 62 architectonica.
1738 2438 178 62 igitur.
1867 2438 146 62 Maior
1964 2438 146 62 patet
2045 2438 65 62 ex

443 2479 154 58 dictis:
555 2479 112 58 quia
625 2479 126 58 fines
709 2479 210 58 scientiarum
877 2479 196 58 superiorum
1031 2479 112 58 sunt
1101 2479 252 58 praestantiores
1312 2479 112 58 quam
1382 2479 210 58 inferiorum:
1550 2479 112 58 ergo
1620 2479 126 58 finis
1704 2479 182 58 scientiae
1844 2479 224 58 nobilissimae
2026 2479 112 58 quae

445 2531 113 62 est
510 2531 97 62 de
558 2531 146 62 rebus
655 2531 178 62 humanis
785 2531 113 62 est
850 2531 146 62 finis
947 2531 259 62 nobilissimus
1157 2531 146 62 rerum
1255 2531 227 62 humanarum.
1433 2531 194 62 Probando
1579 2531 178 62 minorem
1708 2531 162 62 tangit
1821 2531 130 62 duas
1886 2531 227 62 conclusiones

441 2577 252 65 appropriatas
646 2577 204 65 scientiae
803 2577 157 65 maxime
913 2577 315 65 architectonicae.
1180 2577 142 65 Prima
1275 2577 110 65 est
1338 2577 126 65 quod
1416 2577 126 65 ipsa
1495 2577 204 65 praecipit
1652 2577 126 65 arti
1731 2577 126 65 ipsi
1809 2577 204 65 famulanti
1967 2577 126 65 quid
2030 2577 94 65 ope.

429 2625 116 52 rari
501 2625 159 52 debeat:
617 2625 130 52 sicut
704 2625 188 52 equestris
848 2625 130 52 freni
935 2625 174 52 factiuae
1065 2625 203 52 praecipit.
1225 2625 174 52 Secunda,
1355 2625 116 52 quod
1427 2625 116 52 ipsa
1500 2625 145 52 vtitur
1601 2625 116 52 arte
1673 2625 72 52 &
1702 2625 159 52 officio
1818 2625 130 52 artis
1905 2625 203 52 inferioris
2064 2625 87 52 ad

429 2667 124 64 suum
506 2667 155 64 finem:
614 2667 93 64 vt
661 2667 155 64 nauita
769 2667 155 64 vtitur
878 2667 124 64 naui
955 2667 124 64 quam
1033 2667 139 64 faber
1126 2667 201 64 lignarius
1281 2667 155 64 fecit:
1389 2667 124 64 modo
1466 2667 124 64 haec
1544 2667 124 64 duo,
1621 2667 124 64 arti
1699 2667 201 64 politicae
1854 2667 217 64 competunt.
2009 2667 108 64 Nempe

440 2717 177 57 eiuilis
569 2717 145 57 docet
665 2717 161 57 quales
778 2717 209 57 scientias
939 2717 177 57 discere
1068 2717 193 57 oportet.
1213 2717 145 57 Plato
1309 2717 97 57 ab
1357 2717 129 57 vrbe
1438 2717 161 57 poetas
1551 2717 177 57 eiecit:
1679 2717 129 57 quia
1760 2717 241 57 irritamenta
1937 2717 177 57 libidinis

441 2761 117 68 sub
508 2761 167 68 Venere
625 2761 183 68 dicendi
758 2761 167 68 cultae
875 2761 217 68 tractant,
1042 2761 100 68 vt
1092 2761 100 68 de
1142 2761 200 68 luuenale
1292 2761 117 68 est
1359 2761 167 68 videre
1475 2761 117 68 qui
1542 2761 150 68 vitia
1642 2761 183 68 carpens
1776 2761 100 68 ea
1826 2761 167 68 docet.
1943 2761 150 68 Sicut
2026 2761 100 68 Naso

426 2808 94 69 in
473 2808 125 69 arte
551 2808 172 69 amandi,
677 2808 78 69 &
708 2808 94 69 in
755 2808 203 69 epistolis
911 2808 156 69 docet.
1021 2808 203 69 Praeterea
1177 2808 172 69 ciuilis
1302 2808 188 69 facultas
1443 2808 125 69 quam
1521 2808 203 69 scientiam
1677 2808 125 69 iste
1755 2808 109 69 vel
1818 2808 125 69 ille
1896 2808 203 69 addiscet.
2037 2808 78 69 Hic

426 2863 98 51 ad
475 2863 147 51 artes
573 2863 229 51 mechanicas
753 2863 164 51 aptus,
867 2863 98 51 ad
916 2863 180 51 literas
1047 2863 147 51 forte
1145 2863 114 51 est
1211 2863 196 51 ineptus.
1358 2863 131 51 Vnus
1440 2863 98 51 ad
1489 2863 164 51 carmen
1603 2863 164 51 natus,
1718 2863 98 51 ad
1767 2863 164 51 prosam
1881 2863 114 51 est
1930 2863 180 51 inidoneus

436 2904 96 67 vt
484 2904 177 67 Quidius
612 2904 112 67 qui
677 2904 96 67 de
725 2904 96 67 se
773 2904 160 67 dicit,
885 2904 193 67 Quicquid
1030 2904 177 67 conabar
1158 2904 160 67 dicere
1270 2904 160 67 versus
1383 2904 144 67 erat.
1479 2904 96 67 Et
1527 2904 177 67 praeter
1656 2904 128 67 haec
1736 2904 160 67 prodit
1848 2904 193 67 quousque
1977 2904 144 67 discere

439 2956 177 51 oportet,
572 2956 192 51 signanter
720 2956 192 51 quousque.
868 2956 207 51 Argutiolae
1030 2956 118 51 enim
1104 2956 222 51 sophisticae
1281 2956 74 51 &
1311 2956 236 51 captiunculae
1503 2956 236 51 grammaticae,
1695 2956 133 51 atque
1783 2956 118 51 alia
1857 2956 192 51 sopismata
1990 2956 118 51 tirun¬-

429 2998 134 65 culos
519 2998 179 65 decentia
653 2998 238 65 prouectiores
846 2998 194 65 dedecent:
995 2998 134 65 sicut
1085 2998 238 65 crepitacula,
1279 2998 194 65 ensiculi,
1428 2998 75 65 &
1457 2998 164 65 caetera
1577 2998 89 65 id
1621 2998 134 65 genus
1711 2998 149 65 pueris
1815 2998 224 65 conveniunt,
1979 2998 134 65 senibus

434 3039 130 57 sunt
515 3039 195 57 indigna.
662 3039 195 57 Seniores
808 3039 98 57 ad
857 3039 179 57 capulum
987 3039 146 57 vsque
1085 3039 130 57 haec
1166 3039 195 57 facultas
1313 3039 130 57 sane
1394 3039 212 57 honestat.
1557 3039 146 57 Circa
1654 3039 146 57 mores
1752 3039 146 57 anxie
1850 3039 179 57 desudat
1964 3039 146 57 ciuilis

437 3102 200 52 tacultas.
591 3102 139 52 Artem
683 3102 170 52 amandi,
807 3102 170 52 magicas
930 3102 139 52 artes
1022 3102 247 52 iuetionesque
1223 3102 216 52 Sathanicas
1392 3102 185 52 reiecit,
1531 3102 200 52 salutares
1685 3102 200 52 admittit.
1840 3102 170 52 Insuper
1963 3102 123 52 huic
2025 3102 93 52 arti

434 3132 104 65 eas
494 3132 208 65 facultates
657 3132 119 65 quae
731 3132 149 65 summis
836 3132 223 65 afficiuntur
1014 3132 193 65 honoribus
1163 3132 149 65 parere
1267 3132 74 65 &
1296 3132 164 65 obsequi
1415 3132 193 65 cernimus,
1564 3132 89 65 vt
1609 3132 119 65 sunt
1683 3132 104 65 ars
1742 3132 208 65 militaris,
1906 3132 223 65 oeconomica,
2069 3132 45 65 &

441 3186 96 52 ars
496 3186 178 52 oratoria.
633 3186 178 52 Praeterea
770 3186 109 52 ipsa
838 3186 151 52 artibus
948 3186 219 52 inferioribus
1126 3186 82 52 ad
1167 3186 109 52 suum
1235 3186 123 52 finem
1317 3186 151 52 vtitur,
1427 3186 205 52 quemadmodum
1591 3186 109 52 sunt
1659 3186 96 52 ars
1714 3186 178 52 militaris
1851 3186 109 52 quam
1919 3186 123 52 pacem
1988 3186 123 52 conser¬-

433 3233 101 69 uat
490 3233 86 69 in
533 3233 187 69 ciuitate:
677 3233 216 69 oeconomica,
850 3233 115 69 quae
922 3233 202 69 necessaria
1081 3233 202 69 praeparat:
1239 3233 72 69 &
1268 3233 202 69 rhetorica,
1426 3233 115 69 quae
1498 3233 202 69 emergentes
1657 3233 144 69 causas
1757 3233 158 69 enodat,
1873 3233 130 69 lites
1945 3233 158 69 componit,
