2326 3576
212 242 175 85 tertium
339 242 175 85 dicitur
466 242 127 85 quod
545 242 143 85 iudex
641 242 159 85 nullam
752 242 206 85 veritatem
910 242 238 85 derelinquit
1101 242 127 85 quam
1180 242 175 85 tenetur
1307 242 190 85 insequi.
1450 242 159 85 Quarto
1561 242 127 85 tunc
1641 242 175 85 Pilatus
1768 242 175 85 fuisset
1879 242 79 85 sce

220 319 136 64 leris
310 319 151 64 expers
416 319 196 64 iudicando
567 319 196 64 Christum.
718 319 151 64 Quinto
824 319 226 64 contrauenit
1005 319 121 64 suae
1080 319 242 64 conscientiae
1277 319 166 64 proinde
1397 319 196 64 iudicando
1548 319 166 64 peccat.
1669 319 91 64 Ad
1714 319 166 64 quartum
1820 319 136 64 dicitur

219 369 113 58 non
283 369 209 58 ignorauit
444 369 177 58 Pilatus
573 369 225 58 contumaces
750 369 161 58 iudeos
862 369 177 58 inuidia
991 369 80 58 &
1023 369 225 58 sophistico
1200 369 225 58 testimonio
1377 369 225 58 procedere:
1554 369 113 58 hoc
1618 369 145 58 nihil
1715 369 177 58 obscure
1843 369 129 58 euan
1908 369 48 58 i

219 416 191 64 gelistae
362 416 191 64 edocent:
506 416 175 64 ingenue
633 416 175 64 praeses
761 416 271 64 profitebatur,
984 416 143 64 nihil
1080 416 143 64 morte
1175 416 159 64 dignum
1287 416 175 64 inueni,
1414 416 96 64 in
1462 416 96 64 eo
1510 416 96 64 in
1558 416 143 64 cuius
1653 416 223 64 argumentum
1829 416 143 64 manus
1908 416 48 64 i

220 470 163 49 abluit,
339 470 193 49 propterea
487 470 178 49 grauiter
621 470 178 49 peccauit
754 470 193 49 iudicando
903 470 178 49 Christum
1036 470 89 49 ad
1081 470 163 49 mortem.
1199 470 89 49 Ad
1244 470 163 49 quintum
1363 470 163 49 dicitur
1481 470 119 49 quod
1555 470 237 49 particularem
1733 470 223 49 conscientiam.

223 508 124 60 suam
300 508 186 60 excutiat
439 508 108 60 est
501 508 170 60 persona
625 508 186 60 publica:
764 508 155 60 formet
873 508 108 60 hoc
934 508 186 60 iudicium
1074 508 77 60 a
1105 508 93 60 me
1151 508 186 60 secundum
1290 508 201 60 processum
1445 508 139 60 iuris
1538 508 108 60 est
1600 508 263 60 sententiandum
1801 508 155 60 tametsi.

226 566 113 51 sit
290 566 178 51 persona
420 566 178 51 publica
549 566 97 51 ac
597 566 178 51 priuata
727 566 113 51 non
791 566 162 51 potest
904 566 162 51 habere
1017 566 258 51 conscientias
1227 566 210 51 oppositas
1389 566 97 51 de
1437 566 162 51 eodem.
1550 566 194 51 Caeterum
1696 566 145 51 iudex
1776 566 162 51 imprimis

239 606 200 64 examinabit
396 606 157 64 testes,
510 606 129 64 sicut
596 606 129 64 fecit
682 606 143 64 Daniel
782 606 171 64 seniores
910 606 100 64 seu
967 606 229 64 praesbyteros
1153 606 143 64 contra
1253 606 186 64 Susannam:
1396 606 71 64 &
1425 606 86 64 si
1467 606 129 64 sciat
1553 606 86 64 id
1596 606 157 64 probare
1710 606 143 64 testes
1810 606 100 64 non
1853 606 86 64 sunt

236 663 122 54 omni
312 663 213 54 exceptione
479 663 182 54 maiores:
616 663 91 54 si
661 663 167 54 nequeat
783 663 122 54 tunc
859 663 167 54 augetur
981 663 243 54 difficultas.
1178 663 213 54 Alloquatur
1345 663 152 54 testes
1452 663 198 54 clanculum
1604 663 106 54 cum
1664 663 137 54 viris
1756 663 137 54 etiam
1832 663 106 54 timo¬-

237 700 144 60 ratis
333 700 112 60 eos
397 700 224 60 retrahendo
573 700 80 60 a
605 700 144 60 falso
701 700 240 60 testimonio:
893 700 96 60 si
941 700 176 60 nequeat
1069 700 128 60 vlla
1149 700 112 60 via
1213 700 192 60 insontem
1357 700 192 60 liberare
1501 700 112 60 non
1565 700 160 60 peccat
1677 700 144 60 ipsum
1757 700 176 60 condemnam

237 749 106 54 do.
297 749 121 54 Quia
373 749 166 54 iudicis
493 749 136 54 causa
584 749 166 54 incidit
704 749 121 54 quae
780 749 121 54 sine
855 749 226 54 aduocatione
1036 749 106 54 non
1096 749 241 54 committitur,
1292 749 196 54 quaeritur
1443 749 90 54 ad
1489 749 121 54 quid
1564 749 196 54 aduocatus
1715 749 196 54 clientuli
1866 749 106 54 est
1911 749 45 54 C

231 795 200 60 obnoxius.
385 795 231 60 Respondetur
570 795 123 60 quod
647 795 154 60 peccat
754 795 92 60 si
801 795 185 60 scienter
939 795 154 60 causam
1047 795 185 60 iniustam
1186 795 185 60 tutandam
1324 795 216 60 suscipiat,
1494 795 77 60 &
1525 795 92 60 si
1571 795 108 60 eam
1632 795 92 60 ab
1679 795 169 60 exordio
1802 795 169 60 probabi
1910 795 46 60 E

240 848 143 54 liter
335 848 159 54 iustam
446 848 270 54 arbitrabatur,
669 848 95 54 ac
716 848 190 54 temporis
859 848 206 54 progressu
1018 848 143 54 illam
1113 848 175 54 iniquam
1240 848 254 54 deprehendit,
1446 848 175 54 tenetur
1573 848 143 54 illam
1668 848 190 54 deserere
1811 848 79 54 &
1827 848 111 54 iniu¬-

242 889 170 66 stitiam
365 889 108 66 suo
427 889 170 66 clienti
550 889 231 66 denunciare.
735 889 139 66 Norma
828 889 216 66 generalis,
998 889 201 66 procedens
1152 889 93 66 in
1198 889 139 66 causa
1291 889 123 66 post
1368 889 231 66 iniustitiam
1553 889 170 66 agnitam
1677 889 170 66 peccat:
1800 889 77 66 &
1816 889 123 66 dannum

234 939 139 64 parti
326 939 154 64 laesae
434 939 170 64 illatam
558 939 201 64 refundere
712 939 232 64 deuincitur.
898 939 124 64 vnde
975 939 185 64 bifariam
1114 939 185 64 patronus
1253 939 139 64 iuste
1346 939 108 64 aut
1408 939 108 64 non
1470 939 170 64 iniuste
1593 939 154 64 causam
1701 939 201 64 suscipit,
1840 939 93 64 quam

232 991 90 59 do
277 991 136 59 causa
368 991 136 59 iusta
458 991 181 59 putatur,
594 991 106 59 vel
654 991 90 59 de
699 991 151 59 illius
805 991 211 59 iniustitia
970 991 211 59 ambigitur:
1136 991 241 59 patrocinatur
1332 991 90 59 vt
1377 991 226 59 discussione
1558 991 166 59 veritas
1679 991 241 59 splendescat,
1860 991 75 59 li¬-

236 1035 117 62 cet
303 1035 151 62 litem
404 1035 217 62 ancipitem
571 1035 167 62 cliens
688 1035 201 62 deserere
838 1035 134 62 haud
922 1035 201 62 tenetur:
1072 1035 117 62 ita
1139 1035 117 62 nec
1206 1035 201 62 patronus
1357 1035 134 62 suum
1440 1035 251 62 patrocinium
1641 1035 167 62 minime
1741 1035 201 62 inficiabi¬-

243 1090 126 54 tur.
322 1090 189 54 Caeterum
464 1090 95 54 si
511 1090 95 54 ex
558 1090 110 54 sua
621 1090 205 54 imperitia
779 1090 158 54 cliens
889 1090 158 54 causam
1000 1090 158 54 iustam
1110 1090 173 54 omittat
1236 1090 189 54 plurimum
1378 1090 221 54 exorbitat,
1551 1090 158 54 merita
1661 1090 158 54 causae
1772 1090 95 54 ab
1803 1090 142 54 exordio

243 1135 78 49 a
274 1135 202 49 clientulo
429 1135 233 49 expiscetur,
615 1135 93 49 si
661 1135 217 49 clientulus
832 1135 217 49 mentiatur,
1002 1135 140 49 verum
1095 1135 124 49 loco
1173 1135 140 49 falsi
1266 1135 233 49 propalando,
1452 1135 279 49 iurisconsultus
1684 1135 109 49 est
1731 1135 202 49 excusandus,

240 1176 96 66 si
288 1176 160 66 inopis
400 1176 160 66 causam
512 1176 240 66 periclitari
704 1176 144 66 sinat
800 1176 224 66 delinquit:
976 1176 240 66 quemadmodum
1168 1176 128 66 homo
1248 1176 176 66 vrgenti
1376 1176 160 66 inopia
1488 1176 208 66 laboranti
1648 1176 224 66 succurrere
1808 1176 128 66 astrin

241 1227 156 64 gitur,
350 1227 109 64 ita
413 1227 125 64 eius
491 1227 187 64 iumentum
631 1227 78 64 e
662 1227 140 64 puteo
755 1227 202 64 extrahere
911 1227 202 64 obligatur
1067 1227 78 64 &
1098 1227 125 64 eius
1176 1227 156 64 damnum
1285 1227 93 64 in
1332 1227 156 64 futuro
1441 1227 171 64 iudicio
1565 1227 140 64 aliis
1659 1227 265 64 negligentibus
1861 1227 78 64 tue

229 1278 111 54 ri.
293 1278 111 54 Nec
356 1278 191 54 incassum
499 1278 191 54 laborat:
642 1278 175 54 dominus
769 1278 127 54 enim
849 1278 127 54 illi
928 1278 238 54 merceserit.
1119 1278 143 54 Demum
1214 1278 191 54 sublimis
1357 1278 111 54 est
1421 1278 159 54 virtus
1532 1278 191 54 iustitia
1675 1278 95 54 vt
1723 1278 95 54 in
1770 1278 159 54 fronte
1866 1278 79 54 hu¬-

241 1318 113 57 ius
305 1318 161 57 quinti
418 1318 225 57 retulimus:
595 1318 113 57 quo
660 1318 145 57 circa
756 1318 129 57 eius
837 1318 209 57 oppositum
998 1318 113 57 est
1062 1318 161 57 grande
1175 1318 161 57 nephas
1288 1318 81 57 &
1320 1318 193 57 plurimum
1465 1318 274 57 exprobrabile.
1690 1318 209 57 Aristides
1835 1318 113 57 athe¬-

241 1371 177 55 niensis
370 1371 97 55 ab
418 1371 226 55 incorrupta
595 1371 210 55 aequitate
757 1371 145 55 iusti
853 1371 193 55 cognomen
998 1371 145 55 inter
1095 1371 145 55 ciues
1192 1371 177 55 meruit.
1321 1371 210 55 Suetonius
1482 1371 113 55 ait
1546 1371 193 55 Augustum
1691 1371 193 55 Caesarem
1820 1371 113 55 tanta

243 1418 145 54 fuisse
344 1418 188 54 aequitate
488 1418 87 54 vt
532 1418 130 54 nulli
619 1418 145 54 vnquam
720 1418 130 54 genti
807 1418 116 54 sine
879 1418 145 54 iustis
980 1418 72 54 &
1009 1418 217 54 necessariis
1183 1418 145 54 causis
1284 1418 145 54 bellum
1385 1418 203 54 intulerit.
1544 1418 174 54 Pertrita
1675 1418 101 54 est
1732 1418 203 54 integritas
1877 1418 58 54 iu

235 1460 166 58 stitiae
356 1460 151 58 ipsius
461 1460 166 58 Camilli
582 1460 196 58 phaliscos
733 1460 227 58 obsidentis:
915 1460 106 58 cui
975 1460 242 58 ludimagister
1172 1460 227 58 phaliscorum
1353 1460 166 58 liberos
1474 1460 106 58 sub
1534 1460 196 58 praetextu
1685 1460 196 58 spatiandi
1821 1460 121 58 tradi¬-

243 1510 111 56 dit
307 1510 95 56 vt
354 1510 111 56 hac
417 1510 127 56 ansa
497 1510 190 56 parentes
639 1510 143 56 vrbem
734 1510 206 56 obsidenti
893 1510 222 56 traderent.
1067 1510 158 56 Astuti
1178 1510 206 56 perfidiam
1337 1510 190 56 Camillus
1479 1510 190 56 spreuit,
1622 1510 269 56 ludimagistrum
1828 1510 111 56 reuin

243 1553 125 56 ctis
321 1553 125 56 post
399 1553 140 56 terga
493 1553 171 56 manibus
617 1553 156 56 pueris
726 1553 249 56 flagellandum
929 1553 156 56 dedit,
1038 1553 93 56 ad
1084 1553 187 56 obsessos
1225 1553 109 56 cum
1287 1553 156 56 plagis
1396 1553 140 56 illum
1489 1553 187 56 remisit.
1630 1553 93 56 Ob
1676 1553 171 56 eximiam
1801 1553 125 56 hanc
1863 1553 78 56 iu¬-

244 1605 167 53 stitiam
366 1605 107 53 sua
426 1605 152 53 sponte
533 1605 183 53 phalisci
670 1605 213 53 deditionem
837 1605 167 53 fecere.
959 1605 122 53 Apud
1035 1605 198 53 generosos
1187 1605 152 53 animos
1294 1605 183 53 perfidia
1431 1605 152 53 poenas
1537 1605 122 53 luit
1613 1605 91 53 ac
1659 1605 183 53 iustitia
1781 1605 152 53 relucet.

246 1652 188 54 Cambyses
387 1652 172 54 iudicem
512 1652 125 54 illi
591 1652 235 54 charissimum
778 1652 172 54 pecunia
903 1652 172 54 forensi
1029 1652 141 54 causa
1122 1652 203 54 corruptum
1279 1652 203 54 euestigio
1435 1652 235 54 comprehendi
1623 1652 219 54 imperauit,
1795 1652 94 54 ac
1826 1652 110 54 pelle

243 1700 76 60 a
273 1700 122 60 toto
350 1700 122 60 eius
426 1700 168 60 corpore
548 1700 183 60 detracta
686 1700 168 60 iudicum
808 1700 183 60 tribunal
946 1700 183 60 insterni
1083 1700 153 60 fecit.
1190 1700 183 60 Posteris
1328 1700 214 60 documentum
1496 1700 214 60 relinquens
1664 1700 92 60 vt
1710 1700 153 60 aliena
1801 1700 138 60 insania

232 1741 196 58 admoniti
379 1741 180 58 rectius
510 1741 245 58 iudicarent.
706 1741 196 58 Caeterum
853 1741 131 58 duas
935 1741 164 58 regias
1050 1741 196 58 virtutes
1197 1741 229 58 potissimum
1377 1741 180 58 homerus
1508 1741 164 58 probat
1622 1741 196 58 scilicet
1753 1741 180 58 fortitudi

233 1789 112 64 nem
297 1789 143 64 atque
392 1789 223 64 iustitiam:
568 1789 112 64 cum
631 1789 112 64 sic
695 1789 175 64 inquit.
823 1789 127 64 Ille
902 1789 143 64 bonus
998 1789 191 64 pugnator
1141 1789 143 64 erat:
1237 1789 159 64 duxque
1348 1789 175 64 optimus
1476 1789 143 64 idem.
1572 1789 127 64 Quem
1651 1789 159 64 versum
1747 1789 191 64 tantifecit

234 1837 238 61 Alexander
417 1837 201 61 magnus,
563 1837 110 61 vt
618 1837 165 61 illum
728 1837 275 61 anteponeret
947 1837 201 61 omnibus
1094 1837 183 61 Homeri
1204 1837 201 61 versibus.

560 1883 293 86 Tract.
765 1883 235 86 III.
912 1883 235 86 Cap.
1058 1883 205 86 I.?
1175 1883 147 86 &
1234 1883 235 86 Lib.
1381 1883 176 86 V.
1469 1883 235 86 Cap.
1586 1883 88 86 X

587 1943 207 85 Finceps
738 1943 170 85 autem
851 1943 226 85 dicendum
1021 1943 132 85 est
1096 1943 113 85 de
1153 1943 245 85 aequitate
1341 1943 94 85 &
1379 1943 226 85 bonitate
1549 1943 170 85 atque
1662 1943 170 85 aequo
1775 1943 94 85 &
1794 1943 132 85 bonos

588 2015 193 69 quonam
723 2015 154 69 modo
819 2015 154 69 sese
916 2015 174 69 habet
1032 2015 232 69 aequitas
1205 2015 193 69 quidem
1341 2015 97 69 &
1379 2015 212 69 bonitas
1534 2015 116 69 ad
1592 2015 270 69 iustitiam:
1785 2015 154 69 aequum

572 2076 192 67 lautem
706 2076 96 67 &
745 2076 173 67 bonum
860 2076 115 67 ad
918 2076 211 67 iustum.
1071 2076 135 67 Nam
1148 2076 384 67 considerantibus,
1475 2076 173 67 neque
1590 2076 288 67 simpliciter
1802 2076 135 67 idem.

588 2124 166 62 neque
698 2124 184 62 genere
827 2124 221 62 diuersum
993 2124 148 62 esse
1086 2124 221 62 videtur:
1252 2124 166 62 atque
1362 2124 221 62 interdum
1528 2124 221 62 laudamus
1694 2124 184 62 aequum
1823 2124 92 62 &
1842 2124 92 62 bo¬-

582 2173 155 77 num,
679 2173 233 77 virumque
853 2173 194 77 talem.
989 2173 175 77 Quare
1106 2173 97 77 &
1144 2173 155 77 alia
1241 2173 252 77 laudantes
1435 2173 310 77 transferimus
1688 2173 136 77 pro
1765 2173 155 77 bono
1843 2173 97 77 ip¬-

456 2238 157 73 sum,
555 2238 216 73 aequius
712 2238 295 73 declarantes
948 2238 196 73 melius
1085 2238 177 73 essc.
1203 2238 236 73 Interdum
1380 2238 236 73 rationem
1557 2238 295 73 sequentibus
1773 2238 157 73 absur¬-

242 2289 126 76 dum
314 2289 217 76 videtur:
477 2289 108 76 si
531 2289 181 76 aequum
657 2289 90 76 &
694 2289 163 76 bonum
802 2289 126 76 (si
874 2289 126 76 sit
946 2289 145 76 quid
1037 2289 199 76 praeter
1181 2289 199 76 iustum)
1326 2289 235 76 laudabile
1506 2289 145 76 sit.
1597 2289 126 76 Nam
1669 2289 126 76 aut
1741 2289 181 76 iustum
1850 2289 90 76 non

242 2348 119 68 est
310 2348 239 68 studiosum,
498 2348 119 68 aut
566 2348 171 68 aequum
686 2348 85 68 &
720 2348 171 68 bonum,
839 2348 102 68 si
890 2348 154 68 aliud
993 2348 119 68 sit
1061 2348 85 68 a
1095 2348 171 68 iusto:
1214 2348 119 68 aut
1283 2348 136 68 idem
1368 2348 154 68 sunt,
1470 2348 102 68 si
1522 2348 205 68 vtrunque
1675 2348 119 68 est
1726 2348 205 68 studiosum.

238 2407 147 64 Haec
329 2407 184 64 igitur
458 2407 239 64 dubitatio
642 2407 110 64 ob
697 2407 110 64 ea
752 2407 147 64 fere
844 2407 147 64 quae
936 2407 165 64 dicta
1046 2407 165 64 sunt,
1156 2407 202 64 emergit
1303 2407 110 64 de
1358 2407 147 64 ipso
1450 2407 165 64 aequo
1561 2407 92 64 &
1597 2407 165 64 bono.
1708 2407 165 64 Recte
1799 2407 129 64 autem

241 2457 186 63 aliquo
371 2457 149 63 modo
464 2457 149 63 sese
557 2457 186 63 habent
687 2457 186 63 omnia:
817 2457 93 63 &
854 2457 167 63 nihil
966 2457 204 63 prorsus
1115 2457 167 63 ipsis
1226 2457 279 63 aduersatur.
1449 2457 130 63 Nam
1523 2457 186 63 aequum
1653 2457 93 63 &
1690 2457 167 63 bonum
1783 2457 149 63 iustum

229 2514 141 83 est:
317 2514 88 83 &
352 2514 123 83 est
423 2514 176 83 aliquo
546 2514 281 83 iustomelius:
774 2514 88 83 &
809 2514 123 83 non
880 2514 105 83 vt
932 2514 193 83 aliquod
1073 2514 158 83 aliud
1178 2514 176 83 genus:
1301 2514 176 83 melius
1424 2514 123 83 est
1495 2514 141 83 ipso
1583 2514 176 83 iusto.
1706 2514 141 83 ldem
1793 2514 123 83 est
1846 2514 88 83 er¬-

242 2573 104 75 go
294 2573 191 75 iustum,
433 2573 156 75 atque
537 2573 174 75 aequum
658 2573 87 75 &
693 2573 174 75 bonum.
815 2573 104 75 Et
867 2573 208 75 vtrunque
1023 2573 174 75 quidem
1145 2573 122 75 est
1214 2573 243 75 studiosum,
1405 2573 295 75 praestabilius
1648 2573 156 75 autem
1752 2573 122 75 est
1804 2573 122 75 ipsum

237 2640 195 64 aequum
373 2640 97 64 &
412 2640 195 64 bonum.
548 2640 136 64 Fit
626 2640 175 64 autem
743 2640 156 64 haec
840 2640 253 64 dubitatio
1035 2640 156 64 quia
1132 2640 195 64 aequum
1268 2640 97 64 &
1307 2640 175 64 bonum
1424 2640 195 64 iustum
1560 2640 195 64 quidem
1696 2640 156 64 est,
1794 2640 136 64 non
1852 2640 78 64 au

237 2693 129 58 tem
310 2693 129 58 lex
384 2693 129 58 est
458 2693 129 58 sed
532 2693 240 58 emendatio
716 2693 221 58 legitimi
882 2693 184 58 iusti.
1011 2693 166 58 Causa
1122 2693 166 58 autem
1232 2693 129 58 est
1306 2693 148 58 quia
1398 2693 129 58 lex
1472 2693 184 58 quidem
1601 2693 166 58 omnis
1693 2693 240 58 vniuersalis

238 2749 143 58 est:
328 2749 161 58 fieri
435 2749 161 58 autem
542 2749 125 58 non
614 2749 197 58 potest:
757 2749 107 58 vt
811 2749 107 58 de
865 2749 233 58 quibusdam
1044 2749 304 58 vniuersaliter
1294 2749 161 58 recte
1402 2749 215 58 dicatur.
1563 2749 107 58 In
1617 2749 179 58 quibus
1742 2749 179 58 igitur
1849 2749 90 58 vni

245 2798 238 72 uersaliter
432 2798 170 72 quidem
551 2798 170 72 dicere
670 2798 187 72 necesse
806 2798 136 72 est:
891 2798 153 72 fieri
993 2798 153 72 autem
1095 2798 119 72 non
1164 2798 170 72 potest
1283 2798 102 72 vt
1334 2798 153 72 recte
1436 2798 204 72 dicatur,
1589 2798 102 72 in
1640 2798 119 72 iis
1708 2798 119 72 lex
1776 2798 102 72 id
1810 2798 119 72 acci¬-

234 2846 125 86 pit
306 2846 143 86 quod
395 2846 125 86 fit
467 2846 233 86 plerunque
646 2846 143 86 haud
736 2846 215 86 ignorans
897 2846 233 86 peccatum.
1077 2846 108 86 Et
1130 2846 125 86 est
1202 2846 269 86 nihilominus
1417 2846 179 86 recta,
1543 2846 215 86 peccatum
1704 2846 143 86 enim
1794 2846 125 86 non
1847 2846 90 86 est

240 2924 105 58 in
292 2924 157 58 lege:
396 2924 122 58 nec
466 2924 105 58 in
518 2924 279 58 legislatore:
745 2924 122 58 sed
814 2924 105 58 in
867 2924 139 58 ipsa
954 2924 122 58 rei
1023 2924 192 58 natura.
1163 2924 209 58 Continuo
1319 2924 174 58 nanque
1441 2924 157 58 rerum
1546 2924 157 58 earum
1650 2924 139 58 quae
1737 2924 122 58 sub
1790 2924 139 58 actio¬-

229 2975 123 64 nem
300 2975 193 64 cadunt,
440 2975 193 64 materia
580 2975 158 64 talis
686 2975 140 64 est.
774 2975 140 64 Quum
861 2975 176 64 igitur
984 2975 123 64 lex
1054 2975 176 64 quidem
1177 2975 298 64 vniuersaliter
1423 2975 228 64 loquitur:
1599 2975 105 64 in
1651 2975 123 64 iis
1721 2975 158 64 autem
1809 2975 123 64 prae¬-

233 3023 125 79 ter
304 3023 249 79 vniuersale
500 3023 213 79 quippiam
660 3023 213 79 accidit,
820 3023 125 79 tum
891 3023 160 79 recte
998 3023 142 79 sese
1087 3023 178 79 habet:
1212 3023 107 79 vt
1265 3023 107 79 ea
1318 3023 160 79 parte
1425 3023 125 79 qua
1496 3023 249 79 legistator
1692 3023 178 79 omisit
1798 3023 125 79 atque

240 3085 221 68 peccauit
405 3085 369 68 absolutelocutus:
719 3085 240 68 emendetur
903 3085 240 68 defectus:
1088 3085 147 68 quod
1180 3085 92 68 &
1217 3085 147 68 ipse
1309 3085 258 68 legistator
1511 3085 111 68 si
1567 3085 221 68 adesset,
1733 3085 129 68 hoc
1806 3085 147 68 modo

233 3127 230 82 dixisset:
410 3127 88 82 &
445 3127 106 82 si
498 3127 247 82 sciuisset,
693 3127 212 82 iubentem
852 3127 159 82 legem
958 3127 230 82 tulisset.
1135 3127 247 82 Quapropter
1329 3127 177 82 iustum
1453 3127 177 82 quidem
1577 3127 124 82 est
1647 3127 88 82 &
1665 3127 265 82 praestabilius

224 3184 187 84 aliquo
355 3184 168 84 iusto
467 3184 131 84 non
542 3184 168 84 tamen
654 3184 280 84 simpliciter
878 3184 187 84 iusto,
1009 3184 131 84 sed
1084 3184 112 84 eo
1140 3184 149 84 quod
1233 3184 187 84 peccat
1364 3184 243 84 propterea
1550 3184 149 84 quod
1644 3184 280 84 simpliciter
1849 3184 75 84 di

223 3258 146 69 ctum
314 3258 146 69 est.
405 3258 164 69 Atque
514 3258 146 69 haec
605 3258 127 69 est
678 3258 182 69 natura
805 3258 182 69 ipsius
933 3258 164 69 aequi
1042 3258 91 69 &
1078 3258 164 69 boni:
1188 3258 237 69 emendatio
1370 3258 164 69 legis
1479 3258 109 69 ex
1534 3258 109 69 ea
1588 3258 182 69 parte,
1716 3258 127 69 qua
1770 3258 164 69 deficit
