<?xml version="1.0" encoding="UTF-8"?>
<alto xmlns:xsi="http://www.w3.org/2001/XMLSchema-instance"
      xmlns="http://www.loc.gov/standards/alto/ns-v4#"
      xmlns:page="http://schema.primaresearch.org/PAGE/gts/pagecontent/2013-07-15"
      xsi:schemaLocation="http://www.loc.gov/standards/alto/ns-v4# https://www.loc.gov/standards/alto/v4/alto.xsd">
   <Description>
      <MeasurementUnit>pixel</MeasurementUnit>
      <OCRProcessing ID="IdOcr">
         <ocrProcessingStep>
            <processingDateTime>2021-02-27T08:21:59.794-05:00</processingDateTime>
            <processingSoftware>
               <softwareCreator>READ COOP</softwareCreator>
               <softwareName>Transkribus</softwareName>
            </processingSoftware>
         </ocrProcessingStep>
      </OCRProcessing>
   </Description>
   <Tags/>
   <Layout>
      <Page ID="Page1" PHYSICAL_IMG_NR="1" HEIGHT="3591" WIDTH="2327">
         <TopMargin HEIGHT="0" WIDTH="2327" VPOS="0" HPOS="0"/>
         <LeftMargin HEIGHT="3591" WIDTH="0" VPOS="0" HPOS="0"/>
         <RightMargin HEIGHT="3591" WIDTH="0" VPOS="0" HPOS="2327"/>
         <BottomMargin HEIGHT="0" WIDTH="2327" VPOS="3591" HPOS="0"/>
         <PrintSpace HEIGHT="3591" WIDTH="2327" VPOS="0" HPOS="0">
            <TextBlock ID="r2" HEIGHT="3113" WIDTH="1678" VPOS="167" HPOS="476">
               <Shape>
                  <Polygon POINTS="476,167 476,3280 2154,3280 2154,167"/>
               </Shape>
               <TextLine ID="r2l2"
                         BASELINE="476,302 559,300 642,300 725,299 809,299 892,297 975,297 1059,297 1142,297 1225,297 1309,297 1392,297 1475,299 1558,299 1642,299 1725,300 1808,300 1892,300 1975,302 2058,302 2142,303"
                         HEIGHT="96"
                         WIDTH="1686"
                         VPOS="229"
                         HPOS="466">
                  <String HEIGHT="96" WIDTH="131" VPOS="229" HPOS="447" CONTENT="sus"/>
                  <SP HEIGHT="96" WIDTH="19" VPOS="229" HPOS="578"/>
                  <String HEIGHT="96" WIDTH="131" VPOS="229" HPOS="522" CONTENT="eum"/>
                  <SP HEIGHT="96" WIDTH="19" VPOS="229" HPOS="653"/>
                  <String HEIGHT="96" WIDTH="131" VPOS="229" HPOS="597" CONTENT="qui"/>
                  <SP HEIGHT="96" WIDTH="19" VPOS="229" HPOS="728"/>
                  <String HEIGHT="96"
                          WIDTH="150"
                          VPOS="229"
                          HPOS="672"
                          CONTENT="sibi"/>
                  <SP HEIGHT="96" WIDTH="19" VPOS="229" HPOS="822"/>
                  <String HEIGHT="96"
                          WIDTH="187"
                          VPOS="229"
                          HPOS="766"
                          CONTENT="mortem"/>
                  <SP HEIGHT="96" WIDTH="19" VPOS="229" HPOS="953"/>
                  <String HEIGHT="96"
                          WIDTH="262"
                          VPOS="229"
                          HPOS="897"
                          CONTENT="consciuit:"/>
                  <SP HEIGHT="96" WIDTH="19" VPOS="229" HPOS="1159"/>
                  <String HEIGHT="96" WIDTH="112" VPOS="229" HPOS="1103" CONTENT="vt"/>
                  <SP HEIGHT="96" WIDTH="19" VPOS="229" HPOS="1215"/>
                  <String HEIGHT="96"
                          WIDTH="225"
                          VPOS="229"
                          HPOS="1159"
                          CONTENT="ciuitati"/>
                  <SP HEIGHT="96" WIDTH="19" VPOS="229" HPOS="1384"/>
                  <String HEIGHT="96"
                          WIDTH="225"
                          VPOS="229"
                          HPOS="1328"
                          CONTENT="iniuriam"/>
                  <SP HEIGHT="96" WIDTH="19" VPOS="229" HPOS="1553"/>
                  <String HEIGHT="96"
                          WIDTH="262"
                          VPOS="229"
                          HPOS="1496"
                          CONTENT="facientem."/>
                  <SP HEIGHT="96" WIDTH="19" VPOS="229" HPOS="1759"/>
                  <String HEIGHT="96"
                          WIDTH="244"
                          VPOS="229"
                          HPOS="1702"
                          CONTENT="Praeterea"/>
                  <SP HEIGHT="96" WIDTH="19" VPOS="229" HPOS="1946"/>
                  <String HEIGHT="96"
                          WIDTH="169"
                          VPOS="229"
                          HPOS="1890"
                          CONTENT="fieri"/>
                  <SP HEIGHT="96" WIDTH="19" VPOS="229" HPOS="2058"/>
                  <String HEIGHT="96"
                          WIDTH="131"
                          VPOS="229"
                          HPOS="2002"
                          CONTENT="non"/>
                  <SP HEIGHT="96" WIDTH="19" VPOS="229" HPOS="2133"/>
                  <String HEIGHT="96"
                          WIDTH="94"
                          VPOS="229"
                          HPOS="2058"
                          CONTENT="po¬"
                          SUBS_TYPE="HypPart1"
                          SUBS_CONTENT="potest"/>
                  <HYP CONTENT="-"/>
               </TextLine>
               <TextLine ID="r2l3"
                         BASELINE="479,359 562,357 646,356 729,356 813,354 896,354 980,354 1063,354 1147,354 1230,354 1314,354 1398,354 1481,354 1565,354 1648,356 1732,356 1815,356 1899,356 1982,357 2066,357 2150,357"
                         HEIGHT="62"
                         WIDTH="1693"
                         VPOS="315"
                         HPOS="468">
                  <String HEIGHT="62"
                          WIDTH="135"
                          VPOS="315"
                          HPOS="451"
                          CONTENT="test"
                          SUBS_TYPE="HypPart2"
                          SUBS_CONTENT="potest"/>
                  <SP HEIGHT="62" WIDTH="17" VPOS="315" HPOS="587"/>
                  <String HEIGHT="62" WIDTH="102" VPOS="315" HPOS="536" CONTENT="vt"/>
                  <SP HEIGHT="62" WIDTH="17" VPOS="315" HPOS="637"/>
                  <String HEIGHT="62"
                          WIDTH="135"
                          VPOS="315"
                          HPOS="587"
                          CONTENT="sibi"/>
                  <SP HEIGHT="62" WIDTH="17" VPOS="315" HPOS="722"/>
                  <String HEIGHT="62"
                          WIDTH="135"
                          VPOS="315"
                          HPOS="671"
                          CONTENT="ipsi"/>
                  <SP HEIGHT="62" WIDTH="17" VPOS="315" HPOS="807"/>
                  <String HEIGHT="62"
                          WIDTH="203"
                          VPOS="315"
                          HPOS="756"
                          CONTENT="quisquam"/>
                  <SP HEIGHT="62" WIDTH="17" VPOS="315" HPOS="959"/>
                  <String HEIGHT="62"
                          WIDTH="203"
                          VPOS="315"
                          HPOS="908"
                          CONTENT="iniuriam"/>
                  <SP HEIGHT="62" WIDTH="17" VPOS="315" HPOS="1111"/>
                  <String HEIGHT="62"
                          WIDTH="169"
                          VPOS="315"
                          HPOS="1061"
                          CONTENT="faciat"/>
                  <SP HEIGHT="62" WIDTH="17" VPOS="315" HPOS="1230"/>
                  <String HEIGHT="62" WIDTH="102" VPOS="315" HPOS="1179" CONTENT="ea"/>
                  <SP HEIGHT="62" WIDTH="17" VPOS="315" HPOS="1281"/>
                  <String HEIGHT="62"
                          WIDTH="203"
                          VPOS="315"
                          HPOS="1230"
                          CONTENT="ratione,"/>
                  <SP HEIGHT="62" WIDTH="17" VPOS="315" HPOS="1433"/>
                  <String HEIGHT="62"
                          WIDTH="119"
                          VPOS="315"
                          HPOS="1382"
                          CONTENT="qua"/>
                  <SP HEIGHT="62" WIDTH="17" VPOS="315" HPOS="1501"/>
                  <String HEIGHT="62"
                          WIDTH="203"
                          VPOS="315"
                          HPOS="1450"
                          CONTENT="iniustus"/>
                  <SP HEIGHT="62" WIDTH="17" VPOS="315" HPOS="1653"/>
                  <String HEIGHT="62"
                          WIDTH="135"
                          VPOS="315"
                          HPOS="1602"
                          CONTENT="est:"/>
                  <SP HEIGHT="62" WIDTH="17" VPOS="315" HPOS="1738"/>
                  <String HEIGHT="62"
                          WIDTH="119"
                          VPOS="315"
                          HPOS="1687"
                          CONTENT="qui"/>
                  <SP HEIGHT="62" WIDTH="17" VPOS="315" HPOS="1805"/>
                  <String HEIGHT="62"
                          WIDTH="152"
                          VPOS="315"
                          HPOS="1755"
                          CONTENT="solum"/>
                  <SP HEIGHT="62" WIDTH="17" VPOS="315" HPOS="1907"/>
                  <String HEIGHT="62"
                          WIDTH="203"
                          VPOS="315"
                          HPOS="1856"
                          CONTENT="iniuriam"/>
                  <SP HEIGHT="62" WIDTH="17" VPOS="315" HPOS="2059"/>
                  <String HEIGHT="62"
                          WIDTH="169"
                          VPOS="315"
                          HPOS="2009"
                          CONTENT="facit:"/>
                  <SP HEIGHT="62" WIDTH="17" VPOS="315" HPOS="2178"/>
                  <String HEIGHT="62" WIDTH="51" VPOS="315" HPOS="2110" CONTENT="&amp;"/>
               </TextLine>
               <TextLine ID="r2l4"
                         BASELINE="488,414 571,413 654,411 737,410 820,410 903,408 986,408 1069,408 1152,408 1235,408 1318,410 1401,410 1484,410 1567,410 1650,411 1733,411 1816,411 1899,413 1982,413 2065,413 2148,413"
                         HEIGHT="52"
                         WIDTH="1680"
                         VPOS="379"
                         HPOS="478">
                  <String HEIGHT="52" WIDTH="134" VPOS="379" HPOS="459" CONTENT="non"/>
                  <SP HEIGHT="52" WIDTH="19" VPOS="379" HPOS="593"/>
                  <String HEIGHT="52"
                          WIDTH="191"
                          VPOS="379"
                          HPOS="535"
                          CONTENT="omnino"/>
                  <SP HEIGHT="52" WIDTH="19" VPOS="379" HPOS="726"/>
                  <String HEIGHT="52" WIDTH="134" VPOS="379" HPOS="669" CONTENT="est"/>
                  <SP HEIGHT="52" WIDTH="19" VPOS="379" HPOS="803"/>
                  <String HEIGHT="52"
                          WIDTH="248"
                          VPOS="379"
                          HPOS="745"
                          CONTENT="vitiosus."/>
                  <SP HEIGHT="52" WIDTH="19" VPOS="379" HPOS="993"/>
                  <String HEIGHT="52" WIDTH="134" VPOS="379" HPOS="936" CONTENT="Hic"/>
                  <SP HEIGHT="52" WIDTH="19" VPOS="379" HPOS="1070"/>
                  <String HEIGHT="52"
                          WIDTH="153"
                          VPOS="379"
                          HPOS="1013"
                          CONTENT="enim"/>
                  <SP HEIGHT="52" WIDTH="19" VPOS="379" HPOS="1165"/>
                  <String HEIGHT="52"
                          WIDTH="210"
                          VPOS="379"
                          HPOS="1108"
                          CONTENT="differt"/>
                  <SP HEIGHT="52" WIDTH="19" VPOS="379" HPOS="1318"/>
                  <String HEIGHT="52" WIDTH="115" VPOS="379" HPOS="1261" CONTENT="ab"/>
                  <SP HEIGHT="52" WIDTH="19" VPOS="379" HPOS="1375"/>
                  <String HEIGHT="52"
                          WIDTH="172"
                          VPOS="379"
                          HPOS="1318"
                          CONTENT="illo."/>
                  <SP HEIGHT="52" WIDTH="19" VPOS="379" HPOS="1490"/>
                  <String HEIGHT="52"
                          WIDTH="153"
                          VPOS="379"
                          HPOS="1433"
                          CONTENT="homo"/>
                  <SP HEIGHT="52" WIDTH="19" VPOS="379" HPOS="1585"/>
                  <String HEIGHT="52"
                          WIDTH="191"
                          VPOS="379"
                          HPOS="1528"
                          CONTENT="nanque"/>
                  <SP HEIGHT="52" WIDTH="19" VPOS="379" HPOS="1719"/>
                  <String HEIGHT="52"
                          WIDTH="229"
                          VPOS="379"
                          HPOS="1662"
                          CONTENT="iniustus"/>
                  <SP HEIGHT="52" WIDTH="19" VPOS="379" HPOS="1891"/>
                  <String HEIGHT="52"
                          WIDTH="134"
                          VPOS="379"
                          HPOS="1833"
                          CONTENT="est"/>
                  <SP HEIGHT="52" WIDTH="19" VPOS="379" HPOS="1967"/>
                  <String HEIGHT="52"
                          WIDTH="191"
                          VPOS="379"
                          HPOS="1910"
                          CONTENT="quodam"/>
                  <SP HEIGHT="52" WIDTH="19" VPOS="379" HPOS="2101"/>
                  <String HEIGHT="52"
                          WIDTH="153"
                          VPOS="379"
                          HPOS="2043"
                          CONTENT="modo"/>
                  <SP HEIGHT="52" WIDTH="19" VPOS="379" HPOS="2196"/>
                  <String HEIGHT="52" WIDTH="38" VPOS="379" HPOS="2120" CONTENT=""/>
               </TextLine>
               <TextLine ID="r2l5"
                         BASELINE="497,473 579,470 662,468 744,467 827,465 909,465 992,465 1074,465 1157,465 1239,465 1322,465 1405,467 1487,467 1570,467 1652,467 1735,468 1817,468 1900,468 1982,467 2065,467 2148,465"
                         HEIGHT="67"
                         WIDTH="1672"
                         VPOS="422"
                         HPOS="487">
                  <String HEIGHT="67" WIDTH="129" VPOS="422" HPOS="469" CONTENT="sic"/>
                  <SP HEIGHT="67" WIDTH="18" VPOS="422" HPOS="597"/>
                  <String HEIGHT="67"
                          WIDTH="202"
                          VPOS="422"
                          HPOS="542"
                          CONTENT="prauus:"/>
                  <SP HEIGHT="67" WIDTH="18" VPOS="422" HPOS="744"/>
                  <String HEIGHT="67" WIDTH="110" VPOS="422" HPOS="689" CONTENT="vt"/>
                  <SP HEIGHT="67" WIDTH="18" VPOS="422" HPOS="799"/>
                  <String HEIGHT="67"
                          WIDTH="147"
                          VPOS="422"
                          HPOS="744"
                          CONTENT="ipse"/>
                  <SP HEIGHT="67" WIDTH="18" VPOS="422" HPOS="891"/>
                  <String HEIGHT="67"
                          WIDTH="220"
                          VPOS="422"
                          HPOS="836"
                          CONTENT="timidus:"/>
                  <SP HEIGHT="67" WIDTH="18" VPOS="422" HPOS="1057"/>
                  <String HEIGHT="67"
                          WIDTH="129"
                          VPOS="422"
                          HPOS="1001"
                          CONTENT="non"/>
                  <SP HEIGHT="67" WIDTH="18" VPOS="422" HPOS="1130"/>
                  <String HEIGHT="67" WIDTH="110" VPOS="422" HPOS="1075" CONTENT="vt"/>
                  <SP HEIGHT="67" WIDTH="18" VPOS="422" HPOS="1185"/>
                  <String HEIGHT="67"
                          WIDTH="165"
                          VPOS="422"
                          HPOS="1130"
                          CONTENT="totam"/>
                  <SP HEIGHT="67" WIDTH="18" VPOS="422" HPOS="1295"/>
                  <String HEIGHT="67"
                          WIDTH="184"
                          VPOS="422"
                          HPOS="1240"
                          CONTENT="habens"/>
                  <SP HEIGHT="67" WIDTH="18" VPOS="422" HPOS="1424"/>
                  <String HEIGHT="67"
                          WIDTH="276"
                          VPOS="422"
                          HPOS="1369"
                          CONTENT="prauitatem."/>
                  <SP HEIGHT="67" WIDTH="18" VPOS="422" HPOS="1645"/>
                  <String HEIGHT="67"
                          WIDTH="165"
                          VPOS="422"
                          HPOS="1589"
                          CONTENT="Quare"/>
                  <SP HEIGHT="67" WIDTH="18" VPOS="422" HPOS="1755"/>
                  <String HEIGHT="67"
                          WIDTH="129"
                          VPOS="422"
                          HPOS="1700"
                          CONTENT="nec"/>
                  <SP HEIGHT="67" WIDTH="18" VPOS="422" HPOS="1828"/>
                  <String HEIGHT="67"
                          WIDTH="129"
                          VPOS="422"
                          HPOS="1773"
                          CONTENT="hac"/>
                  <SP HEIGHT="67" WIDTH="18" VPOS="422" HPOS="1902"/>
                  <String HEIGHT="67"
                          WIDTH="257"
                          VPOS="422"
                          HPOS="1847"
                          CONTENT="iniustitia"/>
                  <SP HEIGHT="67" WIDTH="18" VPOS="422" HPOS="2104"/>
                  <String HEIGHT="67"
                          WIDTH="129"
                          VPOS="422"
                          HPOS="2030"
                          CONTENT="sibi¬"
                          SUBS_TYPE="HypPart1"
                          SUBS_CONTENT="sibiipsi"/>
                  <HYP CONTENT="-"/>
               </TextLine>
               <TextLine ID="r2l6"
                         BASELINE="489,525 572,524 655,524 738,522 821,522 904,522 987,521 1070,521 1153,521 1236,522 1320,522 1403,522 1486,522 1569,522 1652,522 1735,524 1818,524 1901,524 1984,524 2067,524 2151,524"
                         HEIGHT="79"
                         WIDTH="1683"
                         VPOS="474"
                         HPOS="478">
                  <String HEIGHT="79"
                          WIDTH="146"
                          VPOS="474"
                          HPOS="460"
                          CONTENT="ipsi"
                          SUBS_TYPE="HypPart2"
                          SUBS_CONTENT="sibiipsi"/>
                  <SP HEIGHT="79" WIDTH="18" VPOS="474" HPOS="606"/>
                  <String HEIGHT="79"
                          WIDTH="220"
                          VPOS="474"
                          HPOS="551"
                          CONTENT="quisquam"/>
                  <SP HEIGHT="79" WIDTH="18" VPOS="474" HPOS="771"/>
                  <String HEIGHT="79"
                          WIDTH="220"
                          VPOS="474"
                          HPOS="716"
                          CONTENT="iniuriam"/>
                  <SP HEIGHT="79" WIDTH="18" VPOS="474" HPOS="935"/>
                  <String HEIGHT="79"
                          WIDTH="183"
                          VPOS="474"
                          HPOS="880"
                          CONTENT="facit."/>
                  <SP HEIGHT="79" WIDTH="18" VPOS="474" HPOS="1063"/>
                  <String HEIGHT="79"
                          WIDTH="128"
                          VPOS="474"
                          HPOS="1009"
                          CONTENT="Nam"/>
                  <SP HEIGHT="79" WIDTH="18" VPOS="474" HPOS="1137"/>
                  <String HEIGHT="79"
                          WIDTH="146"
                          VPOS="474"
                          HPOS="1082"
                          CONTENT="idem"/>
                  <SP HEIGHT="79" WIDTH="18" VPOS="474" HPOS="1228"/>
                  <String HEIGHT="79"
                          WIDTH="165"
                          VPOS="474"
                          HPOS="1173"
                          CONTENT="simul"/>
                  <SP HEIGHT="79" WIDTH="18" VPOS="474" HPOS="1338"/>
                  <String HEIGHT="79"
                          WIDTH="201"
                          VPOS="474"
                          HPOS="1283"
                          CONTENT="ablatum"/>
                  <SP HEIGHT="79" WIDTH="18" VPOS="474" HPOS="1484"/>
                  <String HEIGHT="79" WIDTH="110" VPOS="474" HPOS="1429" CONTENT="ab"/>
                  <SP HEIGHT="79" WIDTH="18" VPOS="474" HPOS="1539"/>
                  <String HEIGHT="79"
                          WIDTH="183"
                          VPOS="474"
                          HPOS="1484"
                          CONTENT="aliquo"/>
                  <SP HEIGHT="79" WIDTH="18" VPOS="474" HPOS="1667"/>
                  <String HEIGHT="79" WIDTH="110" VPOS="474" HPOS="1612" CONTENT="ac"/>
                  <SP HEIGHT="79" WIDTH="18" VPOS="474" HPOS="1722"/>
                  <String HEIGHT="79"
                          WIDTH="165"
                          VPOS="474"
                          HPOS="1667"
                          CONTENT="eidem"/>
                  <SP HEIGHT="79" WIDTH="18" VPOS="474" HPOS="1832"/>
                  <String HEIGHT="79"
                          WIDTH="201"
                          VPOS="474"
                          HPOS="1777"
                          CONTENT="additum"/>
                  <SP HEIGHT="79" WIDTH="18" VPOS="474" HPOS="1978"/>
                  <String HEIGHT="79"
                          WIDTH="183"
                          VPOS="474"
                          HPOS="1923"
                          CONTENT="esset:"/>
                  <SP HEIGHT="79" WIDTH="18" VPOS="474" HPOS="2106"/>
                  <String HEIGHT="79"
                          WIDTH="146"
                          VPOS="474"
                          HPOS="2051"
                          CONTENT="quod"/>
                  <SP HEIGHT="79" WIDTH="18" VPOS="474" HPOS="2198"/>
                  <String HEIGHT="79" WIDTH="37" VPOS="474" HPOS="2124" CONTENT=""/>
               </TextLine>
               <TextLine ID="r2l7"
                         BASELINE="485,582 567,581 650,579 733,579 815,578 898,578 981,577 1063,576 1146,576 1229,576 1312,578 1394,578 1477,578 1560,578 1642,578 1725,578 1808,579 1890,579 1973,578 2056,578 2139,578"
                         HEIGHT="57"
                         WIDTH="1674"
                         VPOS="537"
                         HPOS="475">
                  <String HEIGHT="57"
                          WIDTH="157"
                          VPOS="537"
                          HPOS="458"
                          CONTENT="fieri"/>
                  <SP HEIGHT="57" WIDTH="17" VPOS="537" HPOS="615"/>
                  <String HEIGHT="57"
                          WIDTH="192"
                          VPOS="537"
                          HPOS="562"
                          CONTENT="nequit."/>
                  <SP HEIGHT="57" WIDTH="17" VPOS="537" HPOS="754"/>
                  <String HEIGHT="57" WIDTH="122" VPOS="537" HPOS="702" CONTENT="Sed"/>
                  <SP HEIGHT="57" WIDTH="17" VPOS="537" HPOS="824"/>
                  <String HEIGHT="57"
                          WIDTH="174"
                          VPOS="537"
                          HPOS="771"
                          CONTENT="semper"/>
                  <SP HEIGHT="57" WIDTH="17" VPOS="537" HPOS="946"/>
                  <String HEIGHT="57"
                          WIDTH="157"
                          VPOS="537"
                          HPOS="894"
                          CONTENT="inter"/>
                  <SP HEIGHT="57" WIDTH="17" VPOS="537" HPOS="1050"/>
                  <String HEIGHT="57"
                          WIDTH="174"
                          VPOS="537"
                          HPOS="998"
                          CONTENT="plures"/>
                  <SP HEIGHT="57" WIDTH="17" VPOS="537" HPOS="1173"/>
                  <String HEIGHT="57"
                          WIDTH="192"
                          VPOS="537"
                          HPOS="1120"
                          CONTENT="inustum"/>
                  <SP HEIGHT="57" WIDTH="17" VPOS="537" HPOS="1312"/>
                  <String HEIGHT="57"
                          WIDTH="157"
                          VPOS="537"
                          HPOS="1260"
                          CONTENT="atque"/>
                  <SP HEIGHT="57" WIDTH="17" VPOS="537" HPOS="1417"/>
                  <String HEIGHT="57"
                          WIDTH="209"
                          VPOS="537"
                          HPOS="1364"
                          CONTENT="iniustum"/>
                  <SP HEIGHT="57" WIDTH="17" VPOS="537" HPOS="1574"/>
                  <String HEIGHT="57"
                          WIDTH="140"
                          VPOS="537"
                          HPOS="1521"
                          CONTENT="esse"/>
                  <SP HEIGHT="57" WIDTH="17" VPOS="537" HPOS="1661"/>
                  <String HEIGHT="57"
                          WIDTH="192"
                          VPOS="537"
                          HPOS="1608"
                          CONTENT="necesse"/>
                  <SP HEIGHT="57" WIDTH="17" VPOS="537" HPOS="1800"/>
                  <String HEIGHT="57"
                          WIDTH="140"
                          VPOS="537"
                          HPOS="1748"
                          CONTENT="est."/>
                  <SP HEIGHT="57" WIDTH="17" VPOS="537" HPOS="1887"/>
                  <String HEIGHT="57"
                          WIDTH="227"
                          VPOS="537"
                          HPOS="1835"
                          CONTENT="Praeterea"/>
                  <SP HEIGHT="57" WIDTH="17" VPOS="537" HPOS="2062"/>
                  <String HEIGHT="57"
                          WIDTH="122"
                          VPOS="537"
                          HPOS="2010"
                          CONTENT="qui"/>
                  <SP HEIGHT="57" WIDTH="17" VPOS="537" HPOS="2132"/>
                  <String HEIGHT="57"
                          WIDTH="87"
                          VPOS="537"
                          HPOS="2062"
                          CONTENT="in¬"
                          SUBS_TYPE="HypPart1"
                          SUBS_CONTENT="iniuriam"/>
                  <HYP CONTENT="-"/>
               </TextLine>
               <TextLine ID="r2l8"
                         BASELINE="498,636 580,636 663,635 745,635 828,633 911,633 993,633 1076,633 1158,633 1241,633 1324,633 1406,633 1489,633 1571,635 1654,635 1737,635 1819,635 1902,635 1984,635 2067,635 2150,635"
                         HEIGHT="57"
                         WIDTH="1674"
                         VPOS="590"
                         HPOS="487">
                  <String HEIGHT="57"
                          WIDTH="173"
                          VPOS="590"
                          HPOS="470"
                          CONTENT="iuriam"
                          SUBS_TYPE="HypPart2"
                          SUBS_CONTENT="iniuriam"/>
                  <SP HEIGHT="57" WIDTH="17" VPOS="590" HPOS="642"/>
                  <String HEIGHT="57"
                          WIDTH="173"
                          VPOS="590"
                          HPOS="591"
                          CONTENT="facit:"/>
                  <SP HEIGHT="57" WIDTH="17" VPOS="590" HPOS="763"/>
                  <String HEIGHT="57"
                          WIDTH="173"
                          VPOS="590"
                          HPOS="711"
                          CONTENT="sponte"/>
                  <SP HEIGHT="57" WIDTH="17" VPOS="590" HPOS="884"/>
                  <String HEIGHT="57"
                          WIDTH="155"
                          VPOS="590"
                          HPOS="832"
                          CONTENT="agit,"/>
                  <SP HEIGHT="57" WIDTH="17" VPOS="590" HPOS="987"/>
                  <String HEIGHT="57" WIDTH="86" VPOS="590" HPOS="936" CONTENT="&amp;"/>
                  <SP HEIGHT="57" WIDTH="17" VPOS="590" HPOS="1022"/>
                  <String HEIGHT="57"
                          WIDTH="242"
                          VPOS="590"
                          HPOS="970"
                          CONTENT="electione,"/>
                  <SP HEIGHT="57" WIDTH="17" VPOS="590" HPOS="1212"/>
                  <String HEIGHT="57" WIDTH="86" VPOS="590" HPOS="1160" CONTENT="&amp;"/>
                  <SP HEIGHT="57" WIDTH="17" VPOS="590" HPOS="1246"/>
                  <String HEIGHT="57"
                          WIDTH="173"
                          VPOS="590"
                          HPOS="1195"
                          CONTENT="prior."/>
                  <SP HEIGHT="57" WIDTH="17" VPOS="590" HPOS="1367"/>
                  <String HEIGHT="57"
                          WIDTH="121"
                          VPOS="590"
                          HPOS="1315"
                          CONTENT="Qui"/>
                  <SP HEIGHT="57" WIDTH="17" VPOS="590" HPOS="1436"/>
                  <String HEIGHT="57"
                          WIDTH="173"
                          VPOS="590"
                          HPOS="1384"
                          CONTENT="nanque"/>
                  <SP HEIGHT="57" WIDTH="17" VPOS="590" HPOS="1557"/>
                  <String HEIGHT="57"
                          WIDTH="173"
                          VPOS="590"
                          HPOS="1505"
                          CONTENT="laesus"/>
                  <SP HEIGHT="57" WIDTH="17" VPOS="590" HPOS="1678"/>
                  <String HEIGHT="57"
                          WIDTH="155"
                          VPOS="590"
                          HPOS="1626"
                          CONTENT="indem"/>
                  <SP HEIGHT="57" WIDTH="17" VPOS="590" HPOS="1781"/>
                  <String HEIGHT="57"
                          WIDTH="207"
                          VPOS="590"
                          HPOS="1730"
                          CONTENT="vicissim"/>
                  <SP HEIGHT="57" WIDTH="17" VPOS="590" HPOS="1937"/>
                  <String HEIGHT="57"
                          WIDTH="173"
                          VPOS="590"
                          HPOS="1885"
                          CONTENT="facit,"/>
                  <SP HEIGHT="57" WIDTH="17" VPOS="590" HPOS="2057"/>
                  <String HEIGHT="57"
                          WIDTH="173"
                          VPOS="590"
                          HPOS="1988"
                          CONTENT="iniuriam"/>
               </TextLine>
               <TextLine ID="r2l9"
                         BASELINE="483,693 565,693 648,692 731,690 814,690 897,690 979,689 1062,689 1145,689 1228,689 1311,689 1393,689 1476,689 1559,690 1642,690 1725,690 1807,690 1890,690 1973,690 2056,690 2139,690"
                         HEIGHT="73"
                         WIDTH="1676"
                         VPOS="644"
                         HPOS="473">
                  <String HEIGHT="73"
                          WIDTH="182"
                          VPOS="644"
                          HPOS="455"
                          CONTENT="facere"/>
                  <SP HEIGHT="73" WIDTH="18" VPOS="644" HPOS="637"/>
                  <String HEIGHT="73" WIDTH="128" VPOS="644" HPOS="582" CONTENT="non"/>
                  <SP HEIGHT="73" WIDTH="18" VPOS="644" HPOS="710"/>
                  <String HEIGHT="73"
                          WIDTH="219"
                          VPOS="644"
                          HPOS="655"
                          CONTENT="videtur."/>
                  <SP HEIGHT="73" WIDTH="18" VPOS="644" HPOS="874"/>
                  <String HEIGHT="73"
                          WIDTH="146"
                          VPOS="644"
                          HPOS="819"
                          CONTENT="Ipse"/>
                  <SP HEIGHT="73" WIDTH="18" VPOS="644" HPOS="965"/>
                  <String HEIGHT="73"
                          WIDTH="164"
                          VPOS="644"
                          HPOS="910"
                          CONTENT="autem"/>
                  <SP HEIGHT="73" WIDTH="18" VPOS="644" HPOS="1074"/>
                  <String HEIGHT="73"
                          WIDTH="164"
                          VPOS="644"
                          HPOS="1020"
                          CONTENT="simul"/>
                  <SP HEIGHT="73" WIDTH="18" VPOS="644" HPOS="1183"/>
                  <String HEIGHT="73"
                          WIDTH="164"
                          VPOS="644"
                          HPOS="1129"
                          CONTENT="eadem"/>
                  <SP HEIGHT="73" WIDTH="18" VPOS="644" HPOS="1293"/>
                  <String HEIGHT="73"
                          WIDTH="200"
                          VPOS="644"
                          HPOS="1238"
                          CONTENT="patitur"/>
                  <SP HEIGHT="73" WIDTH="18" VPOS="644" HPOS="1439"/>
                  <String HEIGHT="73"
                          WIDTH="200"
                          VPOS="644"
                          HPOS="1384"
                          CONTENT="sibique"/>
                  <SP HEIGHT="73" WIDTH="18" VPOS="644" HPOS="1584"/>
                  <String HEIGHT="73"
                          WIDTH="182"
                          VPOS="644"
                          HPOS="1530"
                          CONTENT="facit."/>
                  <SP HEIGHT="73" WIDTH="18" VPOS="644" HPOS="1712"/>
                  <String HEIGHT="73"
                          WIDTH="237"
                          VPOS="644"
                          HPOS="1657"
                          CONTENT="Praeterea"/>
                  <SP HEIGHT="73" WIDTH="18" VPOS="644" HPOS="1894"/>
                  <String HEIGHT="73"
                          WIDTH="128"
                          VPOS="644"
                          HPOS="1839"
                          CONTENT="sua"/>
                  <SP HEIGHT="73" WIDTH="18" VPOS="644" HPOS="1967"/>
                  <String HEIGHT="73"
                          WIDTH="182"
                          VPOS="644"
                          HPOS="1912"
                          CONTENT="sponte"/>
                  <SP HEIGHT="73" WIDTH="18" VPOS="644" HPOS="2094"/>
                  <String HEIGHT="73"
                          WIDTH="128"
                          VPOS="644"
                          HPOS="2021"
                          CONTENT="quis¬"
                          SUBS_TYPE="HypPart1"
                          SUBS_CONTENT="quispiam"/>
                  <HYP CONTENT="-"/>
               </TextLine>
               <TextLine ID="r2l10"
                         BASELINE="491,749 578,747 665,746 752,744 840,744 927,744 1014,744 1102,744 1189,744 1276,744 1364,744 1451,746 1538,746 1626,746 1713,746 1800,746 1888,747 1975,746 2062,746 2150,746"
                         HEIGHT="67"
                         WIDTH="1681"
                         VPOS="702"
                         HPOS="480">
                  <String HEIGHT="67"
                          WIDTH="149"
                          VPOS="702"
                          HPOS="461"
                          CONTENT="piam"
                          SUBS_TYPE="HypPart2"
                          SUBS_CONTENT="quispiam"/>
                  <SP HEIGHT="67" WIDTH="19" VPOS="702" HPOS="611"/>
                  <String HEIGHT="67"
                          WIDTH="224"
                          VPOS="702"
                          HPOS="555"
                          CONTENT="iniuriam"/>
                  <SP HEIGHT="67" WIDTH="19" VPOS="702" HPOS="779"/>
                  <String HEIGHT="67"
                          WIDTH="261"
                          VPOS="702"
                          HPOS="723"
                          CONTENT="pateretur."/>
                  <SP HEIGHT="67" WIDTH="19" VPOS="702" HPOS="984"/>
                  <String HEIGHT="67"
                          WIDTH="205"
                          VPOS="702"
                          HPOS="928"
                          CONTENT="Insuper"/>
                  <SP HEIGHT="67" WIDTH="19" VPOS="702" HPOS="1134"/>
                  <String HEIGHT="67"
                          WIDTH="149"
                          VPOS="702"
                          HPOS="1078"
                          CONTENT="sine"/>
                  <SP HEIGHT="67" WIDTH="19" VPOS="702" HPOS="1227"/>
                  <String HEIGHT="67"
                          WIDTH="224"
                          VPOS="702"
                          HPOS="1171"
                          CONTENT="singulis"/>
                  <SP HEIGHT="67" WIDTH="19" VPOS="702" HPOS="1395"/>
                  <String HEIGHT="67"
                          WIDTH="243"
                          VPOS="702"
                          HPOS="1339"
                          CONTENT="iniuriis:"/>
                  <SP HEIGHT="67" WIDTH="19" VPOS="702" HPOS="1582"/>
                  <String HEIGHT="67"
                          WIDTH="224"
                          VPOS="702"
                          HPOS="1526"
                          CONTENT="iniuriam"/>
                  <SP HEIGHT="67" WIDTH="19" VPOS="702" HPOS="1750"/>
                  <String HEIGHT="67"
                          WIDTH="168"
                          VPOS="702"
                          HPOS="1694"
                          CONTENT="facit"/>
                  <SP HEIGHT="67" WIDTH="19" VPOS="702" HPOS="1862"/>
                  <String HEIGHT="67"
                          WIDTH="168"
                          VPOS="702"
                          HPOS="1806"
                          CONTENT="nemo."/>
                  <SP HEIGHT="67" WIDTH="19" VPOS="702" HPOS="1974"/>
                  <String HEIGHT="67" WIDTH="112" VPOS="702" HPOS="1918" CONTENT="At"/>
                  <SP HEIGHT="67" WIDTH="19" VPOS="702" HPOS="2030"/>
                  <String HEIGHT="67"
                          WIDTH="149"
                          VPOS="702"
                          HPOS="1974"
                          CONTENT="nemo"/>
                  <SP HEIGHT="67" WIDTH="19" VPOS="702" HPOS="2124"/>
                  <String HEIGHT="67"
                          WIDTH="112"
                          VPOS="702"
                          HPOS="2049"
                          CONTENT="adul"/>
               </TextLine>
               <TextLine ID="r2l11"
                         BASELINE="492,803 574,803 656,801 739,801 821,801 903,801 986,801 1068,800 1150,801 1233,801 1315,801 1397,801 1480,801 1562,801 1644,801 1727,801 1809,801 1891,801 1974,803 2056,801 2139,801"
                         HEIGHT="69"
                         WIDTH="1668"
                         VPOS="760"
                         HPOS="481">
                  <String HEIGHT="69"
                          WIDTH="201"
                          VPOS="760"
                          HPOS="461"
                          CONTENT="terium"/>
                  <SP HEIGHT="69" WIDTH="20" VPOS="760" HPOS="662"/>
                  <String HEIGHT="69" WIDTH="141" VPOS="760" HPOS="602" CONTENT="sua"/>
                  <SP HEIGHT="69" WIDTH="20" VPOS="760" HPOS="742"/>
                  <String HEIGHT="69" WIDTH="141" VPOS="760" HPOS="682" CONTENT="cum"/>
                  <SP HEIGHT="69" WIDTH="20" VPOS="760" HPOS="823"/>
                  <String HEIGHT="69"
                          WIDTH="181"
                          VPOS="760"
                          HPOS="762"
                          CONTENT="vxore"/>
                  <SP HEIGHT="69" WIDTH="20" VPOS="760" HPOS="943"/>
                  <String HEIGHT="69"
                          WIDTH="281"
                          VPOS="760"
                          HPOS="883"
                          CONTENT="committit."/>
                  <SP HEIGHT="69" WIDTH="20" VPOS="760" HPOS="1164"/>
                  <String HEIGHT="69"
                          WIDTH="161"
                          VPOS="760"
                          HPOS="1104"
                          CONTENT="Nemo"/>
                  <SP HEIGHT="69" WIDTH="20" VPOS="760" HPOS="1265"/>
                  <String HEIGHT="69"
                          WIDTH="241"
                          VPOS="760"
                          HPOS="1204"
                          CONTENT="parietem"/>
                  <SP HEIGHT="69" WIDTH="20" VPOS="760" HPOS="1446"/>
                  <String HEIGHT="69"
                          WIDTH="241"
                          VPOS="760"
                          HPOS="1385"
                          CONTENT="confodit"/>
                  <SP HEIGHT="69" WIDTH="20" VPOS="760" HPOS="1626"/>
                  <String HEIGHT="69"
                          WIDTH="181"
                          VPOS="760"
                          HPOS="1566"
                          CONTENT="suum,"/>
                  <SP HEIGHT="69" WIDTH="20" VPOS="760" HPOS="1747"/>
                  <String HEIGHT="69"
                          WIDTH="161"
                          VPOS="760"
                          HPOS="1687"
                          CONTENT="nemo"/>
                  <SP HEIGHT="69" WIDTH="20" VPOS="760" HPOS="1848"/>
                  <String HEIGHT="69"
                          WIDTH="141"
                          VPOS="760"
                          HPOS="1787"
                          CONTENT="res"/>
                  <SP HEIGHT="69" WIDTH="20" VPOS="760" HPOS="1928"/>
                  <String HEIGHT="69"
                          WIDTH="161"
                          VPOS="760"
                          HPOS="1868"
                          CONTENT="suas"/>
                  <SP HEIGHT="69" WIDTH="20" VPOS="760" HPOS="2028"/>
                  <String HEIGHT="69"
                          WIDTH="201"
                          VPOS="760"
                          HPOS="1948"
                          CONTENT="furatur."/>
               </TextLine>
               <TextLine ID="r2l12"
                         BASELINE="504,858 586,858 668,858 750,858 832,857 914,857 996,857 1079,857 1161,857 1243,857 1325,857 1407,857 1489,857 1571,857 1654,857 1736,857 1818,857 1900,857 1982,857 2064,857 2147,857"
                         HEIGHT="73"
                         WIDTH="1663"
                         VPOS="812"
                         HPOS="494">
                  <String HEIGHT="73"
                          WIDTH="183"
                          VPOS="812"
                          HPOS="476"
                          CONTENT="Omnino"/>
                  <SP HEIGHT="73" WIDTH="18" VPOS="812" HPOS="658"/>
                  <String HEIGHT="73"
                          WIDTH="164"
                          VPOS="812"
                          HPOS="604"
                          CONTENT="autem"/>
                  <SP HEIGHT="73" WIDTH="18" VPOS="812" HPOS="768"/>
                  <String HEIGHT="73" WIDTH="128" VPOS="812" HPOS="713" CONTENT="hoc"/>
                  <SP HEIGHT="73" WIDTH="18" VPOS="812" HPOS="841"/>
                  <String HEIGHT="73"
                          WIDTH="164"
                          VPOS="812"
                          HPOS="786"
                          CONTENT="(sibi"/>
                  <SP HEIGHT="73" WIDTH="18" VPOS="812" HPOS="951"/>
                  <String HEIGHT="73"
                          WIDTH="183"
                          VPOS="812"
                          HPOS="896"
                          CONTENT="inquam"/>
                  <SP HEIGHT="73" WIDTH="18" VPOS="812" HPOS="1079"/>
                  <String HEIGHT="73"
                          WIDTH="219"
                          VPOS="812"
                          HPOS="1024"
                          CONTENT="iniuriam"/>
                  <SP HEIGHT="73" WIDTH="18" VPOS="812" HPOS="1243"/>
                  <String HEIGHT="73"
                          WIDTH="201"
                          VPOS="812"
                          HPOS="1188"
                          CONTENT="facere)"/>
                  <SP HEIGHT="73" WIDTH="18" VPOS="812" HPOS="1389"/>
                  <String HEIGHT="73"
                          WIDTH="219"
                          VPOS="812"
                          HPOS="1335"
                          CONTENT="soluitur"/>
                  <SP HEIGHT="73" WIDTH="18" VPOS="812" HPOS="1554"/>
                  <String HEIGHT="73"
                          WIDTH="292"
                          VPOS="812"
                          HPOS="1499"
                          CONTENT="diffinitione"/>
                  <SP HEIGHT="73" WIDTH="18" VPOS="812" HPOS="1792"/>
                  <String HEIGHT="73"
                          WIDTH="219"
                          VPOS="812"
                          HPOS="1737"
                          CONTENT="iniuriam"/>
                  <SP HEIGHT="73" WIDTH="18" VPOS="812" HPOS="1956"/>
                  <String HEIGHT="73"
                          WIDTH="238"
                          VPOS="812"
                          HPOS="1901"
                          CONTENT="patiendi."/>
                  <SP HEIGHT="73" WIDTH="18" VPOS="812" HPOS="2139"/>
                  <String HEIGHT="73" WIDTH="91" VPOS="812" HPOS="2066" CONTENT="sua"/>
               </TextLine>
               <TextLine ID="r2l13"
                         BASELINE="488,914 570,914 653,914 736,912 819,912 902,912 984,912 1067,912 1150,912 1233,912 1316,912 1398,912 1481,912 1564,912 1647,912 1730,912 1812,912 1895,912 1978,912 2061,912 2144,912"
                         HEIGHT="57"
                         WIDTH="1676"
                         VPOS="880"
                         HPOS="477">
                  <String HEIGHT="57"
                          WIDTH="193"
                          VPOS="880"
                          HPOS="458"
                          CONTENT="nanque"/>
                  <SP HEIGHT="57" WIDTH="19" VPOS="880" HPOS="650"/>
                  <String HEIGHT="57"
                          WIDTH="193"
                          VPOS="880"
                          HPOS="593"
                          CONTENT="sponte"/>
                  <SP HEIGHT="57" WIDTH="19" VPOS="880" HPOS="785"/>
                  <String HEIGHT="57"
                          WIDTH="212"
                          VPOS="880"
                          HPOS="727"
                          CONTENT="patitur"/>
                  <SP HEIGHT="57" WIDTH="19" VPOS="880" HPOS="939"/>
                  <String HEIGHT="57"
                          WIDTH="231"
                          VPOS="880"
                          HPOS="882"
                          CONTENT="iniuriam"/>
                  <SP HEIGHT="57" WIDTH="19" VPOS="880" HPOS="1113"/>
                  <String HEIGHT="57"
                          WIDTH="173"
                          VPOS="880"
                          HPOS="1055"
                          CONTENT="nemo."/>
                  <SP HEIGHT="57" WIDTH="19" VPOS="880" HPOS="1228"/>
                  <String HEIGHT="57" WIDTH="116" VPOS="880" HPOS="1171" CONTENT="At"/>
                  <SP HEIGHT="57" WIDTH="19" VPOS="880" HPOS="1286"/>
                  <String HEIGHT="57"
                          WIDTH="154"
                          VPOS="880"
                          HPOS="1228"
                          CONTENT="vero"/>
                  <SP HEIGHT="57" WIDTH="19" VPOS="880" HPOS="1382"/>
                  <String HEIGHT="57"
                          WIDTH="212"
                          VPOS="880"
                          HPOS="1325"
                          CONTENT="constat"/>
                  <SP HEIGHT="57" WIDTH="19" VPOS="880" HPOS="1537"/>
                  <String HEIGHT="57"
                          WIDTH="231"
                          VPOS="880"
                          HPOS="1479"
                          CONTENT="vtrunque"/>
                  <SP HEIGHT="57" WIDTH="19" VPOS="880" HPOS="1710"/>
                  <String HEIGHT="57"
                          WIDTH="193"
                          VPOS="880"
                          HPOS="1652"
                          CONTENT="prauum"/>
                  <SP HEIGHT="57" WIDTH="19" VPOS="880" HPOS="1845"/>
                  <String HEIGHT="57"
                          WIDTH="154"
                          VPOS="880"
                          HPOS="1787"
                          CONTENT="esse"/>
                  <SP HEIGHT="57" WIDTH="19" VPOS="880" HPOS="1941"/>
                  <String HEIGHT="57"
                          WIDTH="193"
                          VPOS="880"
                          HPOS="1883"
                          CONTENT="facere"/>
                  <SP HEIGHT="57" WIDTH="19" VPOS="880" HPOS="2076"/>
                  <String HEIGHT="57"
                          WIDTH="154"
                          VPOS="880"
                          HPOS="1999"
                          CONTENT="inquam"/>
               </TextLine>
               <TextLine ID="r2l14"
                         BASELINE="491,971 573,971 655,969 738,969 820,969 903,969 985,969 1067,969 1150,969 1232,969 1315,969 1397,968 1479,968 1562,968 1644,968 1727,968 1809,968 1891,968 1974,968 2056,968 2139,968"
                         HEIGHT="61"
                         WIDTH="1670"
                         VPOS="925"
                         HPOS="480">
                  <String HEIGHT="61"
                          WIDTH="228"
                          VPOS="925"
                          HPOS="461"
                          CONTENT="iniuriam"/>
                  <SP HEIGHT="61" WIDTH="19" VPOS="925" HPOS="689"/>
                  <String HEIGHT="61"
                          WIDTH="171"
                          VPOS="925"
                          HPOS="632"
                          CONTENT="atque"/>
                  <SP HEIGHT="61" WIDTH="19" VPOS="925" HPOS="803"/>
                  <String HEIGHT="61"
                          WIDTH="171"
                          VPOS="925"
                          HPOS="746"
                          CONTENT="pati."/>
                  <SP HEIGHT="61" WIDTH="19" VPOS="925" HPOS="916"/>
                  <String HEIGHT="61"
                          WIDTH="209"
                          VPOS="925"
                          HPOS="860"
                          CONTENT="Alterum"/>
                  <SP HEIGHT="61" WIDTH="19" VPOS="925" HPOS="1068"/>
                  <String HEIGHT="61"
                          WIDTH="152"
                          VPOS="925"
                          HPOS="1011"
                          CONTENT="enim"/>
                  <SP HEIGHT="61" WIDTH="19" VPOS="925" HPOS="1163"/>
                  <String HEIGHT="61"
                          WIDTH="133"
                          VPOS="925"
                          HPOS="1106"
                          CONTENT="est"/>
                  <SP HEIGHT="61" WIDTH="19" VPOS="925" HPOS="1239"/>
                  <String HEIGHT="61"
                          WIDTH="171"
                          VPOS="925"
                          HPOS="1182"
                          CONTENT="plus,"/>
                  <SP HEIGHT="61" WIDTH="19" VPOS="925" HPOS="1353"/>
                  <String HEIGHT="61"
                          WIDTH="209"
                          VPOS="925"
                          HPOS="1296"
                          CONTENT="alterum"/>
                  <SP HEIGHT="61" WIDTH="19" VPOS="925" HPOS="1505"/>
                  <String HEIGHT="61"
                          WIDTH="171"
                          VPOS="925"
                          HPOS="1448"
                          CONTENT="minus"/>
                  <SP HEIGHT="61" WIDTH="19" VPOS="925" HPOS="1619"/>
                  <String HEIGHT="61"
                          WIDTH="190"
                          VPOS="925"
                          HPOS="1562"
                          CONTENT="habere"/>
                  <SP HEIGHT="61" WIDTH="19" VPOS="925" HPOS="1751"/>
                  <String HEIGHT="61"
                          WIDTH="190"
                          VPOS="925"
                          HPOS="1695"
                          CONTENT="medio."/>
                  <SP HEIGHT="61" WIDTH="19" VPOS="925" HPOS="1884"/>
                  <String HEIGHT="61"
                          WIDTH="152"
                          VPOS="925"
                          HPOS="1827"
                          CONTENT="quod"/>
                  <SP HEIGHT="61" WIDTH="19" VPOS="925" HPOS="1979"/>
                  <String HEIGHT="61"
                          WIDTH="190"
                          VPOS="925"
                          HPOS="1922"
                          CONTENT="quidem"/>
                  <SP HEIGHT="61" WIDTH="19" VPOS="925" HPOS="2112"/>
                  <String HEIGHT="61"
                          WIDTH="114"
                          VPOS="925"
                          HPOS="2036"
                          CONTENT="per¬"
                          SUBS_TYPE="HypPart1"
                          SUBS_CONTENT="perinde"/>
                  <HYP CONTENT="-"/>
               </TextLine>
               <TextLine ID="r2l15"
                         BASELINE="501,1025 583,1025 665,1025 747,1025 829,1025 912,1025 994,1025 1076,1025 1158,1025 1240,1025 1323,1025 1405,1025 1487,1025 1569,1025 1651,1025 1734,1025 1816,1025 1898,1025 1980,1025 2062,1025 2145,1025"
                         HEIGHT="67"
                         WIDTH="1664"
                         VPOS="980"
                         HPOS="491">
                  <String HEIGHT="67"
                          WIDTH="145"
                          VPOS="980"
                          HPOS="473"
                          CONTENT="inde"
                          SUBS_TYPE="HypPart2"
                          SUBS_CONTENT="perinde"/>
                  <SP HEIGHT="67" WIDTH="18" VPOS="980" HPOS="618"/>
                  <String HEIGHT="67"
                          WIDTH="145"
                          VPOS="980"
                          HPOS="563"
                          CONTENT="sese"/>
                  <SP HEIGHT="67" WIDTH="18" VPOS="980" HPOS="708"/>
                  <String HEIGHT="67"
                          WIDTH="163"
                          VPOS="980"
                          HPOS="654"
                          CONTENT="habet"/>
                  <SP HEIGHT="67" WIDTH="18" VPOS="980" HPOS="817"/>
                  <String HEIGHT="67"
                          WIDTH="163"
                          VPOS="980"
                          HPOS="762"
                          CONTENT="atque"/>
                  <SP HEIGHT="67" WIDTH="18" VPOS="980" HPOS="925"/>
                  <String HEIGHT="67" WIDTH="109" VPOS="980" HPOS="871" CONTENT="in"/>
                  <SP HEIGHT="67" WIDTH="18" VPOS="980" HPOS="979"/>
                  <String HEIGHT="67"
                          WIDTH="217"
                          VPOS="980"
                          HPOS="925"
                          CONTENT="medicina"/>
                  <SP HEIGHT="67" WIDTH="18" VPOS="980" HPOS="1142"/>
                  <String HEIGHT="67"
                          WIDTH="181"
                          VPOS="980"
                          HPOS="1088"
                          CONTENT="quidem"/>
                  <SP HEIGHT="67" WIDTH="18" VPOS="980" HPOS="1269"/>
                  <String HEIGHT="67"
                          WIDTH="145"
                          VPOS="980"
                          HPOS="1214"
                          CONTENT="quod"/>
                  <SP HEIGHT="67" WIDTH="18" VPOS="980" HPOS="1359"/>
                  <String HEIGHT="67" WIDTH="109" VPOS="980" HPOS="1305" CONTENT="ad"/>
                  <SP HEIGHT="67" WIDTH="18" VPOS="980" HPOS="1413"/>
                  <String HEIGHT="67"
                          WIDTH="253"
                          VPOS="980"
                          HPOS="1359"
                          CONTENT="sanitatem:"/>
                  <SP HEIGHT="67" WIDTH="18" VPOS="980" HPOS="1612"/>
                  <String HEIGHT="67" WIDTH="109" VPOS="980" HPOS="1558" CONTENT="in"/>
                  <SP HEIGHT="67" WIDTH="18" VPOS="980" HPOS="1667"/>
                  <String HEIGHT="67"
                          WIDTH="271"
                          VPOS="980"
                          HPOS="1612"
                          CONTENT="exercitandi"/>
                  <SP HEIGHT="67" WIDTH="18" VPOS="980" HPOS="1884"/>
                  <String HEIGHT="67"
                          WIDTH="163"
                          VPOS="980"
                          HPOS="1829"
                          CONTENT="autem"/>
                  <SP HEIGHT="67" WIDTH="18" VPOS="980" HPOS="1992"/>
                  <String HEIGHT="67"
                          WIDTH="163"
                          VPOS="980"
                          HPOS="1938"
                          CONTENT="arte:"/>
                  <SP HEIGHT="67" WIDTH="18" VPOS="980" HPOS="2101"/>
                  <String HEIGHT="67"
                          WIDTH="145"
                          VPOS="980"
                          HPOS="2046"
                          CONTENT="quod"/>
                  <SP HEIGHT="67" WIDTH="18" VPOS="980" HPOS="2191"/>
                  <String HEIGHT="67" WIDTH="36" VPOS="980" HPOS="2119" CONTENT=""/>
               </TextLine>
               <TextLine ID="r2l16"
                         BASELINE="491,1079 573,1079 656,1079 739,1079 821,1079 904,1079 987,1079 1069,1079 1152,1079 1235,1079 1318,1079 1400,1079 1483,1079 1566,1079 1648,1079 1731,1079 1814,1079 1896,1079 1979,1080 2062,1080 2145,1080"
                         HEIGHT="69"
                         WIDTH="1676"
                         VPOS="1033"
                         HPOS="480">
                  <String HEIGHT="69" WIDTH="118" VPOS="1033" HPOS="460" CONTENT="ad"/>
                  <SP HEIGHT="69" WIDTH="20" VPOS="1033" HPOS="579"/>
                  <String HEIGHT="69"
                          WIDTH="296"
                          VPOS="1033"
                          HPOS="519"
                          CONTENT="habitudinem"/>
                  <SP HEIGHT="69" WIDTH="20" VPOS="1033" HPOS="815"/>
                  <String HEIGHT="69"
                          WIDTH="237"
                          VPOS="1033"
                          HPOS="756"
                          CONTENT="corporis"/>
                  <SP HEIGHT="69" WIDTH="20" VPOS="1033" HPOS="993"/>
                  <String HEIGHT="69"
                          WIDTH="177"
                          VPOS="1033"
                          HPOS="934"
                          CONTENT="bonam"/>
                  <SP HEIGHT="69" WIDTH="20" VPOS="1033" HPOS="1111"/>
                  <String HEIGHT="69"
                          WIDTH="256"
                          VPOS="1033"
                          HPOS="1052"
                          CONTENT="conducit."/>
                  <SP HEIGHT="69" WIDTH="20" VPOS="1033" HPOS="1308"/>
                  <String HEIGHT="69"
                          WIDTH="177"
                          VPOS="1033"
                          HPOS="1249"
                          CONTENT="Peius"/>
                  <SP HEIGHT="69" WIDTH="20" VPOS="1033" HPOS="1426"/>
                  <String HEIGHT="69"
                          WIDTH="177"
                          VPOS="1033"
                          HPOS="1367"
                          CONTENT="tamen"/>
                  <SP HEIGHT="69" WIDTH="20" VPOS="1033" HPOS="1545"/>
                  <String HEIGHT="69"
                          WIDTH="138"
                          VPOS="1033"
                          HPOS="1486"
                          CONTENT="est"/>
                  <SP HEIGHT="69" WIDTH="20" VPOS="1033" HPOS="1624"/>
                  <String HEIGHT="69"
                          WIDTH="237"
                          VPOS="1033"
                          HPOS="1564"
                          CONTENT="iniuriam"/>
                  <SP HEIGHT="69" WIDTH="20" VPOS="1033" HPOS="1801"/>
                  <String HEIGHT="69"
                          WIDTH="217"
                          VPOS="1033"
                          HPOS="1742"
                          CONTENT="facere."/>
                  <SP HEIGHT="69" WIDTH="20" VPOS="1033" HPOS="1959"/>
                  <String HEIGHT="69"
                          WIDTH="138"
                          VPOS="1033"
                          HPOS="1900"
                          CONTENT="Hoc"/>
                  <SP HEIGHT="69" WIDTH="20" VPOS="1033" HPOS="2038"/>
                  <String HEIGHT="69"
                          WIDTH="158"
                          VPOS="1033"
                          HPOS="1979"
                          CONTENT="enim"/>
                  <SP HEIGHT="69" WIDTH="20" VPOS="1033" HPOS="2136"/>
                  <String HEIGHT="69"
                          WIDTH="99"
                          VPOS="1033"
                          HPOS="2057"
                          CONTENT="cum"/>
               </TextLine>
               <TextLine ID="r2l17"
                         BASELINE="510,1137 591,1137 672,1136 753,1136 835,1136 916,1136 997,1136 1078,1136 1160,1136 1241,1136 1322,1136 1403,1136 1485,1136 1566,1136 1647,1136 1728,1136 1810,1136 1891,1136 1972,1136 2053,1134 2135,1134"
                         HEIGHT="73"
                         WIDTH="1645"
                         VPOS="1087"
                         HPOS="500">
                  <String HEIGHT="73"
                          WIDTH="163"
                          VPOS="1087"
                          HPOS="482"
                          CONTENT="vitio"/>
                  <SP HEIGHT="73" WIDTH="18" VPOS="1087" HPOS="645"/>
                  <String HEIGHT="73"
                          WIDTH="145"
                          VPOS="1087"
                          HPOS="590"
                          CONTENT="est,"/>
                  <SP HEIGHT="73" WIDTH="18" VPOS="1087" HPOS="735"/>
                  <String HEIGHT="73"
                          WIDTH="163"
                          VPOS="1087"
                          HPOS="681"
                          CONTENT="atque"/>
                  <SP HEIGHT="73" WIDTH="18" VPOS="1087" HPOS="843"/>
                  <String HEIGHT="73"
                          WIDTH="289"
                          VPOS="1087"
                          HPOS="789"
                          CONTENT="vituperatur."/>
                  <SP HEIGHT="73" WIDTH="18" VPOS="1087" HPOS="1078"/>
                  <String HEIGHT="73"
                          WIDTH="108"
                          VPOS="1087"
                          HPOS="1024"
                          CONTENT="Et"/>
                  <SP HEIGHT="73" WIDTH="18" VPOS="1087" HPOS="1133"/>
                  <String HEIGHT="73"
                          WIDTH="163"
                          VPOS="1087"
                          HPOS="1078"
                          CONTENT="vitio"/>
                  <SP HEIGHT="73" WIDTH="18" VPOS="1087" HPOS="1241"/>
                  <String HEIGHT="73"
                          WIDTH="127"
                          VPOS="1087"
                          HPOS="1187"
                          CONTENT="vel"/>
                  <SP HEIGHT="73" WIDTH="18" VPOS="1087" HPOS="1313"/>
                  <String HEIGHT="73"
                          WIDTH="217"
                          VPOS="1087"
                          HPOS="1259"
                          CONTENT="perfecto"/>
                  <SP HEIGHT="73" WIDTH="18" VPOS="1087" HPOS="1476"/>
                  <String HEIGHT="73" WIDTH="90" VPOS="1087" HPOS="1422" CONTENT="&amp;"/>
                  <SP HEIGHT="73" WIDTH="18" VPOS="1087" HPOS="1512"/>
                  <String HEIGHT="73"
                          WIDTH="289"
                          VPOS="1087"
                          HPOS="1458"
                          CONTENT="simpliciter:"/>
                  <SP HEIGHT="73" WIDTH="18" VPOS="1087" HPOS="1747"/>
                  <String HEIGHT="73"
                          WIDTH="127"
                          VPOS="1087"
                          HPOS="1693"
                          CONTENT="vel"/>
                  <SP HEIGHT="73" WIDTH="18" VPOS="1087" HPOS="1820"/>
                  <String HEIGHT="73"
                          WIDTH="181"
                          VPOS="1087"
                          HPOS="1765"
                          CONTENT="prope."/>
                  <SP HEIGHT="73" WIDTH="18" VPOS="1087" HPOS="1946"/>
                  <String HEIGHT="73"
                          WIDTH="127"
                          VPOS="1087"
                          HPOS="1892"
                          CONTENT="Non"/>
                  <SP HEIGHT="73" WIDTH="18" VPOS="1087" HPOS="2018"/>
                  <String HEIGHT="73"
                          WIDTH="145"
                          VPOS="1087"
                          HPOS="1964"
                          CONTENT="enim"/>
                  <SP HEIGHT="73" WIDTH="18" VPOS="1087" HPOS="2109"/>
                  <String HEIGHT="73"
                          WIDTH="108"
                          VPOS="1087"
                          HPOS="2037"
                          CONTENT="omne"/>
               </TextLine>
               <TextLine ID="r2l18"
                         BASELINE="504,1191 585,1191 666,1191 748,1191 829,1191 911,1191 992,1191 1074,1191 1155,1191 1237,1191 1318,1191 1399,1191 1481,1190 1562,1190 1644,1190 1725,1190 1807,1190 1888,1190 1970,1191 2051,1191 2133,1191"
                         HEIGHT="73"
                         WIDTH="1649"
                         VPOS="1142"
                         HPOS="494">
                  <String HEIGHT="73"
                          WIDTH="137"
                          VPOS="1142"
                          HPOS="477"
                          CONTENT="quod"/>
                  <SP HEIGHT="73" WIDTH="17" VPOS="1142" HPOS="614"/>
                  <String HEIGHT="73"
                          WIDTH="172"
                          VPOS="1142"
                          HPOS="563"
                          CONTENT="sponte"/>
                  <SP HEIGHT="73" WIDTH="17" VPOS="1142" HPOS="734"/>
                  <String HEIGHT="73"
                          WIDTH="137"
                          VPOS="1142"
                          HPOS="683"
                          CONTENT="fit,"/>
                  <SP HEIGHT="73" WIDTH="17" VPOS="1142" HPOS="820"/>
                  <String HEIGHT="73"
                          WIDTH="120"
                          VPOS="1142"
                          HPOS="769"
                          CONTENT="cum"/>
                  <SP HEIGHT="73" WIDTH="17" VPOS="1142" HPOS="889"/>
                  <String HEIGHT="73"
                          WIDTH="240"
                          VPOS="1142"
                          HPOS="838"
                          CONTENT="iniustitia"/>
                  <SP HEIGHT="73" WIDTH="17" VPOS="1142" HPOS="1078"/>
                  <String HEIGHT="73"
                          WIDTH="137"
                          VPOS="1142"
                          HPOS="1026"
                          CONTENT="est."/>
                  <SP HEIGHT="73" WIDTH="17" VPOS="1142" HPOS="1164"/>
                  <String HEIGHT="73"
                          WIDTH="120"
                          VPOS="1142"
                          HPOS="1112"
                          CONTENT="sed"/>
                  <SP HEIGHT="73" WIDTH="17" VPOS="1142" HPOS="1233"/>
                  <String HEIGHT="73"
                          WIDTH="137"
                          VPOS="1142"
                          HPOS="1181"
                          CONTENT="pati"/>
                  <SP HEIGHT="73" WIDTH="17" VPOS="1142" HPOS="1319"/>
                  <String HEIGHT="73"
                          WIDTH="206"
                          VPOS="1142"
                          HPOS="1267"
                          CONTENT="iniuriam"/>
                  <SP HEIGHT="73" WIDTH="17" VPOS="1142" HPOS="1473"/>
                  <String HEIGHT="73"
                          WIDTH="137"
                          VPOS="1142"
                          HPOS="1422"
                          CONTENT="sine"/>
                  <SP HEIGHT="73" WIDTH="17" VPOS="1142" HPOS="1559"/>
                  <String HEIGHT="73"
                          WIDTH="172"
                          VPOS="1142"
                          HPOS="1507"
                          CONTENT="vitio,"/>
                  <SP HEIGHT="73" WIDTH="17" VPOS="1142" HPOS="1679"/>
                  <String HEIGHT="73" WIDTH="86" VPOS="1142" HPOS="1628" CONTENT="&amp;"/>
                  <SP HEIGHT="73" WIDTH="17" VPOS="1142" HPOS="1714"/>
                  <String HEIGHT="73"
                          WIDTH="240"
                          VPOS="1142"
                          HPOS="1662"
                          CONTENT="iniustitia"/>
                  <SP HEIGHT="73" WIDTH="17" VPOS="1142" HPOS="1903"/>
                  <String HEIGHT="73"
                          WIDTH="137"
                          VPOS="1142"
                          HPOS="1851"
                          CONTENT="est."/>
                  <SP HEIGHT="73" WIDTH="17" VPOS="1142" HPOS="1988"/>
                  <String HEIGHT="73"
                          WIDTH="137"
                          VPOS="1142"
                          HPOS="1937"
                          CONTENT="Pati"/>
                  <SP HEIGHT="73" WIDTH="17" VPOS="1142" HPOS="2074"/>
                  <String HEIGHT="73"
                          WIDTH="137"
                          VPOS="1142"
                          HPOS="2006"
                          CONTENT="igitur"/>
               </TextLine>
               <TextLine ID="r2l19"
                         BASELINE="488,1247 571,1247 654,1247 737,1247 820,1247 903,1247 986,1247 1069,1247 1152,1247 1235,1247 1318,1247 1401,1247 1484,1247 1567,1245 1650,1245 1733,1245 1816,1245 1899,1245 1982,1245 2065,1245 2148,1245"
                         HEIGHT="71"
                         WIDTH="1683"
                         VPOS="1207"
                         HPOS="476">
                  <String HEIGHT="71"
                          WIDTH="230"
                          VPOS="1207"
                          HPOS="457"
                          CONTENT="iniuriam"/>
                  <SP HEIGHT="71" WIDTH="19" VPOS="1207" HPOS="686"/>
                  <String HEIGHT="71"
                          WIDTH="134"
                          VPOS="1207"
                          HPOS="629"
                          CONTENT="per"/>
                  <SP HEIGHT="71" WIDTH="19" VPOS="1207" HPOS="763"/>
                  <String HEIGHT="71" WIDTH="115" VPOS="1207" HPOS="706" CONTENT="se"/>
                  <SP HEIGHT="71" WIDTH="19" VPOS="1207" HPOS="820"/>
                  <String HEIGHT="71"
                          WIDTH="191"
                          VPOS="1207"
                          HPOS="763"
                          CONTENT="quidem"/>
                  <SP HEIGHT="71" WIDTH="19" VPOS="1207" HPOS="954"/>
                  <String HEIGHT="71"
                          WIDTH="172"
                          VPOS="1207"
                          HPOS="897"
                          CONTENT="minus"/>
                  <SP HEIGHT="71" WIDTH="19" VPOS="1207" HPOS="1069"/>
                  <String HEIGHT="71"
                          WIDTH="134"
                          VPOS="1207"
                          HPOS="1012"
                          CONTENT="est"/>
                  <SP HEIGHT="71" WIDTH="19" VPOS="1207" HPOS="1145"/>
                  <String HEIGHT="71"
                          WIDTH="191"
                          VPOS="1207"
                          HPOS="1088"
                          CONTENT="malum:"/>
                  <SP HEIGHT="71" WIDTH="19" VPOS="1207" HPOS="1279"/>
                  <String HEIGHT="71"
                          WIDTH="134"
                          VPOS="1207"
                          HPOS="1222"
                          CONTENT="per"/>
                  <SP HEIGHT="71" WIDTH="19" VPOS="1207" HPOS="1356"/>
                  <String HEIGHT="71"
                          WIDTH="230"
                          VPOS="1207"
                          HPOS="1298"
                          CONTENT="accidens"/>
                  <SP HEIGHT="71" WIDTH="19" VPOS="1207" HPOS="1528"/>
                  <String HEIGHT="71"
                          WIDTH="172"
                          VPOS="1207"
                          HPOS="1471"
                          CONTENT="autem"/>
                  <SP HEIGHT="71" WIDTH="19" VPOS="1207" HPOS="1643"/>
                  <String HEIGHT="71"
                          WIDTH="172"
                          VPOS="1207"
                          HPOS="1585"
                          CONTENT="nihil"/>
                  <SP HEIGHT="71" WIDTH="19" VPOS="1207" HPOS="1757"/>
                  <String HEIGHT="71"
                          WIDTH="230"
                          VPOS="1207"
                          HPOS="1700"
                          CONTENT="prohibet"/>
                  <SP HEIGHT="71" WIDTH="19" VPOS="1207" HPOS="1930"/>
                  <String HEIGHT="71"
                          WIDTH="172"
                          VPOS="1207"
                          HPOS="1872"
                          CONTENT="maius"/>
                  <SP HEIGHT="71" WIDTH="19" VPOS="1207" HPOS="2044"/>
                  <String HEIGHT="71"
                          WIDTH="153"
                          VPOS="1207"
                          HPOS="1987"
                          CONTENT="esse"/>
                  <SP HEIGHT="71" WIDTH="19" VPOS="1207" HPOS="2140"/>
                  <String HEIGHT="71"
                          WIDTH="96"
                          VPOS="1207"
                          HPOS="2063"
                          CONTENT="ma¬"
                          SUBS_TYPE="HypPart1"
                          SUBS_CONTENT="malum."/>
                  <HYP CONTENT="-"/>
               </TextLine>
               <TextLine ID="r2l20"
                         BASELINE="491,1305 573,1305 655,1304 738,1304 820,1304 903,1302 985,1302 1067,1302 1150,1302 1232,1302 1315,1302 1397,1302 1479,1301 1562,1301 1644,1301 1727,1301 1809,1302 1891,1302 1974,1302 2056,1302 2139,1302"
                         HEIGHT="63"
                         WIDTH="1668"
                         VPOS="1254"
                         HPOS="481">
                  <String HEIGHT="63"
                          WIDTH="145"
                          VPOS="1254"
                          HPOS="463"
                          CONTENT="lum."
                          SUBS_TYPE="HypPart2"
                          SUBS_CONTENT="malum."/>
                  <SP HEIGHT="63" WIDTH="18" VPOS="1254" HPOS="608"/>
                  <String HEIGHT="63" WIDTH="109" VPOS="1254" HPOS="554" CONTENT="At"/>
                  <SP HEIGHT="63" WIDTH="18" VPOS="1254" HPOS="662"/>
                  <String HEIGHT="63"
                          WIDTH="127"
                          VPOS="1254"
                          HPOS="608"
                          CONTENT="non"/>
                  <SP HEIGHT="63" WIDTH="18" VPOS="1254" HPOS="735"/>
                  <String HEIGHT="63"
                          WIDTH="163"
                          VPOS="1254"
                          HPOS="680"
                          CONTENT="curae"/>
                  <SP HEIGHT="63" WIDTH="18" VPOS="1254" HPOS="844"/>
                  <String HEIGHT="63"
                          WIDTH="127"
                          VPOS="1254"
                          HPOS="789"
                          CONTENT="est"/>
                  <SP HEIGHT="63" WIDTH="18" VPOS="1254" HPOS="916"/>
                  <String HEIGHT="63"
                          WIDTH="163"
                          VPOS="1254"
                          HPOS="862"
                          CONTENT="arti:"/>
                  <SP HEIGHT="63" WIDTH="18" VPOS="1254" HPOS="1025"/>
                  <String HEIGHT="63"
                          WIDTH="127"
                          VPOS="1254"
                          HPOS="971"
                          CONTENT="sed"/>
                  <SP HEIGHT="63" WIDTH="18" VPOS="1254" HPOS="1097"/>
                  <String HEIGHT="63"
                          WIDTH="199"
                          VPOS="1254"
                          HPOS="1043"
                          CONTENT="dolorem"/>
                  <SP HEIGHT="63" WIDTH="18" VPOS="1254" HPOS="1242"/>
                  <String HEIGHT="63"
                          WIDTH="199"
                          VPOS="1254"
                          HPOS="1188"
                          CONTENT="lateris"/>
                  <SP HEIGHT="63" WIDTH="18" VPOS="1254" HPOS="1388"/>
                  <String HEIGHT="63"
                          WIDTH="199"
                          VPOS="1254"
                          HPOS="1333"
                          CONTENT="maiorem"/>
                  <SP HEIGHT="63" WIDTH="18" VPOS="1254" HPOS="1533"/>
                  <String HEIGHT="63"
                          WIDTH="181"
                          VPOS="1254"
                          HPOS="1478"
                          CONTENT="morbum"/>
                  <SP HEIGHT="63" WIDTH="18" VPOS="1254" HPOS="1659"/>
                  <String HEIGHT="63"
                          WIDTH="145"
                          VPOS="1254"
                          HPOS="1605"
                          CONTENT="quam"/>
                  <SP HEIGHT="63" WIDTH="18" VPOS="1254" HPOS="1750"/>
                  <String HEIGHT="63"
                          WIDTH="163"
                          VPOS="1254"
                          HPOS="1696"
                          CONTENT="pedis"/>
                  <SP HEIGHT="63" WIDTH="18" VPOS="1254" HPOS="1859"/>
                  <String HEIGHT="63"
                          WIDTH="272"
                          VPOS="1254"
                          HPOS="1805"
                          CONTENT="offensionem"/>
                  <SP HEIGHT="63" WIDTH="18" VPOS="1254" HPOS="2076"/>
                  <String HEIGHT="63"
                          WIDTH="145"
                          VPOS="1254"
                          HPOS="2004"
                          CONTENT="dicit."/>
               </TextLine>
               <TextLine ID="r2l21"
                         BASELINE="491,1359 573,1359 655,1359 738,1359 820,1358 902,1358 985,1358 1067,1358 1149,1358 1232,1358 1314,1358 1396,1358 1479,1358 1561,1358 1643,1358 1726,1358 1808,1358 1890,1358 1973,1358 2055,1358 2138,1359"
                         HEIGHT="69"
                         WIDTH="1668"
                         VPOS="1310"
                         HPOS="481">
                  <String HEIGHT="69"
                          WIDTH="204"
                          VPOS="1310"
                          HPOS="464"
                          CONTENT="quamquam"/>
                  <SP HEIGHT="69" WIDTH="17" VPOS="1310" HPOS="668"/>
                  <String HEIGHT="69"
                          WIDTH="153"
                          VPOS="1310"
                          HPOS="617"
                          CONTENT="fieri"/>
                  <SP HEIGHT="69" WIDTH="17" VPOS="1310" HPOS="770"/>
                  <String HEIGHT="69"
                          WIDTH="170"
                          VPOS="1310"
                          HPOS="719"
                          CONTENT="potest"/>
                  <SP HEIGHT="69" WIDTH="17" VPOS="1310" HPOS="889"/>
                  <String HEIGHT="69"
                          WIDTH="238"
                          VPOS="1310"
                          HPOS="838"
                          CONTENT="nonnunquam"/>
                  <SP HEIGHT="69" WIDTH="17" VPOS="1310" HPOS="1077"/>
                  <String HEIGHT="69"
                          WIDTH="170"
                          VPOS="1310"
                          HPOS="1026"
                          CONTENT="contra"/>
                  <SP HEIGHT="69" WIDTH="17" VPOS="1310" HPOS="1196"/>
                  <String HEIGHT="69"
                          WIDTH="119"
                          VPOS="1310"
                          HPOS="1145"
                          CONTENT="per"/>
                  <SP HEIGHT="69" WIDTH="17" VPOS="1310" HPOS="1264"/>
                  <String HEIGHT="69"
                          WIDTH="221"
                          VPOS="1310"
                          HPOS="1213"
                          CONTENT="accidens:"/>
                  <SP HEIGHT="69" WIDTH="17" VPOS="1310" HPOS="1434"/>
                  <String HEIGHT="69"
                          WIDTH="102"
                          VPOS="1310"
                          HPOS="1383"
                          CONTENT="si"/>
                  <SP HEIGHT="69" WIDTH="17" VPOS="1310" HPOS="1485"/>
                  <String HEIGHT="69"
                          WIDTH="204"
                          VPOS="1310"
                          HPOS="1434"
                          CONTENT="euenerit"/>
                  <SP HEIGHT="69" WIDTH="17" VPOS="1310" HPOS="1638"/>
                  <String HEIGHT="69"
                          WIDTH="102"
                          VPOS="1310"
                          HPOS="1587"
                          CONTENT="vt"/>
                  <SP HEIGHT="69" WIDTH="17" VPOS="1310" HPOS="1689"/>
                  <String HEIGHT="69"
                          WIDTH="204"
                          VPOS="1310"
                          HPOS="1638"
                          CONTENT="quispiam"/>
                  <SP HEIGHT="69" WIDTH="17" VPOS="1310" HPOS="1843"/>
                  <String HEIGHT="69"
                          WIDTH="187"
                          VPOS="1310"
                          HPOS="1792"
                          CONTENT="offenso"/>
                  <SP HEIGHT="69" WIDTH="17" VPOS="1310" HPOS="1979"/>
                  <String HEIGHT="69"
                          WIDTH="136"
                          VPOS="1310"
                          HPOS="1928"
                          CONTENT="pede"/>
                  <SP HEIGHT="69" WIDTH="17" VPOS="1310" HPOS="2064"/>
                  <String HEIGHT="69"
                          WIDTH="153"
                          VPOS="1310"
                          HPOS="1996"
                          CONTENT="capere¬"
                          SUBS_TYPE="HypPart1"
                          SUBS_CONTENT="caperetur"/>
                  <HYP CONTENT="-"/>
               </TextLine>
               <TextLine ID="r2l22"
                         BASELINE="501,1415 582,1415 664,1415 745,1415 827,1413 909,1413 990,1413 1072,1413 1153,1412 1235,1412 1317,1412 1398,1412 1480,1412 1561,1412 1643,1412 1725,1412 1806,1413 1888,1413 1969,1413 2051,1413 2133,1415"
                         HEIGHT="65"
                         WIDTH="1653"
                         VPOS="1371"
                         HPOS="491">
                  <String HEIGHT="65"
                          WIDTH="126"
                          VPOS="1371"
                          HPOS="473"
                          CONTENT="tur"
                          SUBS_TYPE="HypPart2"
                          SUBS_CONTENT="caperetur"/>
                  <SP HEIGHT="65" WIDTH="18" VPOS="1371" HPOS="599"/>
                  <String HEIGHT="65" WIDTH="108" VPOS="1371" HPOS="545" CONTENT="ab"/>
                  <SP HEIGHT="65" WIDTH="18" VPOS="1371" HPOS="653"/>
                  <String HEIGHT="65"
                          WIDTH="180"
                          VPOS="1371"
                          HPOS="599"
                          CONTENT="hoste:"/>
                  <SP HEIGHT="65" WIDTH="18" VPOS="1371" HPOS="778"/>
                  <String HEIGHT="65" WIDTH="90" VPOS="1371" HPOS="725" CONTENT="&amp;"/>
                  <SP HEIGHT="65" WIDTH="18" VPOS="1371" HPOS="814"/>
                  <String HEIGHT="65"
                          WIDTH="305"
                          VPOS="1371"
                          HPOS="761"
                          CONTENT="trucidaretur."/>
                  <SP HEIGHT="65" WIDTH="18" VPOS="1371" HPOS="1066"/>
                  <String HEIGHT="65"
                          WIDTH="162"
                          VPOS="1371"
                          HPOS="1012"
                          CONTENT="Atqui"/>
                  <SP HEIGHT="65" WIDTH="18" VPOS="1371" HPOS="1174"/>
                  <String HEIGHT="65"
                          WIDTH="126"
                          VPOS="1371"
                          HPOS="1120"
                          CONTENT="per"/>
                  <SP HEIGHT="65" WIDTH="18" VPOS="1371" HPOS="1246"/>
                  <String HEIGHT="65"
                          WIDTH="305"
                          VPOS="1371"
                          HPOS="1192"
                          CONTENT="translationem"/>
                  <SP HEIGHT="65" WIDTH="18" VPOS="1371" HPOS="1497"/>
                  <String HEIGHT="65"
                          WIDTH="162"
                          VPOS="1371"
                          HPOS="1443"
                          CONTENT="atque"/>
                  <SP HEIGHT="65" WIDTH="18" VPOS="1371" HPOS="1605"/>
                  <String HEIGHT="65"
                          WIDTH="305"
                          VPOS="1371"
                          HPOS="1551"
                          CONTENT="similitudinem"/>
                  <SP HEIGHT="65" WIDTH="18" VPOS="1371" HPOS="1857"/>
                  <String HEIGHT="65"
                          WIDTH="126"
                          VPOS="1371"
                          HPOS="1803"
                          CONTENT="est"/>
                  <SP HEIGHT="65" WIDTH="18" VPOS="1371" HPOS="1928"/>
                  <String HEIGHT="65"
                          WIDTH="180"
                          VPOS="1371"
                          HPOS="1874"
                          CONTENT="iustum"/>
                  <SP HEIGHT="65" WIDTH="18" VPOS="1371" HPOS="2054"/>
                  <String HEIGHT="65"
                          WIDTH="126"
                          VPOS="1371"
                          HPOS="2000"
                          CONTENT="non"/>
                  <SP HEIGHT="65" WIDTH="18" VPOS="1371" HPOS="2126"/>
                  <String HEIGHT="65"
                          WIDTH="90"
                          VPOS="1371"
                          HPOS="2054"
                          CONTENT="si¬"
                          SUBS_TYPE="HypPart1"
                          SUBS_CONTENT="sibi"/>
                  <HYP CONTENT="-"/>
               </TextLine>
               <TextLine ID="r2l23"
                         BASELINE="504,1470 585,1469 667,1468 749,1467 831,1467 912,1467 994,1466 1076,1466 1158,1466 1239,1466 1321,1467 1403,1467 1485,1467 1566,1467 1648,1467 1730,1467 1812,1467 1893,1468 1975,1469 2057,1469 2139,1469"
                         HEIGHT="77"
                         WIDTH="1657"
                         VPOS="1420"
                         HPOS="493">
                  <String HEIGHT="77"
                          WIDTH="116"
                          VPOS="1420"
                          HPOS="474"
                          CONTENT="bi"
                          SUBS_TYPE="HypPart2"
                          SUBS_CONTENT="sibi"/>
                  <SP HEIGHT="77" WIDTH="19" VPOS="1420" HPOS="589"/>
                  <String HEIGHT="77" WIDTH="116" VPOS="1420" HPOS="532" CONTENT="ad"/>
                  <SP HEIGHT="77" WIDTH="19" VPOS="1420" HPOS="647"/>
                  <String HEIGHT="77"
                          WIDTH="231"
                          VPOS="1420"
                          HPOS="589"
                          CONTENT="seipsum:"/>
                  <SP HEIGHT="77" WIDTH="19" VPOS="1420" HPOS="821"/>
                  <String HEIGHT="77"
                          WIDTH="135"
                          VPOS="1420"
                          HPOS="763"
                          CONTENT="sed"/>
                  <SP HEIGHT="77" WIDTH="19" VPOS="1420" HPOS="898"/>
                  <String HEIGHT="77"
                          WIDTH="193"
                          VPOS="1420"
                          HPOS="840"
                          CONTENT="suorum"/>
                  <SP HEIGHT="77" WIDTH="19" VPOS="1420" HPOS="1032"/>
                  <String HEIGHT="77"
                          WIDTH="270"
                          VPOS="1420"
                          HPOS="975"
                          CONTENT="quibusdam."/>
                  <SP HEIGHT="77" WIDTH="19" VPOS="1420" HPOS="1244"/>
                  <String HEIGHT="77"
                          WIDTH="135"
                          VPOS="1420"
                          HPOS="1187"
                          CONTENT="Non"/>
                  <SP HEIGHT="77" WIDTH="19" VPOS="1420" HPOS="1322"/>
                  <String HEIGHT="77"
                          WIDTH="154"
                          VPOS="1420"
                          HPOS="1264"
                          CONTENT="omne"/>
                  <SP HEIGHT="77" WIDTH="19" VPOS="1420" HPOS="1418"/>
                  <String HEIGHT="77"
                          WIDTH="173"
                          VPOS="1420"
                          HPOS="1360"
                          CONTENT="autem"/>
                  <SP HEIGHT="77" WIDTH="19" VPOS="1420" HPOS="1533"/>
                  <String HEIGHT="77"
                          WIDTH="193"
                          VPOS="1420"
                          HPOS="1476"
                          CONTENT="iustum"/>
                  <SP HEIGHT="77" WIDTH="19" VPOS="1420" HPOS="1668"/>
                  <String HEIGHT="77"
                          WIDTH="135"
                          VPOS="1420"
                          HPOS="1611"
                          CONTENT="sed"/>
                  <SP HEIGHT="77" WIDTH="19" VPOS="1420" HPOS="1745"/>
                  <String HEIGHT="77"
                          WIDTH="193"
                          VPOS="1420"
                          HPOS="1688"
                          CONTENT="herile"/>
                  <SP HEIGHT="77" WIDTH="19" VPOS="1420" HPOS="1880"/>
                  <String HEIGHT="77"
                          WIDTH="135"
                          VPOS="1420"
                          HPOS="1822"
                          CONTENT="vel"/>
                  <SP HEIGHT="77" WIDTH="19" VPOS="1420" HPOS="1957"/>
                  <String HEIGHT="77"
                          WIDTH="135"
                          VPOS="1420"
                          HPOS="1900"
                          CONTENT="rei"/>
                  <SP HEIGHT="77" WIDTH="19" VPOS="1420" HPOS="2034"/>
                  <String HEIGHT="77"
                          WIDTH="193"
                          VPOS="1420"
                          HPOS="1957"
                          CONTENT="familia¬"
                          SUBS_TYPE="HypPart1"
                          SUBS_CONTENT="familiaris."/>
                  <HYP CONTENT="-"/>
               </TextLine>
               <TextLine ID="r2l24"
                         BASELINE="497,1526 579,1524 661,1523 743,1521 825,1521 907,1521 989,1521 1071,1521 1153,1521 1235,1521 1318,1521 1400,1523 1482,1523 1564,1523 1646,1523 1728,1524 1810,1524 1892,1524 1974,1524 2056,1523 2139,1523"
                         HEIGHT="61"
                         WIDTH="1662"
                         VPOS="1482"
                         HPOS="487">
                  <String HEIGHT="61"
                          WIDTH="146"
                          VPOS="1482"
                          HPOS="469"
                          CONTENT="ris."
                          SUBS_TYPE="HypPart2"
                          SUBS_CONTENT="familiaris."/>
                  <SP HEIGHT="61" WIDTH="18" VPOS="1482" HPOS="615"/>
                  <String HEIGHT="61"
                          WIDTH="128"
                          VPOS="1482"
                          HPOS="560"
                          CONTENT="His"/>
                  <SP HEIGHT="61" WIDTH="18" VPOS="1482" HPOS="688"/>
                  <String HEIGHT="61"
                          WIDTH="146"
                          VPOS="1482"
                          HPOS="633"
                          CONTENT="enim"/>
                  <SP HEIGHT="61" WIDTH="18" VPOS="1482" HPOS="779"/>
                  <String HEIGHT="61"
                          WIDTH="256"
                          VPOS="1482"
                          HPOS="724"
                          CONTENT="rationibus"/>
                  <SP HEIGHT="61" WIDTH="18" VPOS="1482" HPOS="980"/>
                  <String HEIGHT="61"
                          WIDTH="183"
                          VPOS="1482"
                          HPOS="925"
                          CONTENT="distat"/>
                  <SP HEIGHT="61" WIDTH="18" VPOS="1482" HPOS="1108"/>
                  <String HEIGHT="61"
                          WIDTH="110"
                          VPOS="1482"
                          HPOS="1053"
                          CONTENT="ea"/>
                  <SP HEIGHT="61" WIDTH="18" VPOS="1482" HPOS="1163"/>
                  <String HEIGHT="61"
                          WIDTH="146"
                          VPOS="1482"
                          HPOS="1108"
                          CONTENT="pars"/>
                  <SP HEIGHT="61" WIDTH="18" VPOS="1482" HPOS="1254"/>
                  <String HEIGHT="61"
                          WIDTH="183"
                          VPOS="1482"
                          HPOS="1199"
                          CONTENT="animae"/>
                  <SP HEIGHT="61" WIDTH="18" VPOS="1482" HPOS="1382"/>
                  <String HEIGHT="61"
                          WIDTH="146"
                          VPOS="1482"
                          HPOS="1327"
                          CONTENT="quae"/>
                  <SP HEIGHT="61" WIDTH="18" VPOS="1482" HPOS="1473"/>
                  <String HEIGHT="61"
                          WIDTH="219"
                          VPOS="1482"
                          HPOS="1418"
                          CONTENT="rationem"/>
                  <SP HEIGHT="61" WIDTH="18" VPOS="1482" HPOS="1638"/>
                  <String HEIGHT="61"
                          WIDTH="183"
                          VPOS="1482"
                          HPOS="1583"
                          CONTENT="habet:"/>
                  <SP HEIGHT="61" WIDTH="18" VPOS="1482" HPOS="1765"/>
                  <String HEIGHT="61"
                          WIDTH="110"
                          VPOS="1482"
                          HPOS="1711"
                          CONTENT="ab"/>
                  <SP HEIGHT="61" WIDTH="18" VPOS="1482" HPOS="1820"/>
                  <String HEIGHT="61"
                          WIDTH="110"
                          VPOS="1482"
                          HPOS="1765"
                          CONTENT="ea"/>
                  <SP HEIGHT="61" WIDTH="18" VPOS="1482" HPOS="1875"/>
                  <String HEIGHT="61"
                          WIDTH="164"
                          VPOS="1482"
                          HPOS="1820"
                          CONTENT="parte"/>
                  <SP HEIGHT="61" WIDTH="18" VPOS="1482" HPOS="1985"/>
                  <String HEIGHT="61"
                          WIDTH="146"
                          VPOS="1482"
                          HPOS="1930"
                          CONTENT="quae"/>
                  <SP HEIGHT="61" WIDTH="18" VPOS="1482" HPOS="2076"/>
                  <String HEIGHT="61"
                          WIDTH="146"
                          VPOS="1482"
                          HPOS="2003"
                          CONTENT="ratio¬"
                          SUBS_TYPE="HypPart1"
                          SUBS_CONTENT="rationis"/>
                  <HYP CONTENT="-"/>
               </TextLine>
               <TextLine ID="r2l25"
                         BASELINE="494,1580 576,1580 658,1578 740,1578 822,1577 904,1577 986,1577 1068,1577 1150,1577 1232,1577 1315,1578 1397,1578 1479,1578 1561,1578 1643,1580 1725,1580 1807,1580 1889,1580 1971,1581 2053,1581 2136,1581"
                         HEIGHT="63"
                         WIDTH="1662"
                         VPOS="1540"
                         HPOS="484">
                  <String HEIGHT="63"
                          WIDTH="121"
                          VPOS="1540"
                          HPOS="467"
                          CONTENT="nis"
                          SUBS_TYPE="HypPart2"
                          SUBS_CONTENT="rationis"/>
                  <SP HEIGHT="63" WIDTH="17" VPOS="1540" HPOS="588"/>
                  <String HEIGHT="63"
                          WIDTH="121"
                          VPOS="1540"
                          HPOS="536"
                          CONTENT="est"/>
                  <SP HEIGHT="63" WIDTH="17" VPOS="1540" HPOS="657"/>
                  <String HEIGHT="63"
                          WIDTH="190"
                          VPOS="1540"
                          HPOS="605"
                          CONTENT="expers."/>
                  <SP HEIGHT="63" WIDTH="17" VPOS="1540" HPOS="796"/>
                  <String HEIGHT="63" WIDTH="104" VPOS="1540" HPOS="744" CONTENT="Ad"/>
                  <SP HEIGHT="63" WIDTH="17" VPOS="1540" HPOS="848"/>
                  <String HEIGHT="63"
                          WIDTH="139"
                          VPOS="1540"
                          HPOS="796"
                          CONTENT="quas"/>
                  <SP HEIGHT="63" WIDTH="17" VPOS="1540" HPOS="934"/>
                  <String HEIGHT="63"
                          WIDTH="312"
                          VPOS="1540"
                          HPOS="882"
                          CONTENT="inspicientibus"/>
                  <SP HEIGHT="63" WIDTH="17" VPOS="1540" HPOS="1194"/>
                  <String HEIGHT="63"
                          WIDTH="104"
                          VPOS="1540"
                          HPOS="1142"
                          CONTENT="ad"/>
                  <SP HEIGHT="63" WIDTH="17" VPOS="1540" HPOS="1246"/>
                  <String HEIGHT="63"
                          WIDTH="190"
                          VPOS="1540"
                          HPOS="1194"
                          CONTENT="seipsum"/>
                  <SP HEIGHT="63" WIDTH="17" VPOS="1540" HPOS="1384"/>
                  <String HEIGHT="63"
                          WIDTH="242"
                          VPOS="1540"
                          HPOS="1332"
                          CONTENT="iniustitia"/>
                  <SP HEIGHT="63" WIDTH="17" VPOS="1540" HPOS="1575"/>
                  <String HEIGHT="63"
                          WIDTH="139"
                          VPOS="1540"
                          HPOS="1523"
                          CONTENT="esse"/>
                  <SP HEIGHT="63" WIDTH="17" VPOS="1540" HPOS="1661"/>
                  <String HEIGHT="63"
                          WIDTH="208"
                          VPOS="1540"
                          HPOS="1609"
                          CONTENT="videtur:"/>
                  <SP HEIGHT="63" WIDTH="17" VPOS="1540" HPOS="1817"/>
                  <String HEIGHT="63"
                          WIDTH="225"
                          VPOS="1540"
                          HPOS="1765"
                          CONTENT="propterea"/>
                  <SP HEIGHT="63" WIDTH="17" VPOS="1540" HPOS="1990"/>
                  <String HEIGHT="63"
                          WIDTH="139"
                          VPOS="1540"
                          HPOS="1938"
                          CONTENT="quod"/>
                  <SP HEIGHT="63" WIDTH="17" VPOS="1540" HPOS="2077"/>
                  <String HEIGHT="63"
                          WIDTH="104"
                          VPOS="1540"
                          HPOS="2025"
                          CONTENT="in"/>
                  <SP HEIGHT="63" WIDTH="17" VPOS="1540" HPOS="2129"/>
                  <String HEIGHT="63"
                          WIDTH="87"
                          VPOS="1540"
                          HPOS="2059"
                          CONTENT="his"/>
               </TextLine>
               <TextLine ID="r2l26"
                         BASELINE="501,1634 582,1634 664,1632 746,1632 828,1631 910,1631 992,1631 1074,1631 1156,1631 1238,1631 1320,1632 1401,1632 1483,1632 1565,1634 1647,1634 1729,1634 1811,1635 1893,1635 1975,1637 2057,1637 2139,1637"
                         HEIGHT="73"
                         WIDTH="1660"
                         VPOS="1595"
                         HPOS="490">
                  <String HEIGHT="73"
                          WIDTH="131"
                          VPOS="1595"
                          HPOS="471"
                          CONTENT="est"/>
                  <SP HEIGHT="73" WIDTH="19" VPOS="1595" HPOS="602"/>
                  <String HEIGHT="73"
                          WIDTH="149"
                          VPOS="1595"
                          HPOS="546"
                          CONTENT="pati"/>
                  <SP HEIGHT="73" WIDTH="19" VPOS="1595" HPOS="695"/>
                  <String HEIGHT="73"
                          WIDTH="205"
                          VPOS="1595"
                          HPOS="639"
                          CONTENT="aliquid"/>
                  <SP HEIGHT="73" WIDTH="19" VPOS="1595" HPOS="844"/>
                  <String HEIGHT="73"
                          WIDTH="187"
                          VPOS="1595"
                          HPOS="788"
                          CONTENT="contra"/>
                  <SP HEIGHT="73" WIDTH="19" VPOS="1595" HPOS="975"/>
                  <String HEIGHT="73"
                          WIDTH="149"
                          VPOS="1595"
                          HPOS="919"
                          CONTENT="suas"/>
                  <SP HEIGHT="73" WIDTH="19" VPOS="1595" HPOS="1068"/>
                  <String HEIGHT="73"
                          WIDTH="317"
                          VPOS="1595"
                          HPOS="1012"
                          CONTENT="appetitiones."/>
                  <SP HEIGHT="73" WIDTH="19" VPOS="1595" HPOS="1329"/>
                  <String HEIGHT="73"
                          WIDTH="112"
                          VPOS="1595"
                          HPOS="1273"
                          CONTENT="Vt"/>
                  <SP HEIGHT="73" WIDTH="19" VPOS="1595" HPOS="1385"/>
                  <String HEIGHT="73"
                          WIDTH="187"
                          VPOS="1595"
                          HPOS="1329"
                          CONTENT="igitur"/>
                  <SP HEIGHT="73" WIDTH="19" VPOS="1595" HPOS="1516"/>
                  <String HEIGHT="73"
                          WIDTH="131"
                          VPOS="1595"
                          HPOS="1460"
                          CONTENT="est"/>
                  <SP HEIGHT="73" WIDTH="19" VPOS="1595" HPOS="1590"/>
                  <String HEIGHT="73"
                          WIDTH="149"
                          VPOS="1595"
                          HPOS="1534"
                          CONTENT="quid"/>
                  <SP HEIGHT="73" WIDTH="19" VPOS="1595" HPOS="1684"/>
                  <String HEIGHT="73"
                          WIDTH="187"
                          VPOS="1595"
                          HPOS="1628"
                          CONTENT="iustum"/>
                  <SP HEIGHT="73" WIDTH="19" VPOS="1595" HPOS="1814"/>
                  <String HEIGHT="73"
                          WIDTH="280"
                          VPOS="1595"
                          HPOS="1758"
                          CONTENT="magistratum"/>
                  <SP HEIGHT="73" WIDTH="19" VPOS="1595" HPOS="2038"/>
                  <String HEIGHT="73"
                          WIDTH="187"
                          VPOS="1595"
                          HPOS="1963"
                          CONTENT="gerenti:"/>
               </TextLine>
               <TextLine ID="r2l27"
                         BASELINE="494,1689 576,1688 658,1688 740,1688 822,1688 904,1688 986,1688 1068,1689 1150,1689 1232,1689 1314,1689 1396,1691 1478,1691 1560,1691 1642,1692 1724,1692 1806,1692 1888,1692 1970,1692 2052,1694 2135,1694"
                         HEIGHT="79"
                         WIDTH="1664"
                         VPOS="1647"
                         HPOS="482">
                  <String HEIGHT="79" WIDTH="89" VPOS="1647" HPOS="464" CONTENT="&amp;"/>
                  <SP HEIGHT="79" WIDTH="18" VPOS="1647" HPOS="554"/>
                  <String HEIGHT="79"
                          WIDTH="179"
                          VPOS="1647"
                          HPOS="500"
                          CONTENT="quibus"/>
                  <SP HEIGHT="79" WIDTH="18" VPOS="1647" HPOS="679"/>
                  <String HEIGHT="79"
                          WIDTH="143"
                          VPOS="1647"
                          HPOS="625"
                          CONTENT="ipse"/>
                  <SP HEIGHT="79" WIDTH="18" VPOS="1647" HPOS="768"/>
                  <String HEIGHT="79"
                          WIDTH="215"
                          VPOS="1647"
                          HPOS="715"
                          CONTENT="praeest:"/>
                  <SP HEIGHT="79" WIDTH="18" VPOS="1647" HPOS="929"/>
                  <String HEIGHT="79"
                          WIDTH="125"
                          VPOS="1647"
                          HPOS="876"
                          CONTENT="sic"/>
                  <SP HEIGHT="79" WIDTH="18" VPOS="1647" HPOS="1001"/>
                  <String HEIGHT="79" WIDTH="89" VPOS="1647" HPOS="947" CONTENT="&amp;"/>
                  <SP HEIGHT="79" WIDTH="18" VPOS="1647" HPOS="1037"/>
                  <String HEIGHT="79"
                          WIDTH="125"
                          VPOS="1647"
                          HPOS="983"
                          CONTENT="his"/>
                  <SP HEIGHT="79" WIDTH="18" VPOS="1647" HPOS="1108"/>
                  <String HEIGHT="79"
                          WIDTH="161"
                          VPOS="1647"
                          HPOS="1055"
                          CONTENT="etiam"/>
                  <SP HEIGHT="79" WIDTH="18" VPOS="1647" HPOS="1216"/>
                  <String HEIGHT="79"
                          WIDTH="143"
                          VPOS="1647"
                          HPOS="1162"
                          CONTENT="esse"/>
                  <SP HEIGHT="79" WIDTH="18" VPOS="1647" HPOS="1305"/>
                  <String HEIGHT="79"
                          WIDTH="215"
                          VPOS="1647"
                          HPOS="1251"
                          CONTENT="videtur."/>
                  <SP HEIGHT="79" WIDTH="18" VPOS="1647" HPOS="1466"/>
                  <String HEIGHT="79"
                          WIDTH="125"
                          VPOS="1647"
                          HPOS="1412"
                          CONTENT="Sed"/>
                  <SP HEIGHT="79" WIDTH="18" VPOS="1647" HPOS="1538"/>
                  <String HEIGHT="79"
                          WIDTH="107"
                          VPOS="1647"
                          HPOS="1484"
                          CONTENT="de"/>
                  <SP HEIGHT="79" WIDTH="18" VPOS="1647" HPOS="1591"/>
                  <String HEIGHT="79"
                          WIDTH="215"
                          VPOS="1647"
                          HPOS="1538"
                          CONTENT="iustitia"/>
                  <SP HEIGHT="79" WIDTH="18" VPOS="1647" HPOS="1752"/>
                  <String HEIGHT="79"
                          WIDTH="179"
                          VPOS="1647"
                          HPOS="1699"
                          CONTENT="quidem"/>
                  <SP HEIGHT="79" WIDTH="18" VPOS="1647" HPOS="1878"/>
                  <String HEIGHT="79"
                          WIDTH="268"
                          VPOS="1647"
                          HPOS="1824"
                          CONTENT="caeterisque"/>
                  <SP HEIGHT="79" WIDTH="18" VPOS="1647" HPOS="2092"/>
                  <String HEIGHT="79"
                          WIDTH="125"
                          VPOS="1647"
                          HPOS="2021"
                          CONTENT="morum"/>
               </TextLine>
               <TextLine ID="r2l28"
                         BASELINE="497,1746 533,1746 570,1746 607,1746 644,1745 681,1745 718,1745 755,1745 792,1745 829,1745 866,1745 902,1744 939,1743 976,1743 1013,1743 1050,1745 1087,1745 1124,1745 1161,1745 1198,1745 1235,1746"
                         HEIGHT="77"
                         WIDTH="759"
                         VPOS="1703"
                         HPOS="486">
                  <String HEIGHT="77"
                          WIDTH="300"
                          VPOS="1703"
                          HPOS="466"
                          CONTENT="virtutibus,"/>
                  <SP HEIGHT="77" WIDTH="20" VPOS="1703" HPOS="766"/>
                  <String HEIGHT="77"
                          WIDTH="140"
                          VPOS="1703"
                          HPOS="706"
                          CONTENT="hoc"/>
                  <SP HEIGHT="77" WIDTH="20" VPOS="1703" HPOS="846"/>
                  <String HEIGHT="77"
                          WIDTH="140"
                          VPOS="1703"
                          HPOS="786"
                          CONTENT="sit"/>
                  <SP HEIGHT="77" WIDTH="20" VPOS="1703" HPOS="925"/>
                  <String HEIGHT="77"
                          WIDTH="160"
                          VPOS="1703"
                          HPOS="865"
                          CONTENT="modo"/>
                  <SP HEIGHT="77" WIDTH="20" VPOS="1703" HPOS="1025"/>
                  <String HEIGHT="77"
                          WIDTH="300"
                          VPOS="1703"
                          HPOS="945"
                          CONTENT="determinatum."/>
               </TextLine>
               <TextLine ID="r2l30"
                         BASELINE="599,1853 675,1853 752,1853 829,1854 906,1854 983,1854 1060,1854 1136,1854 1213,1856 1290,1856 1367,1856 1444,1856 1521,1854 1598,1854 1674,1854 1751,1854 1828,1853 1905,1853 1982,1851 2059,1851 2136,1850"
                         HEIGHT="90"
                         WIDTH="1559"
                         VPOS="1776"
                         HPOS="588">
                  <String HEIGHT="90"
                          WIDTH="121"
                          VPOS="1776"
                          HPOS="573"
                          CONTENT="Atet"/>
                  <SP HEIGHT="90" WIDTH="15" VPOS="1776" HPOS="694"/>
                  <String HEIGHT="90"
                          WIDTH="136"
                          VPOS="1776"
                          HPOS="649"
                          CONTENT="autem"/>
                  <SP HEIGHT="90" WIDTH="15" VPOS="1776" HPOS="785"/>
                  <String HEIGHT="90"
                          WIDTH="106"
                          VPOS="1776"
                          HPOS="739"
                          CONTENT="&amp;c."/>
                  <SP HEIGHT="90" WIDTH="15" VPOS="1776" HPOS="845"/>
                  <String HEIGHT="90" WIDTH="91" VPOS="1776" HPOS="800" CONTENT="In"/>
                  <SP HEIGHT="90" WIDTH="15" VPOS="1776" HPOS="891"/>
                  <String HEIGHT="90"
                          WIDTH="197"
                          VPOS="1776"
                          HPOS="845"
                          CONTENT="principio"/>
                  <SP HEIGHT="90" WIDTH="15" VPOS="1776" HPOS="1042"/>
                  <String HEIGHT="90"
                          WIDTH="136"
                          VPOS="1776"
                          HPOS="997"
                          CONTENT="huius"/>
                  <SP HEIGHT="90" WIDTH="15" VPOS="1776" HPOS="1133"/>
                  <String HEIGHT="90"
                          WIDTH="166"
                          VPOS="1776"
                          HPOS="1087"
                          CONTENT="capitis"/>
                  <SP HEIGHT="90" WIDTH="15" VPOS="1776" HPOS="1254"/>
                  <String HEIGHT="90"
                          WIDTH="151"
                          VPOS="1776"
                          HPOS="1209"
                          CONTENT="soluit"/>
                  <SP HEIGHT="90" WIDTH="15" VPOS="1776" HPOS="1360"/>
                  <String HEIGHT="90"
                          WIDTH="242"
                          VPOS="1776"
                          HPOS="1315"
                          CONTENT="quaestionem."/>
                  <SP HEIGHT="90" WIDTH="15" VPOS="1776" HPOS="1557"/>
                  <String HEIGHT="90"
                          WIDTH="182"
                          VPOS="1776"
                          HPOS="1511"
                          CONTENT="Secundum"/>
                  <SP HEIGHT="90" WIDTH="15" VPOS="1776" HPOS="1693"/>
                  <String HEIGHT="90"
                          WIDTH="121"
                          VPOS="1776"
                          HPOS="1648"
                          CONTENT="vnum"/>
                  <SP HEIGHT="90" WIDTH="15" VPOS="1776" HPOS="1769"/>
                  <String HEIGHT="90"
                          WIDTH="242"
                          VPOS="1776"
                          HPOS="1723"
                          CONTENT="intellectum."/>
                  <SP HEIGHT="90" WIDTH="15" VPOS="1776" HPOS="1965"/>
                  <String HEIGHT="90"
                          WIDTH="151"
                          VPOS="1776"
                          HPOS="1920"
                          CONTENT="Aliqua"/>
                  <SP HEIGHT="90" WIDTH="15" VPOS="1776" HPOS="2071"/>
                  <String HEIGHT="90"
                          WIDTH="136"
                          VPOS="1776"
                          HPOS="2011"
                          CONTENT="possunt"/>
               </TextLine>
               <TextLine ID="r2l31"
                         BASELINE="551,1896 630,1898 710,1899 789,1900 869,1901 948,1901 1028,1902 1107,1902 1187,1902 1266,1902 1346,1902 1425,1902 1505,1902 1584,1902 1664,1901 1743,1901 1823,1900 1902,1899 1982,1898 2061,1897 2141,1896"
                         HEIGHT="101"
                         WIDTH="1612"
                         VPOS="1824"
                         HPOS="540">
                  <String HEIGHT="101"
                          WIDTH="124"
                          VPOS="1824"
                          HPOS="525"
                          CONTENT="dici"/>
                  <SP HEIGHT="101" WIDTH="16" VPOS="1824" HPOS="649"/>
                  <String HEIGHT="101"
                          WIDTH="186"
                          VPOS="1824"
                          HPOS="602"
                          CONTENT="bifariam"/>
                  <SP HEIGHT="101" WIDTH="16" VPOS="1824" HPOS="788"/>
                  <String HEIGHT="101"
                          WIDTH="171"
                          VPOS="1824"
                          HPOS="742"
                          CONTENT="iniusta"/>
                  <SP HEIGHT="101" WIDTH="16" VPOS="1824" HPOS="912"/>
                  <String HEIGHT="101"
                          WIDTH="109"
                          VPOS="1824"
                          HPOS="866"
                          CONTENT="vel"/>
                  <SP HEIGHT="101" WIDTH="16" VPOS="1824" HPOS="974"/>
                  <String HEIGHT="101"
                          WIDTH="124"
                          VPOS="1824"
                          HPOS="928"
                          CONTENT="quia"/>
                  <SP HEIGHT="101" WIDTH="16" VPOS="1824" HPOS="1052"/>
                  <String HEIGHT="101"
                          WIDTH="124"
                          VPOS="1824"
                          HPOS="1005"
                          CONTENT="sunt"/>
                  <SP HEIGHT="101" WIDTH="16" VPOS="1824" HPOS="1129"/>
                  <String HEIGHT="101"
                          WIDTH="155"
                          VPOS="1824"
                          HPOS="1083"
                          CONTENT="contra"/>
                  <SP HEIGHT="101" WIDTH="16" VPOS="1824" HPOS="1238"/>
                  <String HEIGHT="101"
                          WIDTH="233"
                          VPOS="1824"
                          HPOS="1191"
                          CONTENT="vniuersalem"/>
                  <SP HEIGHT="101" WIDTH="16" VPOS="1824" HPOS="1424"/>
                  <String HEIGHT="101"
                          WIDTH="217"
                          VPOS="1824"
                          HPOS="1377"
                          CONTENT="iustitiam,"/>
                  <SP HEIGHT="101" WIDTH="16" VPOS="1824" HPOS="1594"/>
                  <String HEIGHT="101"
                          WIDTH="124"
                          VPOS="1824"
                          HPOS="1548"
                          CONTENT="quae"/>
                  <SP HEIGHT="101" WIDTH="16" VPOS="1824" HPOS="1672"/>
                  <String HEIGHT="101"
                          WIDTH="171"
                          VPOS="1824"
                          HPOS="1625"
                          CONTENT="dicitur"/>
                  <SP HEIGHT="101" WIDTH="16" VPOS="1824" HPOS="1796"/>
                  <String HEIGHT="101"
                          WIDTH="140"
                          VPOS="1824"
                          HPOS="1749"
                          CONTENT="omnis"/>
                  <SP HEIGHT="101" WIDTH="16" VPOS="1824" HPOS="1889"/>
                  <String HEIGHT="101"
                          WIDTH="155"
                          VPOS="1824"
                          HPOS="1842"
                          CONTENT="virtus"/>
                  <SP HEIGHT="101" WIDTH="16" VPOS="1824" HPOS="1997"/>
                  <String HEIGHT="101"
                          WIDTH="93"
                          VPOS="1824"
                          HPOS="1951"
                          CONTENT="in"/>
                  <SP HEIGHT="101" WIDTH="16" VPOS="1824" HPOS="2044"/>
                  <String HEIGHT="101"
                          WIDTH="171"
                          VPOS="1824"
                          HPOS="1982"
                          CONTENT="primordio"/>
               </TextLine>
               <TextLine ID="r2l33"
                         BASELINE="584,1946 662,1946 740,1947 818,1947 896,1948 974,1949 1052,1949 1130,1949 1208,1950 1286,1950 1364,1950 1442,1950 1520,1950 1598,1950 1676,1949 1754,1949 1832,1947 1910,1946 1988,1944 2066,1943 2145,1941"
                         HEIGHT="61"
                         WIDTH="1582"
                         VPOS="1905"
                         HPOS="574">
                  <String HEIGHT="61"
                          WIDTH="131"
                          VPOS="1905"
                          HPOS="559"
                          CONTENT="huius"/>
                  <SP HEIGHT="61" WIDTH="15" VPOS="1905" HPOS="690"/>
                  <String HEIGHT="61"
                          WIDTH="160"
                          VPOS="1905"
                          HPOS="647"
                          CONTENT="quinti:"/>
                  <SP HEIGHT="61" WIDTH="15" VPOS="1905" HPOS="806"/>
                  <String HEIGHT="61"
                          WIDTH="145"
                          VPOS="1905"
                          HPOS="763"
                          CONTENT="aliqua"/>
                  <SP HEIGHT="61" WIDTH="15" VPOS="1905" HPOS="908"/>
                  <String HEIGHT="61"
                          WIDTH="116"
                          VPOS="1905"
                          HPOS="864"
                          CONTENT="vero"/>
                  <SP HEIGHT="61" WIDTH="15" VPOS="1905" HPOS="980"/>
                  <String HEIGHT="61"
                          WIDTH="174"
                          VPOS="1905"
                          HPOS="937"
                          CONTENT="dicuntur"/>
                  <SP HEIGHT="61" WIDTH="15" VPOS="1905" HPOS="1111"/>
                  <String HEIGHT="61"
                          WIDTH="218"
                          VPOS="1905"
                          HPOS="1067"
                          CONTENT="specialiter"/>
                  <SP HEIGHT="61" WIDTH="15" VPOS="1905" HPOS="1285"/>
                  <String HEIGHT="61"
                          WIDTH="174"
                          VPOS="1905"
                          HPOS="1242"
                          CONTENT="iniusta,"/>
                  <SP HEIGHT="61" WIDTH="15" VPOS="1905" HPOS="1416"/>
                  <String HEIGHT="61"
                          WIDTH="116"
                          VPOS="1905"
                          HPOS="1372"
                          CONTENT="quia"/>
                  <SP HEIGHT="61" WIDTH="15" VPOS="1905" HPOS="1488"/>
                  <String HEIGHT="61"
                          WIDTH="116"
                          VPOS="1905"
                          HPOS="1445"
                          CONTENT="sunt"/>
                  <SP HEIGHT="61" WIDTH="15" VPOS="1905" HPOS="1561"/>
                  <String HEIGHT="61"
                          WIDTH="145"
                          VPOS="1905"
                          HPOS="1517"
                          CONTENT="contra"/>
                  <SP HEIGHT="61" WIDTH="15" VPOS="1905" HPOS="1663"/>
                  <String HEIGHT="61"
                          WIDTH="189"
                          VPOS="1905"
                          HPOS="1619"
                          CONTENT="iustitiam"/>
                  <SP HEIGHT="61" WIDTH="15" VPOS="1905" HPOS="1808"/>
                  <String HEIGHT="61"
                          WIDTH="247"
                          VPOS="1905"
                          HPOS="1764"
                          CONTENT="particularem."/>
                  <SP HEIGHT="61" WIDTH="15" VPOS="1905" HPOS="2011"/>
                  <String HEIGHT="61"
                          WIDTH="131"
                          VPOS="1905"
                          HPOS="1967"
                          CONTENT="Primo"/>
                  <SP HEIGHT="61" WIDTH="15" VPOS="1905" HPOS="2098"/>
                  <String HEIGHT="61"
                          WIDTH="116"
                          VPOS="1905"
                          HPOS="2040"
                          CONTENT="soluit"/>
               </TextLine>
               <TextLine ID="r2l34"
                         BASELINE="491,1992 572,1992 654,1994 736,1994 818,1995 900,1995 982,1995 1064,1997 1146,1997 1228,1997 1310,1997 1391,1997 1473,1997 1555,1997 1637,1997 1719,1995 1801,1995 1883,1994 1965,1992 2047,1991 2129,1989"
                         HEIGHT="57"
                         WIDTH="1659"
                         VPOS="1955"
                         HPOS="480">
                  <String HEIGHT="57"
                          WIDTH="226"
                          VPOS="1955"
                          HPOS="465"
                          CONTENT="quaestionem"/>
                  <SP HEIGHT="57" WIDTH="15" VPOS="1955" HPOS="691"/>
                  <String HEIGHT="57"
                          WIDTH="181"
                          VPOS="1955"
                          HPOS="646"
                          CONTENT="secundum"/>
                  <SP HEIGHT="57" WIDTH="15" VPOS="1955" HPOS="827"/>
                  <String HEIGHT="57"
                          WIDTH="226"
                          VPOS="1955"
                          HPOS="782"
                          CONTENT="vniuersalem"/>
                  <SP HEIGHT="57" WIDTH="15" VPOS="1955" HPOS="1008"/>
                  <String HEIGHT="57"
                          WIDTH="241"
                          VPOS="1955"
                          HPOS="963"
                          CONTENT="iniustitiam:"/>
                  <SP HEIGHT="57" WIDTH="15" VPOS="1955" HPOS="1204"/>
                  <String HEIGHT="57" WIDTH="75" VPOS="1955" HPOS="1159" CONTENT="&amp;"/>
                  <SP HEIGHT="57" WIDTH="15" VPOS="1955" HPOS="1234"/>
                  <String HEIGHT="57"
                          WIDTH="136"
                          VPOS="1955"
                          HPOS="1189"
                          CONTENT="illud"/>
                  <SP HEIGHT="57" WIDTH="15" VPOS="1955" HPOS="1325"/>
                  <String HEIGHT="57"
                          WIDTH="166"
                          VPOS="1955"
                          HPOS="1279"
                          CONTENT="deducit"/>
                  <SP HEIGHT="57" WIDTH="15" VPOS="1955" HPOS="1445"/>
                  <String HEIGHT="57" WIDTH="90" VPOS="1955" HPOS="1400" CONTENT="ad"/>
                  <SP HEIGHT="57" WIDTH="15" VPOS="1955" HPOS="1490"/>
                  <String HEIGHT="57"
                          WIDTH="136"
                          VPOS="1955"
                          HPOS="1445"
                          CONTENT="illam"/>
                  <SP HEIGHT="57" WIDTH="15" VPOS="1955" HPOS="1581"/>
                  <String HEIGHT="57"
                          WIDTH="151"
                          VPOS="1955"
                          HPOS="1536"
                          CONTENT="partem"/>
                  <SP HEIGHT="57" WIDTH="15" VPOS="1955" HPOS="1687"/>
                  <String HEIGHT="57"
                          WIDTH="166"
                          VPOS="1955"
                          HPOS="1641"
                          CONTENT="literae"/>
                  <SP HEIGHT="57" WIDTH="15" VPOS="1955" HPOS="1807"/>
                  <String HEIGHT="57"
                          WIDTH="136"
                          VPOS="1955"
                          HPOS="1762"
                          CONTENT="vsque"/>
                  <SP HEIGHT="57" WIDTH="15" VPOS="1955" HPOS="1898"/>
                  <String HEIGHT="57" WIDTH="90" VPOS="1955" HPOS="1852" CONTENT="ad"/>
                  <SP HEIGHT="57" WIDTH="15" VPOS="1955" HPOS="1943"/>
                  <String HEIGHT="57"
                          WIDTH="106"
                          VPOS="1955"
                          HPOS="1898"
                          CONTENT="eam"/>
                  <SP HEIGHT="57" WIDTH="15" VPOS="1955" HPOS="2003"/>
                  <String HEIGHT="57"
                          WIDTH="121"
                          VPOS="1955"
                          HPOS="1958"
                          CONTENT="quae"/>
                  <SP HEIGHT="57" WIDTH="15" VPOS="1955" HPOS="2079"/>
                  <String HEIGHT="57"
                          WIDTH="121"
                          VPOS="1955"
                          HPOS="2018"
                          CONTENT="dicit:"/>
               </TextLine>
               <TextLine ID="r2l35"
                         BASELINE="495,2039 577,2040 660,2040 742,2042 825,2042 908,2043 990,2043 1073,2043 1156,2043 1238,2043 1321,2043 1404,2043 1486,2043 1569,2043 1652,2043 1734,2042 1817,2042 1900,2040 1982,2039 2065,2037 2148,2036"
                         HEIGHT="45"
                         WIDTH="1674"
                         VPOS="1998"
                         HPOS="485">
                  <String HEIGHT="45"
                          WIDTH="184"
                          VPOS="1998"
                          HPOS="471"
                          CONTENT="praeterea"/>
                  <SP HEIGHT="45" WIDTH="14" VPOS="1998" HPOS="655"/>
                  <String HEIGHT="45"
                          WIDTH="128"
                          VPOS="1998"
                          HPOS="613"
                          CONTENT="fieri"/>
                  <SP HEIGHT="45" WIDTH="14" VPOS="1998" HPOS="740"/>
                  <String HEIGHT="45" WIDTH="99" VPOS="1998" HPOS="698" CONTENT="non"/>
                  <SP HEIGHT="45" WIDTH="14" VPOS="1998" HPOS="797"/>
                  <String HEIGHT="45"
                          WIDTH="142"
                          VPOS="1998"
                          HPOS="755"
                          CONTENT="potest"/>
                  <SP HEIGHT="45" WIDTH="14" VPOS="1998" HPOS="896"/>
                  <String HEIGHT="45" WIDTH="85" VPOS="1998" HPOS="854" CONTENT="vt"/>
                  <SP HEIGHT="45" WIDTH="14" VPOS="1998" HPOS="939"/>
                  <String HEIGHT="45"
                          WIDTH="170"
                          VPOS="1998"
                          HPOS="896"
                          CONTENT="sibiipsi"/>
                  <SP HEIGHT="45" WIDTH="14" VPOS="1998" HPOS="1067"/>
                  <String HEIGHT="45"
                          WIDTH="170"
                          VPOS="1998"
                          HPOS="1024"
                          CONTENT="quisquam"/>
                  <SP HEIGHT="45" WIDTH="14" VPOS="1998" HPOS="1194"/>
                  <String HEIGHT="45"
                          WIDTH="170"
                          VPOS="1998"
                          HPOS="1152"
                          CONTENT="iniuriam"/>
                  <SP HEIGHT="45" WIDTH="14" VPOS="1998" HPOS="1322"/>
                  <String HEIGHT="45"
                          WIDTH="156"
                          VPOS="1998"
                          HPOS="1279"
                          CONTENT="faciat."/>
                  <SP HEIGHT="45" WIDTH="14" VPOS="1998" HPOS="1435"/>
                  <String HEIGHT="45"
                          WIDTH="213"
                          VPOS="1998"
                          HPOS="1393"
                          CONTENT="Aggrediendo"/>
                  <SP HEIGHT="45" WIDTH="14" VPOS="1998" HPOS="1606"/>
                  <String HEIGHT="45"
                          WIDTH="156"
                          VPOS="1998"
                          HPOS="1563"
                          CONTENT="literam"/>
                  <SP HEIGHT="45" WIDTH="14" VPOS="1998" HPOS="1719"/>
                  <String HEIGHT="45"
                          WIDTH="128"
                          VPOS="1998"
                          HPOS="1677"
                          CONTENT="primo"/>
                  <SP HEIGHT="45" WIDTH="14" VPOS="1998" HPOS="1804"/>
                  <String HEIGHT="45"
                          WIDTH="199"
                          VPOS="1998"
                          HPOS="1762"
                          CONTENT="diuisionem"/>
                  <SP HEIGHT="45" WIDTH="14" VPOS="1998" HPOS="1960"/>
                  <String HEIGHT="45"
                          WIDTH="156"
                          VPOS="1998"
                          HPOS="1918"
                          CONTENT="affert."/>
                  <SP HEIGHT="45" WIDTH="14" VPOS="1998" HPOS="2074"/>
                  <String HEIGHT="45"
                          WIDTH="99"
                          VPOS="1998"
                          HPOS="2031"
                          CONTENT="Pro"/>
                  <SP HEIGHT="45" WIDTH="14" VPOS="1998" HPOS="2131"/>
                  <String HEIGHT="45"
                          WIDTH="85"
                          VPOS="1998"
                          HPOS="2074"
                          CONTENT="con¬"
                          SUBS_TYPE="HypPart1"
                          SUBS_CONTENT="constructiua"/>
                  <HYP CONTENT="-"/>
               </TextLine>
               <TextLine ID="r2l36"
                         BASELINE="489,2084 571,2085 654,2087 737,2087 820,2088 903,2088 985,2089 1068,2090 1151,2090 1234,2090 1317,2090 1399,2090 1482,2090 1565,2090 1648,2090 1731,2088 1813,2088 1896,2087 1979,2087 2062,2085 2145,2084"
                         HEIGHT="67"
                         WIDTH="1677"
                         VPOS="2044"
                         HPOS="478">
                  <String HEIGHT="67"
                          WIDTH="183"
                          VPOS="2044"
                          HPOS="464"
                          CONTENT="structiua"
                          SUBS_TYPE="HypPart2"
                          SUBS_CONTENT="constructiua"/>
                  <SP HEIGHT="67" WIDTH="14" VPOS="2044" HPOS="647"/>
                  <String HEIGHT="67"
                          WIDTH="127"
                          VPOS="2044"
                          HPOS="605"
                          CONTENT="parte"/>
                  <SP HEIGHT="67" WIDTH="14" VPOS="2044" HPOS="732"/>
                  <String HEIGHT="67"
                          WIDTH="169"
                          VPOS="2044"
                          HPOS="689"
                          CONTENT="bifariam"/>
                  <SP HEIGHT="67" WIDTH="14" VPOS="2044" HPOS="858"/>
                  <String HEIGHT="67"
                          WIDTH="225"
                          VPOS="2044"
                          HPOS="816"
                          CONTENT="ratiocinatur"/>
                  <SP HEIGHT="67" WIDTH="14" VPOS="2044" HPOS="1042"/>
                  <String HEIGHT="67"
                          WIDTH="169"
                          VPOS="2044"
                          HPOS="999"
                          CONTENT="quempiam"/>
                  <SP HEIGHT="67" WIDTH="14" VPOS="2044" HPOS="1169"/>
                  <String HEIGHT="67"
                          WIDTH="127"
                          VPOS="2044"
                          HPOS="1126"
                          CONTENT="posse"/>
                  <SP HEIGHT="67" WIDTH="14" VPOS="2044" HPOS="1253"/>
                  <String HEIGHT="67"
                          WIDTH="113"
                          VPOS="2044"
                          HPOS="1211"
                          CONTENT="sibi"/>
                  <SP HEIGHT="67" WIDTH="14" VPOS="2044" HPOS="1324"/>
                  <String HEIGHT="67"
                          WIDTH="169"
                          VPOS="2044"
                          HPOS="1281"
                          CONTENT="iniuriam"/>
                  <SP HEIGHT="67" WIDTH="14" VPOS="2044" HPOS="1450"/>
                  <String HEIGHT="67"
                          WIDTH="169"
                          VPOS="2044"
                          HPOS="1408"
                          CONTENT="inferre."/>
                  <SP HEIGHT="67" WIDTH="14" VPOS="2044" HPOS="1577"/>
                  <String HEIGHT="67"
                          WIDTH="127"
                          VPOS="2044"
                          HPOS="1535"
                          CONTENT="Primo"/>
                  <SP HEIGHT="67" WIDTH="14" VPOS="2044" HPOS="1662"/>
                  <String HEIGHT="67"
                          WIDTH="113"
                          VPOS="2044"
                          HPOS="1619"
                          CONTENT="sic,"/>
                  <SP HEIGHT="67" WIDTH="14" VPOS="2044" HPOS="1732"/>
                  <String HEIGHT="67"
                          WIDTH="99"
                          VPOS="2044"
                          HPOS="1690"
                          CONTENT="Qui"/>
                  <SP HEIGHT="67" WIDTH="14" VPOS="2044" HPOS="1789"/>
                  <String HEIGHT="67"
                          WIDTH="113"
                          VPOS="2044"
                          HPOS="1746"
                          CONTENT="agit"/>
                  <SP HEIGHT="67" WIDTH="14" VPOS="2044" HPOS="1859"/>
                  <String HEIGHT="67"
                          WIDTH="141"
                          VPOS="2044"
                          HPOS="1817"
                          CONTENT="scitum"/>
                  <SP HEIGHT="67" WIDTH="14" VPOS="2044" HPOS="1958"/>
                  <String HEIGHT="67"
                          WIDTH="155"
                          VPOS="2044"
                          HPOS="1915"
                          CONTENT="vetitum"/>
                  <SP HEIGHT="67" WIDTH="14" VPOS="2044" HPOS="2070"/>
                  <String HEIGHT="67"
                          WIDTH="141"
                          VPOS="2044"
                          HPOS="2014"
                          CONTENT="iniuriam"/>
               </TextLine>
               <TextLine ID="r2l37"
                         BASELINE="495,2132 577,2133 660,2133 743,2135 826,2135 909,2135 991,2136 1074,2136 1157,2136 1240,2136 1323,2136 1405,2136 1488,2136 1571,2136 1654,2136 1737,2136 1819,2135 1902,2135 1985,2133 2068,2132 2151,2132"
                         HEIGHT="54"
                         WIDTH="1676"
                         VPOS="2092"
                         HPOS="485">
                  <String HEIGHT="54"
                          WIDTH="147"
                          VPOS="2092"
                          HPOS="470"
                          CONTENT="facit:"/>
                  <SP HEIGHT="54" WIDTH="15" VPOS="2092" HPOS="617"/>
                  <String HEIGHT="54" WIDTH="88" VPOS="2092" HPOS="573" CONTENT="at"/>
                  <SP HEIGHT="54" WIDTH="15" VPOS="2092" HPOS="661"/>
                  <String HEIGHT="54"
                          WIDTH="162"
                          VPOS="2092"
                          HPOS="617"
                          CONTENT="seipsum"/>
                  <SP HEIGHT="54" WIDTH="15" VPOS="2092" HPOS="779"/>
                  <String HEIGHT="54"
                          WIDTH="176"
                          VPOS="2092"
                          HPOS="735"
                          CONTENT="occidens"/>
                  <SP HEIGHT="54" WIDTH="15" VPOS="2092" HPOS="911"/>
                  <String HEIGHT="54"
                          WIDTH="103"
                          VPOS="2092"
                          HPOS="867"
                          CONTENT="est"/>
                  <SP HEIGHT="54" WIDTH="15" VPOS="2092" HPOS="970"/>
                  <String HEIGHT="54"
                          WIDTH="206"
                          VPOS="2092"
                          HPOS="926"
                          CONTENT="huiusmodi:"/>
                  <SP HEIGHT="54" WIDTH="15" VPOS="2092" HPOS="1132"/>
                  <String HEIGHT="54"
                          WIDTH="162"
                          VPOS="2092"
                          HPOS="1088"
                          CONTENT="igitur."/>
                  <SP HEIGHT="54" WIDTH="15" VPOS="2092" HPOS="1249"/>
                  <String HEIGHT="54"
                          WIDTH="162"
                          VPOS="2092"
                          HPOS="1205"
                          CONTENT="Minorem"/>
                  <SP HEIGHT="54" WIDTH="15" VPOS="2092" HPOS="1367"/>
                  <String HEIGHT="54"
                          WIDTH="162"
                          VPOS="2092"
                          HPOS="1323"
                          CONTENT="suadet."/>
                  <SP HEIGHT="54" WIDTH="15" VPOS="2092" HPOS="1485"/>
                  <String HEIGHT="54"
                          WIDTH="132"
                          VPOS="2092"
                          HPOS="1441"
                          CONTENT="nulli"/>
                  <SP HEIGHT="54" WIDTH="15" VPOS="2092" HPOS="1573"/>
                  <String HEIGHT="54"
                          WIDTH="118"
                          VPOS="2092"
                          HPOS="1529"
                          CONTENT="alii"/>
                  <SP HEIGHT="54" WIDTH="15" VPOS="2092" HPOS="1646"/>
                  <String HEIGHT="54" WIDTH="74" VPOS="2092" HPOS="1602" CONTENT="a"/>
                  <SP HEIGHT="54" WIDTH="15" VPOS="2092" HPOS="1676"/>
                  <String HEIGHT="54" WIDTH="88" VPOS="2092" HPOS="1632" CONTENT="se"/>
                  <SP HEIGHT="54" WIDTH="15" VPOS="2092" HPOS="1720"/>
                  <String HEIGHT="54"
                          WIDTH="132"
                          VPOS="2092"
                          HPOS="1676"
                          CONTENT="facit"/>
                  <SP HEIGHT="54" WIDTH="15" VPOS="2092" HPOS="1808"/>
                  <String HEIGHT="54"
                          WIDTH="176"
                          VPOS="2092"
                          HPOS="1764"
                          CONTENT="iniuriam"/>
                  <SP HEIGHT="54" WIDTH="15" VPOS="2092" HPOS="1940"/>
                  <String HEIGHT="54"
                          WIDTH="103"
                          VPOS="2092"
                          HPOS="1896"
                          CONTENT="cum"/>
                  <SP HEIGHT="54" WIDTH="15" VPOS="2092" HPOS="1999"/>
                  <String HEIGHT="54"
                          WIDTH="103"
                          VPOS="2092"
                          HPOS="1955"
                          CONTENT="sit"/>
                  <SP HEIGHT="54" WIDTH="15" VPOS="2092" HPOS="2058"/>
                  <String HEIGHT="54"
                          WIDTH="132"
                          VPOS="2092"
                          HPOS="2014"
                          CONTENT="agens"/>
                  <SP HEIGHT="54" WIDTH="15" VPOS="2092" HPOS="2146"/>
                  <String HEIGHT="54"
                          WIDTH="74"
                          VPOS="2092"
                          HPOS="2087"
                          CONTENT="pa¬"
                          SUBS_TYPE="HypPart1"
                          SUBS_CONTENT="patiensque."/>
                  <HYP CONTENT="-"/>
               </TextLine>
               <TextLine ID="r2l38"
                         BASELINE="488,2178 571,2180 654,2180 737,2181 820,2181 903,2183 986,2183 1069,2183 1152,2183 1235,2184 1318,2184 1401,2184 1484,2184 1567,2184 1650,2183 1733,2183 1816,2183 1899,2183 1982,2181 2065,2181 2148,2180"
                         HEIGHT="53"
                         WIDTH="1681"
                         VPOS="2142"
                         HPOS="478">
                  <String HEIGHT="53"
                          WIDTH="200"
                          VPOS="2142"
                          HPOS="463"
                          CONTENT="tiensque."
                          SUBS_TYPE="HypPart2"
                          SUBS_CONTENT="patiensque."/>
                  <SP HEIGHT="53" WIDTH="15" VPOS="2142" HPOS="663"/>
                  <String HEIGHT="53" WIDTH="93" VPOS="2142" HPOS="617" CONTENT="Ex"/>
                  <SP HEIGHT="53" WIDTH="15" VPOS="2142" HPOS="709"/>
                  <String HEIGHT="53"
                          WIDTH="108"
                          VPOS="2142"
                          HPOS="663"
                          CONTENT="his"/>
                  <SP HEIGHT="53" WIDTH="15" VPOS="2142" HPOS="771"/>
                  <String HEIGHT="53"
                          WIDTH="185"
                          VPOS="2142"
                          HPOS="725"
                          CONTENT="videamus"/>
                  <SP HEIGHT="53" WIDTH="15" VPOS="2142" HPOS="910"/>
                  <String HEIGHT="53"
                          WIDTH="170"
                          VPOS="2142"
                          HPOS="864"
                          CONTENT="literam"/>
                  <SP HEIGHT="53" WIDTH="15" VPOS="2142" HPOS="1033"/>
                  <String HEIGHT="53"
                          WIDTH="123"
                          VPOS="2142"
                          HPOS="987"
                          CONTENT="quae"/>
                  <SP HEIGHT="53" WIDTH="15" VPOS="2142" HPOS="1110"/>
                  <String HEIGHT="53"
                          WIDTH="139"
                          VPOS="2142"
                          HPOS="1064"
                          CONTENT="nihil"/>
                  <SP HEIGHT="53" WIDTH="15" VPOS="2142" HPOS="1203"/>
                  <String HEIGHT="53"
                          WIDTH="170"
                          VPOS="2142"
                          HPOS="1157"
                          CONTENT="obscure"/>
                  <SP HEIGHT="53" WIDTH="15" VPOS="2142" HPOS="1326"/>
                  <String HEIGHT="53"
                          WIDTH="200"
                          VPOS="2142"
                          HPOS="1280"
                          CONTENT="notificat"/>
                  <SP HEIGHT="53" WIDTH="15" VPOS="2142" HPOS="1480"/>
                  <String HEIGHT="53"
                          WIDTH="123"
                          VPOS="2142"
                          HPOS="1434"
                          CONTENT="illa"/>
                  <SP HEIGHT="53" WIDTH="15" VPOS="2142" HPOS="1558"/>
                  <String HEIGHT="53"
                          WIDTH="123"
                          VPOS="2142"
                          HPOS="1511"
                          CONTENT="quae"/>
                  <SP HEIGHT="53" WIDTH="15" VPOS="2142" HPOS="1635"/>
                  <String HEIGHT="53"
                          WIDTH="231"
                          VPOS="2142"
                          HPOS="1588"
                          CONTENT="proponimus."/>
                  <SP HEIGHT="53" WIDTH="15" VPOS="2142" HPOS="1820"/>
                  <String HEIGHT="53"
                          WIDTH="108"
                          VPOS="2142"
                          HPOS="1773"
                          CONTENT="ait"/>
                  <SP HEIGHT="53" WIDTH="15" VPOS="2142" HPOS="1881"/>
                  <String HEIGHT="53"
                          WIDTH="123"
                          VPOS="2142"
                          HPOS="1835"
                          CONTENT="quod"/>
                  <SP HEIGHT="53" WIDTH="15" VPOS="2142" HPOS="1959"/>
                  <String HEIGHT="53" WIDTH="93" VPOS="2142" HPOS="1912" CONTENT="ex"/>
                  <SP HEIGHT="53" WIDTH="15" VPOS="2142" HPOS="2005"/>
                  <String HEIGHT="53"
                          WIDTH="123"
                          VPOS="2142"
                          HPOS="1959"
                          CONTENT="omni"/>
                  <SP HEIGHT="53" WIDTH="15" VPOS="2142" HPOS="2082"/>
                  <String HEIGHT="53"
                          WIDTH="139"
                          VPOS="2142"
                          HPOS="2020"
                          CONTENT="virtute"/>
               </TextLine>
               <TextLine ID="r2l39"
                         BASELINE="489,2225 571,2226 653,2228 736,2228 818,2229 900,2229 983,2229 1065,2231 1147,2231 1230,2231 1312,2231 1394,2231 1477,2231 1559,2231 1641,2229 1724,2229 1806,2229 1888,2228 1971,2228 2053,2226 2136,2226"
                         HEIGHT="53"
                         WIDTH="1668"
                         VPOS="2188"
                         HPOS="478">
                  <String HEIGHT="53"
                          WIDTH="182"
                          VPOS="2188"
                          HPOS="461"
                          CONTENT="quaedam"/>
                  <SP HEIGHT="53" WIDTH="17" VPOS="2188" HPOS="643"/>
                  <String HEIGHT="53"
                          WIDTH="149"
                          VPOS="2188"
                          HPOS="594"
                          CONTENT="iusta"/>
                  <SP HEIGHT="53" WIDTH="17" VPOS="2188" HPOS="742"/>
                  <String HEIGHT="53"
                          WIDTH="132"
                          VPOS="2188"
                          HPOS="693"
                          CONTENT="sunt"/>
                  <SP HEIGHT="53" WIDTH="17" VPOS="2188" HPOS="825"/>
                  <String HEIGHT="53" WIDTH="83" VPOS="2188" HPOS="775" CONTENT="a"/>
                  <SP HEIGHT="53" WIDTH="17" VPOS="2188" HPOS="858"/>
                  <String HEIGHT="53"
                          WIDTH="132"
                          VPOS="2188"
                          HPOS="808"
                          CONTENT="lege"/>
                  <SP HEIGHT="53" WIDTH="17" VPOS="2188" HPOS="940"/>
                  <String HEIGHT="53"
                          WIDTH="198"
                          VPOS="2188"
                          HPOS="891"
                          CONTENT="ordinata"/>
                  <SP HEIGHT="53" WIDTH="17" VPOS="2188" HPOS="1089"/>
                  <String HEIGHT="53"
                          WIDTH="132"
                          VPOS="2188"
                          HPOS="1040"
                          CONTENT="modo"/>
                  <SP HEIGHT="53" WIDTH="17" VPOS="2188" HPOS="1172"/>
                  <String HEIGHT="53"
                          WIDTH="149"
                          VPOS="2188"
                          HPOS="1122"
                          CONTENT="circa"/>
                  <SP HEIGHT="53" WIDTH="17" VPOS="2188" HPOS="1271"/>
                  <String HEIGHT="53"
                          WIDTH="248"
                          VPOS="2188"
                          HPOS="1221"
                          CONTENT="vnamquamque"/>
                  <SP HEIGHT="53" WIDTH="17" VPOS="2188" HPOS="1469"/>
                  <String HEIGHT="53"
                          WIDTH="198"
                          VPOS="2188"
                          HPOS="1419"
                          CONTENT="virtutem"/>
                  <SP HEIGHT="53" WIDTH="17" VPOS="2188" HPOS="1618"/>
                  <String HEIGHT="53"
                          WIDTH="132"
                          VPOS="2188"
                          HPOS="1568"
                          CONTENT="quae"/>
                  <SP HEIGHT="53" WIDTH="17" VPOS="2188" HPOS="1700"/>
                  <String HEIGHT="53"
                          WIDTH="116"
                          VPOS="2188"
                          HPOS="1651"
                          CONTENT="lex"/>
                  <SP HEIGHT="53" WIDTH="17" VPOS="2188" HPOS="1766"/>
                  <String HEIGHT="53"
                          WIDTH="116"
                          VPOS="2188"
                          HPOS="1717"
                          CONTENT="non"/>
                  <SP HEIGHT="53" WIDTH="17" VPOS="2188" HPOS="1832"/>
                  <String HEIGHT="53"
                          WIDTH="231"
                          VPOS="2188"
                          HPOS="1783"
                          CONTENT="praecipit,"/>
                  <SP HEIGHT="53" WIDTH="17" VPOS="2188" HPOS="2014"/>
                  <String HEIGHT="53" WIDTH="99" VPOS="2188" HPOS="1964" CONTENT="vt"/>
                  <SP HEIGHT="53" WIDTH="17" VPOS="2188" HPOS="2063"/>
                  <String HEIGHT="53"
                          WIDTH="116"
                          VPOS="2188"
                          HPOS="2014"
                          CONTENT="lex"/>
                  <SP HEIGHT="53" WIDTH="17" VPOS="2188" HPOS="2129"/>
                  <String HEIGHT="53"
                          WIDTH="83"
                          VPOS="2188"
                          HPOS="2063"
                          CONTENT="non"/>
               </TextLine>
               <TextLine ID="r2l40"
                         BASELINE="489,2274 572,2274 655,2276 738,2276 821,2276 905,2276 988,2277 1071,2277 1154,2277 1237,2277 1321,2277 1404,2277 1487,2277 1570,2276 1653,2276 1737,2276 1820,2276 1903,2274 1986,2274 2069,2274 2153,2273"
                         HEIGHT="60"
                         WIDTH="1685"
                         VPOS="2237"
                         HPOS="478">
                  <String HEIGHT="60"
                          WIDTH="142"
                          VPOS="2237"
                          HPOS="462"
                          CONTENT="iubet"/>
                  <SP HEIGHT="60" WIDTH="16" VPOS="2237" HPOS="604"/>
                  <String HEIGHT="60"
                          WIDTH="189"
                          VPOS="2237"
                          HPOS="557"
                          CONTENT="quempiam"/>
                  <SP HEIGHT="60" WIDTH="16" VPOS="2237" HPOS="746"/>
                  <String HEIGHT="60"
                          WIDTH="173"
                          VPOS="2237"
                          HPOS="698"
                          CONTENT="seipsum"/>
                  <SP HEIGHT="60" WIDTH="16" VPOS="2237" HPOS="872"/>
                  <String HEIGHT="60"
                          WIDTH="205"
                          VPOS="2237"
                          HPOS="824"
                          CONTENT="occidere,"/>
                  <SP HEIGHT="60" WIDTH="16" VPOS="2237" HPOS="1029"/>
                  <String HEIGHT="60" WIDTH="79" VPOS="2237" HPOS="982" CONTENT="&amp;"/>
                  <SP HEIGHT="60" WIDTH="16" VPOS="2237" HPOS="1061"/>
                  <String HEIGHT="60"
                          WIDTH="205"
                          VPOS="2237"
                          HPOS="1013"
                          CONTENT="propterea"/>
                  <SP HEIGHT="60" WIDTH="16" VPOS="2237" HPOS="1218"/>
                  <String HEIGHT="60"
                          WIDTH="157"
                          VPOS="2237"
                          HPOS="1171"
                          CONTENT="vetat,"/>
                  <SP HEIGHT="60" WIDTH="16" VPOS="2237" HPOS="1328"/>
                  <String HEIGHT="60"
                          WIDTH="126"
                          VPOS="2237"
                          HPOS="1281"
                          CONTENT="ergo"/>
                  <SP HEIGHT="60" WIDTH="16" VPOS="2237" HPOS="1407"/>
                  <String HEIGHT="60"
                          WIDTH="173"
                          VPOS="2237"
                          HPOS="1360"
                          CONTENT="videtur"/>
                  <SP HEIGHT="60" WIDTH="16" VPOS="2237" HPOS="1533"/>
                  <String HEIGHT="60" WIDTH="94" VPOS="2237" HPOS="1486" CONTENT="vt"/>
                  <SP HEIGHT="60" WIDTH="16" VPOS="2237" HPOS="1580"/>
                  <String HEIGHT="60"
                          WIDTH="126"
                          VPOS="2237"
                          HPOS="1533"
                          CONTENT="quis"/>
                  <SP HEIGHT="60" WIDTH="16" VPOS="2237" HPOS="1659"/>
                  <String HEIGHT="60"
                          WIDTH="157"
                          VPOS="2237"
                          HPOS="1612"
                          CONTENT="possit"/>
                  <SP HEIGHT="60" WIDTH="16" VPOS="2237" HPOS="1769"/>
                  <String HEIGHT="60"
                          WIDTH="126"
                          VPOS="2237"
                          HPOS="1722"
                          CONTENT="sibi"/>
                  <SP HEIGHT="60" WIDTH="16" VPOS="2237" HPOS="1848"/>
                  <String HEIGHT="60"
                          WIDTH="126"
                          VPOS="2237"
                          HPOS="1801"
                          CONTENT="ipsi"/>
                  <SP HEIGHT="60" WIDTH="16" VPOS="2237" HPOS="1927"/>
                  <String HEIGHT="60"
                          WIDTH="173"
                          VPOS="2237"
                          HPOS="1880"
                          CONTENT="inferre"/>
                  <SP HEIGHT="60" WIDTH="16" VPOS="2237" HPOS="2053"/>
                  <String HEIGHT="60"
                          WIDTH="173"
                          VPOS="2237"
                          HPOS="1990"
                          CONTENT="iniuriam:"/>
               </TextLine>
               <TextLine ID="r2l41"
                         BASELINE="489,2321 572,2321 655,2322 738,2322 822,2322 905,2322 988,2322 1071,2324 1155,2324 1238,2324 1321,2324 1404,2324 1488,2324 1571,2324 1654,2324 1737,2324 1821,2322 1904,2322 1987,2322 2070,2321 2154,2319"
                         HEIGHT="61"
                         WIDTH="1687"
                         VPOS="2280"
                         HPOS="478">
                  <String HEIGHT="61"
                          WIDTH="111"
                          VPOS="2280"
                          HPOS="462"
                          CONTENT="nam"/>
                  <SP HEIGHT="61" WIDTH="16" VPOS="2280" HPOS="573"/>
                  <String HEIGHT="61"
                          WIDTH="175"
                          VPOS="2280"
                          HPOS="526"
                          CONTENT="aliquid"/>
                  <SP HEIGHT="61" WIDTH="16" VPOS="2280" HPOS="701"/>
                  <String HEIGHT="61"
                          WIDTH="175"
                          VPOS="2280"
                          HPOS="653"
                          CONTENT="praeter"/>
                  <SP HEIGHT="61" WIDTH="16" VPOS="2280" HPOS="828"/>
                  <String HEIGHT="61"
                          WIDTH="159"
                          VPOS="2280"
                          HPOS="780"
                          CONTENT="legem."/>
                  <SP HEIGHT="61" WIDTH="16" VPOS="2280" HPOS="940"/>
                  <String HEIGHT="61"
                          WIDTH="175"
                          VPOS="2280"
                          HPOS="892"
                          CONTENT="Secundo"/>
                  <SP HEIGHT="61" WIDTH="16" VPOS="2280" HPOS="1067"/>
                  <String HEIGHT="61"
                          WIDTH="111"
                          VPOS="2280"
                          HPOS="1019"
                          CONTENT="cum"/>
                  <SP HEIGHT="61" WIDTH="16" VPOS="2280" HPOS="1131"/>
                  <String HEIGHT="61"
                          WIDTH="175"
                          VPOS="2280"
                          HPOS="1083"
                          CONTENT="aliquis"/>
                  <SP HEIGHT="61" WIDTH="16" VPOS="2280" HPOS="1258"/>
                  <String HEIGHT="61"
                          WIDTH="159"
                          VPOS="2280"
                          HPOS="1210"
                          CONTENT="contra"/>
                  <SP HEIGHT="61" WIDTH="16" VPOS="2280" HPOS="1369"/>
                  <String HEIGHT="61"
                          WIDTH="143"
                          VPOS="2280"
                          HPOS="1322"
                          CONTENT="legem"/>
                  <SP HEIGHT="61" WIDTH="16" VPOS="2280" HPOS="1465"/>
                  <String HEIGHT="61"
                          WIDTH="191"
                          VPOS="2280"
                          HPOS="1417"
                          CONTENT="quenquam"/>
                  <SP HEIGHT="61" WIDTH="16" VPOS="2280" HPOS="1608"/>
                  <String HEIGHT="61"
                          WIDTH="159"
                          VPOS="2280"
                          HPOS="1560"
                          CONTENT="laedit"/>
                  <SP HEIGHT="61" WIDTH="16" VPOS="2280" HPOS="1719"/>
                  <String HEIGHT="61"
                          WIDTH="111"
                          VPOS="2280"
                          HPOS="1672"
                          CONTENT="non"/>
                  <SP HEIGHT="61" WIDTH="16" VPOS="2280" HPOS="1783"/>
                  <String HEIGHT="61"
                          WIDTH="159"
                          VPOS="2280"
                          HPOS="1735"
                          CONTENT="laesus"/>
                  <SP HEIGHT="61" WIDTH="16" VPOS="2280" HPOS="1894"/>
                  <String HEIGHT="61"
                          WIDTH="111"
                          VPOS="2280"
                          HPOS="1847"
                          CONTENT="aut"/>
                  <SP HEIGHT="61" WIDTH="16" VPOS="2280" HPOS="1958"/>
                  <String HEIGHT="61"
                          WIDTH="239"
                          VPOS="2280"
                          HPOS="1910"
                          CONTENT="lacessitus,"/>
                  <SP HEIGHT="61" WIDTH="16" VPOS="2280" HPOS="2149"/>
                  <String HEIGHT="61"
                          WIDTH="80"
                          VPOS="2280"
                          HPOS="2085"
                          CONTENT="tum"/>
               </TextLine>
               <TextLine ID="r2l42"
                         BASELINE="489,2369 571,2369 654,2369 736,2369 819,2369 902,2369 984,2370 1067,2370 1150,2370 1232,2370 1315,2370 1398,2370 1480,2370 1563,2370 1646,2370 1728,2370 1811,2370 1894,2369 1976,2369 2059,2369 2142,2367"
                         HEIGHT="57"
                         WIDTH="1674"
                         VPOS="2328"
                         HPOS="479">
                  <String HEIGHT="57"
                          WIDTH="129"
                          VPOS="2328"
                          HPOS="463"
                          CONTENT="iste"/>
                  <SP HEIGHT="57" WIDTH="16" VPOS="2328" HPOS="592"/>
                  <String HEIGHT="57"
                          WIDTH="193"
                          VPOS="2328"
                          HPOS="543"
                          CONTENT="iniuriam"/>
                  <SP HEIGHT="57" WIDTH="16" VPOS="2328" HPOS="737"/>
                  <String HEIGHT="57"
                          WIDTH="225"
                          VPOS="2328"
                          HPOS="688"
                          CONTENT="voluntarie"/>
                  <SP HEIGHT="57" WIDTH="16" VPOS="2328" HPOS="914"/>
                  <String HEIGHT="57"
                          WIDTH="161"
                          VPOS="2328"
                          HPOS="865"
                          CONTENT="facit:"/>
                  <SP HEIGHT="57" WIDTH="16" VPOS="2328" HPOS="1026"/>
                  <String HEIGHT="57"
                          WIDTH="161"
                          VPOS="2328"
                          HPOS="978"
                          CONTENT="sponte"/>
                  <SP HEIGHT="57" WIDTH="16" VPOS="2328" HPOS="1139"/>
                  <String HEIGHT="57"
                          WIDTH="145"
                          VPOS="2328"
                          HPOS="1091"
                          CONTENT="autem"/>
                  <SP HEIGHT="57" WIDTH="16" VPOS="2328" HPOS="1236"/>
                  <String HEIGHT="57"
                          WIDTH="193"
                          VPOS="2328"
                          HPOS="1187"
                          CONTENT="iniuriam"/>
                  <SP HEIGHT="57" WIDTH="16" VPOS="2328" HPOS="1380"/>
                  <String HEIGHT="57" WIDTH="97" VPOS="2328" HPOS="1332" CONTENT="is"/>
                  <SP HEIGHT="57" WIDTH="16" VPOS="2328" HPOS="1429"/>
                  <String HEIGHT="57"
                          WIDTH="161"
                          VPOS="2328"
                          HPOS="1380"
                          CONTENT="facit,"/>
                  <SP HEIGHT="57" WIDTH="16" VPOS="2328" HPOS="1541"/>
                  <String HEIGHT="57"
                          WIDTH="113"
                          VPOS="2328"
                          HPOS="1493"
                          CONTENT="qui"/>
                  <SP HEIGHT="57" WIDTH="16" VPOS="2328" HPOS="1606"/>
                  <String HEIGHT="57"
                          WIDTH="145"
                          VPOS="2328"
                          HPOS="1557"
                          CONTENT="nouit"/>
                  <SP HEIGHT="57" WIDTH="16" VPOS="2328" HPOS="1702"/>
                  <String HEIGHT="57"
                          WIDTH="113"
                          VPOS="2328"
                          HPOS="1654"
                          CONTENT="eum"/>
                  <SP HEIGHT="57" WIDTH="16" VPOS="2328" HPOS="1767"/>
                  <String HEIGHT="57"
                          WIDTH="113"
                          VPOS="2328"
                          HPOS="1718"
                          CONTENT="cui"/>
                  <SP HEIGHT="57" WIDTH="16" VPOS="2328" HPOS="1831"/>
                  <String HEIGHT="57"
                          WIDTH="161"
                          VPOS="2328"
                          HPOS="1783"
                          CONTENT="facit,"/>
                  <SP HEIGHT="57" WIDTH="16" VPOS="2328" HPOS="1944"/>
                  <String HEIGHT="57" WIDTH="80" VPOS="2328" HPOS="1895" CONTENT="&amp;"/>
                  <SP HEIGHT="57" WIDTH="16" VPOS="2328" HPOS="1976"/>
                  <String HEIGHT="57"
                          WIDTH="145"
                          VPOS="2328"
                          HPOS="1928"
                          CONTENT="modum"/>
                  <SP HEIGHT="57" WIDTH="16" VPOS="2328" HPOS="2073"/>
                  <String HEIGHT="57"
                          WIDTH="113"
                          VPOS="2328"
                          HPOS="2024"
                          CONTENT="quo"/>
                  <SP HEIGHT="57" WIDTH="16" VPOS="2328" HPOS="2137"/>
                  <String HEIGHT="57"
                          WIDTH="80"
                          VPOS="2328"
                          HPOS="2073"
                          CONTENT="fa¬"
                          SUBS_TYPE="HypPart1"
                          SUBS_CONTENT="facit,"/>
                  <HYP CONTENT="-"/>
               </TextLine>
               <TextLine ID="r2l43"
                         BASELINE="503,2414 584,2415 666,2415 748,2417 830,2417 912,2417 994,2417 1076,2417 1158,2418 1240,2418 1322,2418 1403,2418 1485,2417 1567,2417 1649,2417 1731,2417 1813,2417 1895,2415 1977,2415 2059,2414 2141,2414"
                         HEIGHT="61"
                         WIDTH="1660"
                         VPOS="2375"
                         HPOS="492">
                  <String HEIGHT="61"
                          WIDTH="116"
                          VPOS="2375"
                          HPOS="477"
                          CONTENT="cit,"
                          SUBS_TYPE="HypPart2"
                          SUBS_CONTENT="facit,"/>
                  <SP HEIGHT="61" WIDTH="15" VPOS="2375" HPOS="594"/>
                  <String HEIGHT="61" WIDTH="73" VPOS="2375" HPOS="550" CONTENT="&amp;"/>
                  <SP HEIGHT="61" WIDTH="15" VPOS="2375" HPOS="623"/>
                  <String HEIGHT="61"
                          WIDTH="160"
                          VPOS="2375"
                          HPOS="579"
                          CONTENT="caetera"/>
                  <SP HEIGHT="61" WIDTH="15" VPOS="2375" HPOS="740"/>
                  <String HEIGHT="61" WIDTH="87" VPOS="2375" HPOS="696" CONTENT="id"/>
                  <SP HEIGHT="61" WIDTH="15" VPOS="2375" HPOS="783"/>
                  <String HEIGHT="61"
                          WIDTH="146"
                          VPOS="2375"
                          HPOS="740"
                          CONTENT="genus:"/>
                  <SP HEIGHT="61" WIDTH="15" VPOS="2375" HPOS="885"/>
                  <String HEIGHT="61"
                          WIDTH="102"
                          VPOS="2375"
                          HPOS="841"
                          CONTENT="sed"/>
                  <SP HEIGHT="61" WIDTH="15" VPOS="2375" HPOS="943"/>
                  <String HEIGHT="61"
                          WIDTH="116"
                          VPOS="2375"
                          HPOS="900"
                          CONTENT="ille"/>
                  <SP HEIGHT="61" WIDTH="15" VPOS="2375" HPOS="1016"/>
                  <String HEIGHT="61"
                          WIDTH="102"
                          VPOS="2375"
                          HPOS="973"
                          CONTENT="qui"/>
                  <SP HEIGHT="61" WIDTH="15" VPOS="2375" HPOS="1074"/>
                  <String HEIGHT="61"
                          WIDTH="160"
                          VPOS="2375"
                          HPOS="1031"
                          CONTENT="seipsum"/>
                  <SP HEIGHT="61" WIDTH="15" VPOS="2375" HPOS="1191"/>
                  <String HEIGHT="61" WIDTH="87" VPOS="2375" HPOS="1147" CONTENT="ob"/>
                  <SP HEIGHT="61" WIDTH="15" VPOS="2375" HPOS="1235"/>
                  <String HEIGHT="61"
                          WIDTH="116"
                          VPOS="2375"
                          HPOS="1191"
                          CONTENT="iram"/>
                  <SP HEIGHT="61" WIDTH="15" VPOS="2375" HPOS="1307"/>
                  <String HEIGHT="61"
                          WIDTH="160"
                          VPOS="2375"
                          HPOS="1264"
                          CONTENT="occidit"/>
                  <SP HEIGHT="61" WIDTH="15" VPOS="2375" HPOS="1424"/>
                  <String HEIGHT="61"
                          WIDTH="204"
                          VPOS="2375"
                          HPOS="1380"
                          CONTENT="voluntarie"/>
                  <SP HEIGHT="61" WIDTH="15" VPOS="2375" HPOS="1584"/>
                  <String HEIGHT="61"
                          WIDTH="146"
                          VPOS="2375"
                          HPOS="1540"
                          CONTENT="laedit"/>
                  <SP HEIGHT="61" WIDTH="15" VPOS="2375" HPOS="1686"/>
                  <String HEIGHT="61"
                          WIDTH="102"
                          VPOS="2375"
                          HPOS="1642"
                          CONTENT="non"/>
                  <SP HEIGHT="61" WIDTH="15" VPOS="2375" HPOS="1744"/>
                  <String HEIGHT="61"
                          WIDTH="218"
                          VPOS="2375"
                          HPOS="1701"
                          CONTENT="lacessitus:"/>
                  <SP HEIGHT="61" WIDTH="15" VPOS="2375" HPOS="1919"/>
                  <String HEIGHT="61" WIDTH="73" VPOS="2375" HPOS="1875" CONTENT="&amp;"/>
                  <SP HEIGHT="61" WIDTH="15" VPOS="2375" HPOS="1948"/>
                  <String HEIGHT="61"
                          WIDTH="131"
                          VPOS="2375"
                          HPOS="1904"
                          CONTENT="facit"/>
                  <SP HEIGHT="61" WIDTH="15" VPOS="2375" HPOS="2036"/>
                  <String HEIGHT="61"
                          WIDTH="131"
                          VPOS="2375"
                          HPOS="1992"
                          CONTENT="illud"/>
                  <SP HEIGHT="61" WIDTH="15" VPOS="2375" HPOS="2123"/>
                  <String HEIGHT="61"
                          WIDTH="87"
                          VPOS="2375"
                          HPOS="2065"
                          CONTENT="quod"/>
               </TextLine>
               <TextLine ID="r2l44"
                         BASELINE="491,2460 573,2462 656,2462 739,2463 822,2463 905,2465 987,2465 1070,2465 1153,2465 1236,2466 1319,2466 1401,2466 1484,2465 1567,2465 1650,2465 1733,2465 1815,2463 1898,2463 1981,2462 2064,2461 2147,2460"
                         HEIGHT="57"
                         WIDTH="1676"
                         VPOS="2422"
                         HPOS="481">
                  <String HEIGHT="57"
                          WIDTH="116"
                          VPOS="2422"
                          HPOS="464"
                          CONTENT="lex"/>
                  <SP HEIGHT="57" WIDTH="17" VPOS="2422" HPOS="581"/>
                  <String HEIGHT="57"
                          WIDTH="116"
                          VPOS="2422"
                          HPOS="531"
                          CONTENT="non"/>
                  <SP HEIGHT="57" WIDTH="17" VPOS="2422" HPOS="647"/>
                  <String HEIGHT="57"
                          WIDTH="232"
                          VPOS="2422"
                          HPOS="597"
                          CONTENT="permittit,"/>
                  <SP HEIGHT="57" WIDTH="17" VPOS="2422" HPOS="829"/>
                  <String HEIGHT="57" WIDTH="83" VPOS="2422" HPOS="780" CONTENT="&amp;"/>
                  <SP HEIGHT="57" WIDTH="17" VPOS="2422" HPOS="863"/>
                  <String HEIGHT="57"
                          WIDTH="166"
                          VPOS="2422"
                          HPOS="813"
                          CONTENT="contra"/>
                  <SP HEIGHT="57" WIDTH="17" VPOS="2422" HPOS="979"/>
                  <String HEIGHT="57"
                          WIDTH="149"
                          VPOS="2422"
                          HPOS="929"
                          CONTENT="legem"/>
                  <SP HEIGHT="57" WIDTH="17" VPOS="2422" HPOS="1078"/>
                  <String HEIGHT="57"
                          WIDTH="183"
                          VPOS="2422"
                          HPOS="1029"
                          CONTENT="rectam:"/>
                  <SP HEIGHT="57" WIDTH="17" VPOS="2422" HPOS="1211"/>
                  <String HEIGHT="57"
                          WIDTH="199"
                          VPOS="2422"
                          HPOS="1161"
                          CONTENT="iniuriam"/>
                  <SP HEIGHT="57" WIDTH="17" VPOS="2422" HPOS="1360"/>
                  <String HEIGHT="57"
                          WIDTH="133"
                          VPOS="2422"
                          HPOS="1311"
                          CONTENT="ergo"/>
                  <SP HEIGHT="57" WIDTH="17" VPOS="2422" HPOS="1443"/>
                  <String HEIGHT="57"
                          WIDTH="166"
                          VPOS="2422"
                          HPOS="1394"
                          CONTENT="facit."/>
                  <SP HEIGHT="57" WIDTH="17" VPOS="2422" HPOS="1560"/>
                  <String HEIGHT="57"
                          WIDTH="116"
                          VPOS="2422"
                          HPOS="1510"
                          CONTENT="Sed"/>
                  <SP HEIGHT="57" WIDTH="17" VPOS="2422" HPOS="1626"/>
                  <String HEIGHT="57"
                          WIDTH="166"
                          VPOS="2422"
                          HPOS="1576"
                          CONTENT="cuinam"/>
                  <SP HEIGHT="57" WIDTH="17" VPOS="2422" HPOS="1742"/>
                  <String HEIGHT="57"
                          WIDTH="183"
                          VPOS="2422"
                          HPOS="1692"
                          CONTENT="precor:"/>
                  <SP HEIGHT="57" WIDTH="17" VPOS="2422" HPOS="1875"/>
                  <String HEIGHT="57"
                          WIDTH="100"
                          VPOS="2422"
                          HPOS="1825"
                          CONTENT="an"/>
                  <SP HEIGHT="57" WIDTH="17" VPOS="2422" HPOS="1925"/>
                  <String HEIGHT="57"
                          WIDTH="216"
                          VPOS="2422"
                          HPOS="1875"
                          CONTENT="sibiipsi,"/>
                  <SP HEIGHT="57" WIDTH="17" VPOS="2422" HPOS="2091"/>
                  <String HEIGHT="57"
                          WIDTH="100"
                          VPOS="2422"
                          HPOS="2041"
                          CONTENT="an"/>
                  <SP HEIGHT="57" WIDTH="17" VPOS="2422" HPOS="2140"/>
                  <String HEIGHT="57"
                          WIDTH="83"
                          VPOS="2422"
                          HPOS="2074"
                          CONTENT="ci¬"
                          SUBS_TYPE="HypPart1"
                          SUBS_CONTENT="ciuitati?"/>
                  <HYP CONTENT="-"/>
               </TextLine>
               <TextLine ID="r2l45"
                         BASELINE="500,2510 582,2510 664,2510 747,2510 829,2511 912,2511 994,2511 1076,2511 1159,2511 1241,2511 1324,2511 1406,2511 1488,2511 1571,2511 1653,2511 1736,2510 1818,2510 1900,2509 1983,2508 2065,2507 2148,2507"
                         HEIGHT="61"
                         WIDTH="1668"
                         VPOS="2467"
                         HPOS="490">
                  <String HEIGHT="61"
                          WIDTH="167"
                          VPOS="2467"
                          HPOS="475"
                          CONTENT="uitati?"
                          SUBS_TYPE="HypPart2"
                          SUBS_CONTENT="ciuitati?"/>
                  <SP HEIGHT="61" WIDTH="15" VPOS="2467" HPOS="642"/>
                  <String HEIGHT="61"
                          WIDTH="167"
                          VPOS="2467"
                          HPOS="596"
                          CONTENT="Attamen"/>
                  <SP HEIGHT="61" WIDTH="15" VPOS="2467" HPOS="763"/>
                  <String HEIGHT="61"
                          WIDTH="243"
                          VPOS="2467"
                          HPOS="717"
                          CONTENT="concluditur,"/>
                  <SP HEIGHT="61" WIDTH="15" VPOS="2467" HPOS="960"/>
                  <String HEIGHT="61"
                          WIDTH="106"
                          VPOS="2467"
                          HPOS="915"
                          CONTENT="qui"/>
                  <SP HEIGHT="61" WIDTH="15" VPOS="2467" HPOS="1021"/>
                  <String HEIGHT="61"
                          WIDTH="106"
                          VPOS="2467"
                          HPOS="975"
                          CONTENT="hac"/>
                  <SP HEIGHT="61" WIDTH="15" VPOS="2467" HPOS="1081"/>
                  <String HEIGHT="61"
                          WIDTH="106"
                          VPOS="2467"
                          HPOS="1036"
                          CONTENT="via"/>
                  <SP HEIGHT="61" WIDTH="15" VPOS="2467" HPOS="1142"/>
                  <String HEIGHT="61" WIDTH="91" VPOS="2467" HPOS="1097" CONTENT="in"/>
                  <SP HEIGHT="61" WIDTH="15" VPOS="2467" HPOS="1188"/>
                  <String HEIGHT="61" WIDTH="91" VPOS="2467" HPOS="1142" CONTENT="se"/>
                  <SP HEIGHT="61" WIDTH="15" VPOS="2467" HPOS="1233"/>
                  <String HEIGHT="61"
                          WIDTH="152"
                          VPOS="2467"
                          HPOS="1188"
                          CONTENT="peccat"/>
                  <SP HEIGHT="61" WIDTH="15" VPOS="2467" HPOS="1339"/>
                  <String HEIGHT="61"
                          WIDTH="106"
                          VPOS="2467"
                          HPOS="1294"
                          CONTENT="non"/>
                  <SP HEIGHT="61" WIDTH="15" VPOS="2467" HPOS="1400"/>
                  <String HEIGHT="61"
                          WIDTH="197"
                          VPOS="2467"
                          HPOS="1354"
                          CONTENT="sibiipsi,"/>
                  <SP HEIGHT="61" WIDTH="15" VPOS="2467" HPOS="1551"/>
                  <String HEIGHT="61"
                          WIDTH="106"
                          VPOS="2467"
                          HPOS="1506"
                          CONTENT="sed"/>
                  <SP HEIGHT="61" WIDTH="15" VPOS="2467" HPOS="1612"/>
                  <String HEIGHT="61"
                          WIDTH="182"
                          VPOS="2467"
                          HPOS="1567"
                          CONTENT="ciuitati"/>
                  <SP HEIGHT="61" WIDTH="15" VPOS="2467" HPOS="1749"/>
                  <String HEIGHT="61"
                          WIDTH="136"
                          VPOS="2467"
                          HPOS="1703"
                          CONTENT="facit"/>
                  <SP HEIGHT="61" WIDTH="15" VPOS="2467" HPOS="1840"/>
                  <String HEIGHT="61"
                          WIDTH="197"
                          VPOS="2467"
                          HPOS="1794"
                          CONTENT="iniuriam."/>
                  <SP HEIGHT="61" WIDTH="15" VPOS="2467" HPOS="1991"/>
                  <String HEIGHT="61"
                          WIDTH="182"
                          VPOS="2467"
                          HPOS="1946"
                          CONTENT="Probatur"/>
                  <SP HEIGHT="61" WIDTH="15" VPOS="2467" HPOS="2128"/>
                  <String HEIGHT="61"
                          WIDTH="91"
                          VPOS="2467"
                          HPOS="2067"
                          CONTENT="haec"/>
               </TextLine>
               <TextLine ID="r2l46"
                         BASELINE="494,2556 576,2556 659,2556 741,2556 824,2558 906,2558 989,2558 1071,2558 1154,2558 1236,2558 1319,2558 1402,2558 1484,2558 1567,2558 1649,2558 1732,2558 1814,2556 1897,2556 1979,2555 2062,2553 2145,2552"
                         HEIGHT="63"
                         WIDTH="1672"
                         VPOS="2518"
                         HPOS="484">
                  <String HEIGHT="63"
                          WIDTH="209"
                          VPOS="2518"
                          HPOS="469"
                          CONTENT="conclusio."/>
                  <SP HEIGHT="63" WIDTH="15" VPOS="2518" HPOS="678"/>
                  <String HEIGHT="63"
                          WIDTH="149"
                          VPOS="2518"
                          HPOS="633"
                          CONTENT="Nullus"/>
                  <SP HEIGHT="63" WIDTH="15" VPOS="2518" HPOS="783"/>
                  <String HEIGHT="63"
                          WIDTH="164"
                          VPOS="2518"
                          HPOS="738"
                          CONTENT="patitur"/>
                  <SP HEIGHT="63" WIDTH="15" VPOS="2518" HPOS="902"/>
                  <String HEIGHT="63"
                          WIDTH="179"
                          VPOS="2518"
                          HPOS="857"
                          CONTENT="iniuriam"/>
                  <SP HEIGHT="63" WIDTH="15" VPOS="2518" HPOS="1036"/>
                  <String HEIGHT="63"
                          WIDTH="164"
                          VPOS="2518"
                          HPOS="992"
                          CONTENT="volens."/>
                  <SP HEIGHT="63" WIDTH="15" VPOS="2518" HPOS="1156"/>
                  <String HEIGHT="63"
                          WIDTH="105"
                          VPOS="2518"
                          HPOS="1111"
                          CONTENT="sed"/>
                  <SP HEIGHT="63" WIDTH="15" VPOS="2518" HPOS="1216"/>
                  <String HEIGHT="63"
                          WIDTH="119"
                          VPOS="2518"
                          HPOS="1171"
                          CONTENT="iste"/>
                  <SP HEIGHT="63" WIDTH="15" VPOS="2518" HPOS="1290"/>
                  <String HEIGHT="63"
                          WIDTH="164"
                          VPOS="2518"
                          HPOS="1245"
                          CONTENT="patitur"/>
                  <SP HEIGHT="63" WIDTH="15" VPOS="2518" HPOS="1410"/>
                  <String HEIGHT="63"
                          WIDTH="164"
                          VPOS="2518"
                          HPOS="1365"
                          CONTENT="volens,"/>
                  <SP HEIGHT="63" WIDTH="15" VPOS="2518" HPOS="1529"/>
                  <String HEIGHT="63"
                          WIDTH="119"
                          VPOS="2518"
                          HPOS="1484"
                          CONTENT="ergo"/>
                  <SP HEIGHT="63" WIDTH="15" VPOS="2518" HPOS="1604"/>
                  <String HEIGHT="63"
                          WIDTH="105"
                          VPOS="2518"
                          HPOS="1559"
                          CONTENT="non"/>
                  <SP HEIGHT="63" WIDTH="15" VPOS="2518" HPOS="1663"/>
                  <String HEIGHT="63"
                          WIDTH="134"
                          VPOS="2518"
                          HPOS="1619"
                          CONTENT="facit"/>
                  <SP HEIGHT="63" WIDTH="15" VPOS="2518" HPOS="1753"/>
                  <String HEIGHT="63"
                          WIDTH="119"
                          VPOS="2518"
                          HPOS="1708"
                          CONTENT="sibi"/>
                  <SP HEIGHT="63" WIDTH="15" VPOS="2518" HPOS="1828"/>
                  <String HEIGHT="63"
                          WIDTH="194"
                          VPOS="2518"
                          HPOS="1783"
                          CONTENT="iniuriam."/>
                  <SP HEIGHT="63" WIDTH="15" VPOS="2518" HPOS="1977"/>
                  <String HEIGHT="63"
                          WIDTH="179"
                          VPOS="2518"
                          HPOS="1932"
                          CONTENT="Ciuitati"/>
                  <SP HEIGHT="63" WIDTH="15" VPOS="2518" HPOS="2111"/>
                  <String HEIGHT="63"
                          WIDTH="105"
                          VPOS="2518"
                          HPOS="2052"
                          CONTENT="autem"/>
               </TextLine>
               <TextLine ID="r2l47"
                         BASELINE="501,2604 583,2604 665,2604 747,2604 829,2604 911,2604 993,2604 1075,2604 1157,2606 1239,2606 1321,2606 1403,2606 1485,2606 1567,2606 1649,2606 1731,2604 1813,2604 1895,2603 1977,2603 2059,2601 2141,2600"
                         HEIGHT="62"
                         WIDTH="1660"
                         VPOS="2563"
                         HPOS="491">
                  <String HEIGHT="62"
                          WIDTH="105"
                          VPOS="2563"
                          HPOS="476"
                          CONTENT="est"/>
                  <SP HEIGHT="62" WIDTH="15" VPOS="2563" HPOS="581"/>
                  <String HEIGHT="62"
                          WIDTH="194"
                          VPOS="2563"
                          HPOS="536"
                          CONTENT="iniurius,"/>
                  <SP HEIGHT="62" WIDTH="15" VPOS="2563" HPOS="730"/>
                  <String HEIGHT="62"
                          WIDTH="120"
                          VPOS="2563"
                          HPOS="685"
                          CONTENT="quia"/>
                  <SP HEIGHT="62" WIDTH="15" VPOS="2563" HPOS="805"/>
                  <String HEIGHT="62"
                          WIDTH="179"
                          VPOS="2563"
                          HPOS="760"
                          CONTENT="ciuitati"/>
                  <SP HEIGHT="62" WIDTH="15" VPOS="2563" HPOS="940"/>
                  <String HEIGHT="62"
                          WIDTH="135"
                          VPOS="2563"
                          HPOS="895"
                          CONTENT="facit"/>
                  <SP HEIGHT="62" WIDTH="15" VPOS="2563" HPOS="1029"/>
                  <String HEIGHT="62"
                          WIDTH="179"
                          VPOS="2563"
                          HPOS="985"
                          CONTENT="iniuriam"/>
                  <SP HEIGHT="62" WIDTH="15" VPOS="2563" HPOS="1164"/>
                  <String HEIGHT="62"
                          WIDTH="120"
                          VPOS="2563"
                          HPOS="1119"
                          CONTENT="quam"/>
                  <SP HEIGHT="62" WIDTH="15" VPOS="2563" HPOS="1239"/>
                  <String HEIGHT="62"
                          WIDTH="105"
                          VPOS="2563"
                          HPOS="1194"
                          CONTENT="vno"/>
                  <SP HEIGHT="62" WIDTH="15" VPOS="2563" HPOS="1299"/>
                  <String HEIGHT="62"
                          WIDTH="120"
                          VPOS="2563"
                          HPOS="1254"
                          CONTENT="ciue"/>
                  <SP HEIGHT="62" WIDTH="15" VPOS="2563" HPOS="1373"/>
                  <String HEIGHT="62"
                          WIDTH="165"
                          VPOS="2563"
                          HPOS="1328"
                          CONTENT="iniusto"/>
                  <SP HEIGHT="62" WIDTH="15" VPOS="2563" HPOS="1493"/>
                  <String HEIGHT="62"
                          WIDTH="165"
                          VPOS="2563"
                          HPOS="1448"
                          CONTENT="priuat."/>
                  <SP HEIGHT="62" WIDTH="15" VPOS="2563" HPOS="1613"/>
                  <String HEIGHT="62"
                          WIDTH="179"
                          VPOS="2563"
                          HPOS="1568"
                          CONTENT="Probatur"/>
                  <SP HEIGHT="62" WIDTH="15" VPOS="2563" HPOS="1747"/>
                  <String HEIGHT="62"
                          WIDTH="135"
                          VPOS="2563"
                          HPOS="1702"
                          CONTENT="primo"/>
                  <SP HEIGHT="62" WIDTH="15" VPOS="2563" HPOS="1837"/>
                  <String HEIGHT="62" WIDTH="75" VPOS="2563" HPOS="1792" CONTENT="a"/>
                  <SP HEIGHT="62" WIDTH="15" VPOS="2563" HPOS="1867"/>
                  <String HEIGHT="62"
                          WIDTH="135"
                          VPOS="2563"
                          HPOS="1822"
                          CONTENT="signo"/>
                  <SP HEIGHT="62" WIDTH="15" VPOS="2563" HPOS="1957"/>
                  <String HEIGHT="62"
                          WIDTH="120"
                          VPOS="2563"
                          HPOS="1912"
                          CONTENT="sic,"/>
                  <SP HEIGHT="62" WIDTH="15" VPOS="2563" HPOS="2031"/>
                  <String HEIGHT="62"
                          WIDTH="120"
                          VPOS="2563"
                          HPOS="1986"
                          CONTENT="Ille"/>
                  <SP HEIGHT="62" WIDTH="15" VPOS="2563" HPOS="2106"/>
                  <String HEIGHT="62"
                          WIDTH="105"
                          VPOS="2563"
                          HPOS="2046"
                          CONTENT="cuius"/>
               </TextLine>
               <TextLine ID="r2l48"
                         BASELINE="491,2651 573,2651 656,2651 739,2651 822,2651 905,2651 988,2652 1070,2652 1153,2652 1236,2652 1319,2652 1402,2652 1485,2652 1568,2652 1650,2652 1733,2651 1816,2651 1899,2651 1982,2649 2065,2649 2148,2648"
                         HEIGHT="56"
                         WIDTH="1678"
                         VPOS="2611"
                         HPOS="481">
                  <String HEIGHT="56"
                          WIDTH="181"
                          VPOS="2611"
                          HPOS="466"
                          CONTENT="cadaueri"/>
                  <SP HEIGHT="56" WIDTH="15" VPOS="2611" HPOS="647"/>
                  <String HEIGHT="56"
                          WIDTH="181"
                          VPOS="2611"
                          HPOS="602"
                          CONTENT="infertur"/>
                  <SP HEIGHT="56" WIDTH="15" VPOS="2611" HPOS="783"/>
                  <String HEIGHT="56"
                          WIDTH="151"
                          VPOS="2611"
                          HPOS="738"
                          CONTENT="damnum"/>
                  <SP HEIGHT="56" WIDTH="15" VPOS="2611" HPOS="889"/>
                  <String HEIGHT="56" WIDTH="76" VPOS="2611" HPOS="844" CONTENT="a"/>
                  <SP HEIGHT="56" WIDTH="15" VPOS="2611" HPOS="919"/>
                  <String HEIGHT="56"
                          WIDTH="197"
                          VPOS="2611"
                          HPOS="874"
                          CONTENT="ciuitate:"/>
                  <SP HEIGHT="56" WIDTH="15" VPOS="2611" HPOS="1071"/>
                  <String HEIGHT="56"
                          WIDTH="136"
                          VPOS="2611"
                          HPOS="1025"
                          CONTENT="facit"/>
                  <SP HEIGHT="56" WIDTH="15" VPOS="2611" HPOS="1161"/>
                  <String HEIGHT="56"
                          WIDTH="181"
                          VPOS="2611"
                          HPOS="1116"
                          CONTENT="iniuriam"/>
                  <SP HEIGHT="56" WIDTH="15" VPOS="2611" HPOS="1297"/>
                  <String HEIGHT="56"
                          WIDTH="197"
                          VPOS="2611"
                          HPOS="1252"
                          CONTENT="ciuitati:"/>
                  <SP HEIGHT="56" WIDTH="15" VPOS="2611" HPOS="1448"/>
                  <String HEIGHT="56" WIDTH="91" VPOS="2611" HPOS="1403" CONTENT="at"/>
                  <SP HEIGHT="56" WIDTH="15" VPOS="2611" HPOS="1494"/>
                  <String HEIGHT="56"
                          WIDTH="181"
                          VPOS="2611"
                          HPOS="1448"
                          CONTENT="cadaueri"/>
                  <SP HEIGHT="56" WIDTH="15" VPOS="2611" HPOS="1630"/>
                  <String HEIGHT="56"
                          WIDTH="212"
                          VPOS="2611"
                          HPOS="1585"
                          CONTENT="occidentis"/>
                  <SP HEIGHT="56" WIDTH="15" VPOS="2611" HPOS="1796"/>
                  <String HEIGHT="56"
                          WIDTH="166"
                          VPOS="2611"
                          HPOS="1751"
                          CONTENT="seipsum"/>
                  <SP HEIGHT="56" WIDTH="15" VPOS="2611" HPOS="1917"/>
                  <String HEIGHT="56"
                          WIDTH="181"
                          VPOS="2611"
                          HPOS="1872"
                          CONTENT="infertur"/>
                  <SP HEIGHT="56" WIDTH="15" VPOS="2611" HPOS="2053"/>
                  <String HEIGHT="56"
                          WIDTH="121"
                          VPOS="2611"
                          HPOS="2008"
                          CONTENT="post"/>
                  <SP HEIGHT="56" WIDTH="15" VPOS="2611" HPOS="2129"/>
                  <String HEIGHT="56"
                          WIDTH="91"
                          VPOS="2611"
                          HPOS="2068"
                          CONTENT="mor¬"
                          SUBS_TYPE="HypPart1"
                          SUBS_CONTENT="mortem"/>
                  <HYP CONTENT="-"/>
               </TextLine>
               <TextLine ID="r2l49"
                         BASELINE="501,2700 583,2699 666,2699 748,2699 831,2699 913,2699 996,2699 1078,2699 1161,2700 1243,2700 1326,2700 1408,2700 1491,2700 1573,2700 1656,2700 1738,2699 1821,2699 1903,2697 1986,2697 2068,2696 2151,2694"
                         HEIGHT="58"
                         WIDTH="1670"
                         VPOS="2658"
                         HPOS="491">
                  <String HEIGHT="58"
                          WIDTH="110"
                          VPOS="2658"
                          HPOS="475"
                          CONTENT="tem"
                          SUBS_TYPE="HypPart2"
                          SUBS_CONTENT="mortem"/>
                  <SP HEIGHT="58" WIDTH="16" VPOS="2658" HPOS="586"/>
                  <String HEIGHT="58"
                          WIDTH="173"
                          VPOS="2658"
                          HPOS="538"
                          CONTENT="iactura"/>
                  <SP HEIGHT="58" WIDTH="16" VPOS="2658" HPOS="712"/>
                  <String HEIGHT="58" WIDTH="79" VPOS="2658" HPOS="664" CONTENT="a"/>
                  <SP HEIGHT="58" WIDTH="16" VPOS="2658" HPOS="743"/>
                  <String HEIGHT="58"
                          WIDTH="205"
                          VPOS="2658"
                          HPOS="696"
                          CONTENT="ciuitate:"/>
                  <SP HEIGHT="58" WIDTH="16" VPOS="2658" HPOS="901"/>
                  <String HEIGHT="58"
                          WIDTH="173"
                          VPOS="2658"
                          HPOS="853"
                          CONTENT="igitur."/>
                  <SP HEIGHT="58" WIDTH="16" VPOS="2658" HPOS="1027"/>
                  <String HEIGHT="58"
                          WIDTH="173"
                          VPOS="2658"
                          HPOS="979"
                          CONTENT="Minorem"/>
                  <SP HEIGHT="58" WIDTH="16" VPOS="2658" HPOS="1153"/>
                  <String HEIGHT="58"
                          WIDTH="142"
                          VPOS="2658"
                          HPOS="1105"
                          CONTENT="ponit"/>
                  <SP HEIGHT="58" WIDTH="16" VPOS="2658" HPOS="1247"/>
                  <String HEIGHT="58" WIDTH="95" VPOS="2658" HPOS="1200" CONTENT="in"/>
                  <SP HEIGHT="58" WIDTH="16" VPOS="2658" HPOS="1294"/>
                  <String HEIGHT="58"
                          WIDTH="158"
                          VPOS="2658"
                          HPOS="1247"
                          CONTENT="litera"/>
                  <SP HEIGHT="58" WIDTH="16" VPOS="2658" HPOS="1405"/>
                  <String HEIGHT="58"
                          WIDTH="110"
                          VPOS="2658"
                          HPOS="1358"
                          CONTENT="sic"/>
                  <SP HEIGHT="58" WIDTH="16" VPOS="2658" HPOS="1468"/>
                  <String HEIGHT="58"
                          WIDTH="205"
                          VPOS="2658"
                          HPOS="1421"
                          CONTENT="inquiens."/>
                  <SP HEIGHT="58" WIDTH="16" VPOS="2658" HPOS="1625"/>
                  <String HEIGHT="58"
                          WIDTH="221"
                          VPOS="2658"
                          HPOS="1578"
                          CONTENT="Quapropter"/>
                  <SP HEIGHT="58" WIDTH="16" VPOS="2658" HPOS="1799"/>
                  <String HEIGHT="58"
                          WIDTH="173"
                          VPOS="2658"
                          HPOS="1751"
                          CONTENT="ciuitas"/>
                  <SP HEIGHT="58" WIDTH="16" VPOS="2658" HPOS="1925"/>
                  <String HEIGHT="58"
                          WIDTH="158"
                          VPOS="2658"
                          HPOS="1877"
                          CONTENT="muctat"/>
                  <SP HEIGHT="58" WIDTH="16" VPOS="2658" HPOS="2035"/>
                  <String HEIGHT="58" WIDTH="79" VPOS="2658" HPOS="1988" CONTENT="&amp;"/>
                  <SP HEIGHT="58" WIDTH="16" VPOS="2658" HPOS="2066"/>
                  <String HEIGHT="58"
                          WIDTH="158"
                          VPOS="2658"
                          HPOS="2003"
                          CONTENT="institu¬"
                          SUBS_TYPE="HypPart1"
                          SUBS_CONTENT="instituta"/>
                  <HYP CONTENT="-"/>
               </TextLine>
               <TextLine ID="r2l50"
                         BASELINE="498,2745 580,2745 662,2745 744,2745 826,2745 908,2745 990,2747 1073,2747 1155,2747 1237,2747 1319,2747 1401,2747 1483,2747 1565,2747 1648,2747 1730,2745 1812,2745 1894,2744 1976,2744 2058,2742 2141,2741"
                         HEIGHT="61"
                         WIDTH="1664"
                         VPOS="2704"
                         HPOS="488">
                  <String HEIGHT="61"
                          WIDTH="97"
                          VPOS="2704"
                          HPOS="472"
                          CONTENT="ta"
                          SUBS_TYPE="HypPart2"
                          SUBS_CONTENT="instituta"/>
                  <SP HEIGHT="61" WIDTH="16" VPOS="2704" HPOS="569"/>
                  <String HEIGHT="61"
                          WIDTH="113"
                          VPOS="2704"
                          HPOS="520"
                          CONTENT="est"/>
                  <SP HEIGHT="61" WIDTH="16" VPOS="2704" HPOS="633"/>
                  <String HEIGHT="61"
                          WIDTH="210"
                          VPOS="2704"
                          HPOS="585"
                          CONTENT="ignominia"/>
                  <SP HEIGHT="61" WIDTH="16" VPOS="2704" HPOS="795"/>
                  <String HEIGHT="61"
                          WIDTH="178"
                          VPOS="2704"
                          HPOS="746"
                          CONTENT="quaedam"/>
                  <SP HEIGHT="61" WIDTH="16" VPOS="2704" HPOS="924"/>
                  <String HEIGHT="61"
                          WIDTH="194"
                          VPOS="2704"
                          HPOS="876"
                          CONTENT="aduersus"/>
                  <SP HEIGHT="61" WIDTH="16" VPOS="2704" HPOS="1070"/>
                  <String HEIGHT="61"
                          WIDTH="113"
                          VPOS="2704"
                          HPOS="1021"
                          CONTENT="eum"/>
                  <SP HEIGHT="61" WIDTH="16" VPOS="2704" HPOS="1134"/>
                  <String HEIGHT="61"
                          WIDTH="113"
                          VPOS="2704"
                          HPOS="1086"
                          CONTENT="qui"/>
                  <SP HEIGHT="61" WIDTH="16" VPOS="2704" HPOS="1199"/>
                  <String HEIGHT="61"
                          WIDTH="129"
                          VPOS="2704"
                          HPOS="1150"
                          CONTENT="sibi"/>
                  <SP HEIGHT="61" WIDTH="16" VPOS="2704" HPOS="1280"/>
                  <String HEIGHT="61"
                          WIDTH="162"
                          VPOS="2704"
                          HPOS="1231"
                          CONTENT="mortem"/>
                  <SP HEIGHT="61" WIDTH="16" VPOS="2704" HPOS="1393"/>
                  <String HEIGHT="61"
                          WIDTH="210"
                          VPOS="2704"
                          HPOS="1344"
                          CONTENT="consciuit"/>
                  <SP HEIGHT="61" WIDTH="16" VPOS="2704" HPOS="1554"/>
                  <String HEIGHT="61" WIDTH="97" VPOS="2704" HPOS="1506" CONTENT="vt"/>
                  <SP HEIGHT="61" WIDTH="16" VPOS="2704" HPOS="1603"/>
                  <String HEIGHT="61"
                          WIDTH="194"
                          VPOS="2704"
                          HPOS="1554"
                          CONTENT="ciuitati"/>
                  <SP HEIGHT="61" WIDTH="16" VPOS="2704" HPOS="1748"/>
                  <String HEIGHT="61"
                          WIDTH="194"
                          VPOS="2704"
                          HPOS="1700"
                          CONTENT="iniuriam"/>
                  <SP HEIGHT="61" WIDTH="16" VPOS="2704" HPOS="1894"/>
                  <String HEIGHT="61"
                          WIDTH="210"
                          VPOS="2704"
                          HPOS="1845"
                          CONTENT="facienti."/>
                  <SP HEIGHT="61" WIDTH="16" VPOS="2704" HPOS="2055"/>
                  <String HEIGHT="61"
                          WIDTH="162"
                          VPOS="2704"
                          HPOS="1990"
                          CONTENT="Siquidem"/>
               </TextLine>
               <TextLine ID="r2l51"
                         BASELINE="504,2793 585,2792 667,2792 749,2792 831,2792 913,2792 995,2793 1076,2793 1158,2793 1240,2793 1322,2793 1404,2793 1486,2793 1568,2793 1649,2793 1731,2793 1813,2792 1895,2792 1977,2792 2059,2790 2141,2789"
                         HEIGHT="57"
                         WIDTH="1659"
                         VPOS="2749"
                         HPOS="493">
                  <String HEIGHT="57" WIDTH="107" VPOS="2749" HPOS="475" CONTENT="ad"/>
                  <SP HEIGHT="57" WIDTH="18" VPOS="2749" HPOS="582"/>
                  <String HEIGHT="57"
                          WIDTH="161"
                          VPOS="2749"
                          HPOS="529"
                          CONTENT="locum"/>
                  <SP HEIGHT="57" WIDTH="18" VPOS="2749" HPOS="689"/>
                  <String HEIGHT="57"
                          WIDTH="232"
                          VPOS="2749"
                          HPOS="636"
                          CONTENT="humilimum"/>
                  <SP HEIGHT="57" WIDTH="18" VPOS="2749" HPOS="868"/>
                  <String HEIGHT="57"
                          WIDTH="143"
                          VPOS="2749"
                          HPOS="814"
                          CONTENT="eius"/>
                  <SP HEIGHT="57" WIDTH="18" VPOS="2749" HPOS="957"/>
                  <String HEIGHT="57"
                          WIDTH="196"
                          VPOS="2749"
                          HPOS="903"
                          CONTENT="cadauer"/>
                  <SP HEIGHT="57" WIDTH="18" VPOS="2749" HPOS="1100"/>
                  <String HEIGHT="57"
                          WIDTH="143"
                          VPOS="2749"
                          HPOS="1046"
                          CONTENT="more"/>
                  <SP HEIGHT="57" WIDTH="18" VPOS="2749" HPOS="1189"/>
                  <String HEIGHT="57"
                          WIDTH="161"
                          VPOS="2749"
                          HPOS="1135"
                          CONTENT="canum"/>
                  <SP HEIGHT="57" WIDTH="18" VPOS="2749" HPOS="1296"/>
                  <String HEIGHT="57"
                          WIDTH="161"
                          VPOS="2749"
                          HPOS="1242"
                          CONTENT="vncis"/>
                  <SP HEIGHT="57" WIDTH="18" VPOS="2749" HPOS="1403"/>
                  <String HEIGHT="57"
                          WIDTH="250"
                          VPOS="2749"
                          HPOS="1349"
                          CONTENT="contemptim"/>
                  <SP HEIGHT="57" WIDTH="18" VPOS="2749" HPOS="1599"/>
                  <String HEIGHT="57"
                          WIDTH="232"
                          VPOS="2749"
                          HPOS="1545"
                          CONTENT="trahitur,"/>
                  <SP HEIGHT="57" WIDTH="18" VPOS="2749" HPOS="1777"/>
                  <String HEIGHT="57" WIDTH="89" VPOS="2749" HPOS="1724" CONTENT="&amp;"/>
                  <SP HEIGHT="57" WIDTH="18" VPOS="2749" HPOS="1813"/>
                  <String HEIGHT="57"
                          WIDTH="161"
                          VPOS="2749"
                          HPOS="1760"
                          CONTENT="manet"/>
                  <SP HEIGHT="57" WIDTH="18" VPOS="2749" HPOS="1920"/>
                  <String HEIGHT="57"
                          WIDTH="268"
                          VPOS="2749"
                          HPOS="1867"
                          CONTENT="insepultum."/>
                  <SP HEIGHT="57" WIDTH="18" VPOS="2749" HPOS="2134"/>
                  <String HEIGHT="57"
                          WIDTH="89"
                          VPOS="2749"
                          HPOS="2063"
                          CONTENT="Per"/>
               </TextLine>
               <TextLine ID="r2l52"
                         BASELINE="501,2840 583,2840 666,2840 748,2840 831,2840 913,2840 996,2840 1078,2840 1161,2840 1243,2840 1326,2840 1408,2841 1491,2840 1573,2840 1656,2840 1738,2840 1821,2840 1903,2838 1986,2837 2068,2835 2151,2834"
                         HEIGHT="57"
                         WIDTH="1670"
                         VPOS="2796"
                         HPOS="491">
                  <String HEIGHT="57"
                          WIDTH="214"
                          VPOS="2796"
                          HPOS="476"
                          CONTENT="ciuitatem,"/>
                  <SP HEIGHT="57" WIDTH="15" VPOS="2796" HPOS="690"/>
                  <String HEIGHT="57"
                          WIDTH="153"
                          VPOS="2796"
                          HPOS="644"
                          CONTENT="vicum,"/>
                  <SP HEIGHT="57" WIDTH="15" VPOS="2796" HPOS="797"/>
                  <String HEIGHT="57" WIDTH="77" VPOS="2796" HPOS="751" CONTENT="&amp;"/>
                  <SP HEIGHT="57" WIDTH="15" VPOS="2796" HPOS="828"/>
                  <String HEIGHT="57"
                          WIDTH="199"
                          VPOS="2796"
                          HPOS="782"
                          CONTENT="quamlibet"/>
                  <SP HEIGHT="57" WIDTH="15" VPOS="2796" HPOS="981"/>
                  <String HEIGHT="57"
                          WIDTH="276"
                          VPOS="2796"
                          HPOS="935"
                          CONTENT="congregationem"/>
                  <SP HEIGHT="57" WIDTH="15" VPOS="2796" HPOS="1211"/>
                  <String HEIGHT="57"
                          WIDTH="138"
                          VPOS="2796"
                          HPOS="1165"
                          CONTENT="cuius"/>
                  <SP HEIGHT="57" WIDTH="15" VPOS="2796" HPOS="1303"/>
                  <String HEIGHT="57"
                          WIDTH="169"
                          VPOS="2796"
                          HPOS="1257"
                          CONTENT="occisor"/>
                  <SP HEIGHT="57" WIDTH="15" VPOS="2796" HPOS="1426"/>
                  <String HEIGHT="57"
                          WIDTH="107"
                          VPOS="2796"
                          HPOS="1380"
                          CONTENT="est"/>
                  <SP HEIGHT="57" WIDTH="15" VPOS="2796" HPOS="1487"/>
                  <String HEIGHT="57"
                          WIDTH="138"
                          VPOS="2796"
                          HPOS="1441"
                          CONTENT="pars,"/>
                  <SP HEIGHT="57" WIDTH="15" VPOS="2796" HPOS="1579"/>
                  <String HEIGHT="57"
                          WIDTH="245"
                          VPOS="2796"
                          HPOS="1533"
                          CONTENT="intelligito."/>
                  <SP HEIGHT="57" WIDTH="15" VPOS="2796" HPOS="1778"/>
                  <String HEIGHT="57" WIDTH="77" VPOS="2796" HPOS="1732" CONTENT="⁋"/>
                  <SP HEIGHT="57" WIDTH="15" VPOS="2796" HPOS="1809"/>
                  <String HEIGHT="57"
                          WIDTH="184"
                          VPOS="2796"
                          HPOS="1763"
                          CONTENT="Sequitur"/>
                  <SP HEIGHT="57" WIDTH="15" VPOS="2796" HPOS="1947"/>
                  <String HEIGHT="57" WIDTH="92" VPOS="2796" HPOS="1901" CONTENT="in"/>
                  <SP HEIGHT="57" WIDTH="15" VPOS="2796" HPOS="1992"/>
                  <String HEIGHT="57"
                          WIDTH="169"
                          VPOS="2796"
                          HPOS="1947"
                          CONTENT="litera."/>
                  <SP HEIGHT="57" WIDTH="15" VPOS="2796" HPOS="2115"/>
                  <String HEIGHT="57"
                          WIDTH="107"
                          VPOS="2796"
                          HPOS="2054"
                          CONTENT="Prae¬"
                          SUBS_TYPE="HypPart1"
                          SUBS_CONTENT="Praeterea"/>
                  <HYP CONTENT="-"/>
               </TextLine>
               <TextLine ID="r2l53"
                         BASELINE="504,2886 586,2886 668,2886 751,2886 833,2887 916,2888 998,2888 1081,2888 1163,2888 1246,2888 1328,2888 1410,2888 1493,2887 1575,2886 1658,2886 1740,2886 1823,2885 1905,2885 1988,2885 2070,2883 2153,2882"
                         HEIGHT="53"
                         WIDTH="1670"
                         VPOS="2843"
                         HPOS="494">
                  <String HEIGHT="53"
                          WIDTH="137"
                          VPOS="2843"
                          HPOS="479"
                          CONTENT="terea"
                          SUBS_TYPE="HypPart2"
                          SUBS_CONTENT="Praeterea"/>
                  <SP HEIGHT="53" WIDTH="15" VPOS="2843" HPOS="615"/>
                  <String HEIGHT="53"
                          WIDTH="137"
                          VPOS="2843"
                          HPOS="570"
                          CONTENT="fieri"/>
                  <SP HEIGHT="53" WIDTH="15" VPOS="2843" HPOS="707"/>
                  <String HEIGHT="53"
                          WIDTH="106"
                          VPOS="2843"
                          HPOS="661"
                          CONTENT="non"/>
                  <SP HEIGHT="53" WIDTH="15" VPOS="2843" HPOS="767"/>
                  <String HEIGHT="53"
                          WIDTH="152"
                          VPOS="2843"
                          HPOS="722"
                          CONTENT="potest"/>
                  <SP HEIGHT="53" WIDTH="15" VPOS="2843" HPOS="874"/>
                  <String HEIGHT="53"
                          WIDTH="106"
                          VPOS="2843"
                          HPOS="828"
                          CONTENT="&amp;c."/>
                  <SP HEIGHT="53" WIDTH="15" VPOS="2843" HPOS="934"/>
                  <String HEIGHT="53"
                          WIDTH="106"
                          VPOS="2843"
                          HPOS="889"
                          CONTENT="Hic"/>
                  <SP HEIGHT="53" WIDTH="15" VPOS="2843" HPOS="995"/>
                  <String HEIGHT="53"
                          WIDTH="152"
                          VPOS="2843"
                          HPOS="949"
                          CONTENT="soluit"/>
                  <SP HEIGHT="53" WIDTH="15" VPOS="2843" HPOS="1101"/>
                  <String HEIGHT="53"
                          WIDTH="228"
                          VPOS="2843"
                          HPOS="1056"
                          CONTENT="quaestionem"/>
                  <SP HEIGHT="53" WIDTH="15" VPOS="2843" HPOS="1283"/>
                  <String HEIGHT="53"
                          WIDTH="167"
                          VPOS="2843"
                          HPOS="1238"
                          CONTENT="quantum"/>
                  <SP HEIGHT="53" WIDTH="15" VPOS="2843" HPOS="1405"/>
                  <String HEIGHT="53" WIDTH="91" VPOS="2843" HPOS="1359" CONTENT="ad"/>
                  <SP HEIGHT="53" WIDTH="15" VPOS="2843" HPOS="1450"/>
                  <String HEIGHT="53"
                          WIDTH="197"
                          VPOS="2843"
                          HPOS="1405"
                          CONTENT="iustitiam"/>
                  <SP HEIGHT="53" WIDTH="15" VPOS="2843" HPOS="1602"/>
                  <String HEIGHT="53"
                          WIDTH="243"
                          VPOS="2843"
                          HPOS="1557"
                          CONTENT="particularem"/>
                  <SP HEIGHT="53" WIDTH="15" VPOS="2843" HPOS="1800"/>
                  <String HEIGHT="53" WIDTH="76" VPOS="2843" HPOS="1754" CONTENT="&amp;"/>
                  <SP HEIGHT="53" WIDTH="15" VPOS="2843" HPOS="1830"/>
                  <String HEIGHT="53"
                          WIDTH="152"
                          VPOS="2843"
                          HPOS="1784"
                          CONTENT="dicit."/>
                  <SP HEIGHT="53" WIDTH="15" VPOS="2843" HPOS="1936"/>
                  <String HEIGHT="53"
                          WIDTH="182"
                          VPOS="2843"
                          HPOS="1891"
                          CONTENT="Quispiam"/>
                  <SP HEIGHT="53" WIDTH="15" VPOS="2843" HPOS="2073"/>
                  <String HEIGHT="53"
                          WIDTH="106"
                          VPOS="2843"
                          HPOS="2027"
                          CONTENT="est"/>
                  <SP HEIGHT="53" WIDTH="15" VPOS="2843" HPOS="2134"/>
                  <String HEIGHT="53"
                          WIDTH="91"
                          VPOS="2843"
                          HPOS="2073"
                          CONTENT="iniu"/>
               </TextLine>
               <TextLine ID="r2l54"
                         BASELINE="500,2934 582,2934 664,2934 746,2934 828,2936 911,2936 993,2936 1075,2936 1157,2936 1239,2936 1322,2934 1404,2934 1486,2934 1568,2934 1650,2934 1733,2933 1815,2933 1897,2933 1979,2931 2061,2931 2144,2930"
                         HEIGHT="61"
                         WIDTH="1663"
                         VPOS="2894"
                         HPOS="490">
                  <String HEIGHT="61"
                          WIDTH="123"
                          VPOS="2894"
                          HPOS="475"
                          CONTENT="stus"/>
                  <SP HEIGHT="61" WIDTH="15" VPOS="2894" HPOS="598"/>
                  <String HEIGHT="61"
                          WIDTH="108"
                          VPOS="2894"
                          HPOS="552"
                          CONTENT="non"/>
                  <SP HEIGHT="61" WIDTH="15" VPOS="2894" HPOS="659"/>
                  <String HEIGHT="61"
                          WIDTH="139"
                          VPOS="2894"
                          HPOS="613"
                          CONTENT="quasi"/>
                  <SP HEIGHT="61" WIDTH="15" VPOS="2894" HPOS="752"/>
                  <String HEIGHT="61"
                          WIDTH="200"
                          VPOS="2894"
                          HPOS="706"
                          CONTENT="totaliter"/>
                  <SP HEIGHT="61" WIDTH="15" VPOS="2894" HPOS="906"/>
                  <String HEIGHT="61"
                          WIDTH="154"
                          VPOS="2894"
                          HPOS="860"
                          CONTENT="prauus"/>
                  <SP HEIGHT="61" WIDTH="15" VPOS="2894" HPOS="1014"/>
                  <String HEIGHT="61"
                          WIDTH="185"
                          VPOS="2894"
                          HPOS="967"
                          CONTENT="secundum"/>
                  <SP HEIGHT="61" WIDTH="15" VPOS="2894" HPOS="1152"/>
                  <String HEIGHT="61"
                          WIDTH="139"
                          VPOS="2894"
                          HPOS="1106"
                          CONTENT="omnem"/>
                  <SP HEIGHT="61" WIDTH="15" VPOS="2894" HPOS="1245"/>
                  <String HEIGHT="61"
                          WIDTH="200"
                          VPOS="2894"
                          HPOS="1198"
                          CONTENT="malitiam:"/>
                  <SP HEIGHT="61" WIDTH="15" VPOS="2894" HPOS="1398"/>
                  <String HEIGHT="61"
                          WIDTH="108"
                          VPOS="2894"
                          HPOS="1352"
                          CONTENT="hoc"/>
                  <SP HEIGHT="61" WIDTH="15" VPOS="2894" HPOS="1460"/>
                  <String HEIGHT="61"
                          WIDTH="108"
                          VPOS="2894"
                          HPOS="1414"
                          CONTENT="est"/>
                  <SP HEIGHT="61" WIDTH="15" VPOS="2894" HPOS="1522"/>
                  <String HEIGHT="61"
                          WIDTH="108"
                          VPOS="2894"
                          HPOS="1475"
                          CONTENT="non"/>
                  <SP HEIGHT="61" WIDTH="15" VPOS="2894" HPOS="1583"/>
                  <String HEIGHT="61"
                          WIDTH="200"
                          VPOS="2894"
                          HPOS="1537"
                          CONTENT="oppositus"/>
                  <SP HEIGHT="61" WIDTH="15" VPOS="2894" HPOS="1737"/>
                  <String HEIGHT="61"
                          WIDTH="154"
                          VPOS="2894"
                          HPOS="1691"
                          CONTENT="totali"/>
                  <SP HEIGHT="61" WIDTH="15" VPOS="2894" HPOS="1845"/>
                  <String HEIGHT="61"
                          WIDTH="200"
                          VPOS="2894"
                          HPOS="1799"
                          CONTENT="iustitiae"/>
                  <SP HEIGHT="61" WIDTH="15" VPOS="2894" HPOS="1999"/>
                  <String HEIGHT="61"
                          WIDTH="108"
                          VPOS="2894"
                          HPOS="1953"
                          CONTENT="sed"/>
                  <SP HEIGHT="61" WIDTH="15" VPOS="2894" HPOS="2061"/>
                  <String HEIGHT="61"
                          WIDTH="154"
                          VPOS="2894"
                          HPOS="1999"
                          CONTENT="particu¬"
                          SUBS_TYPE="HypPart1"
                          SUBS_CONTENT="particulari,"/>
                  <HYP CONTENT="-"/>
               </TextLine>
               <TextLine ID="r2l55"
                         BASELINE="501,2979 583,2981 666,2981 748,2981 831,2982 914,2982 996,2982 1079,2982 1162,2982 1244,2982 1327,2982 1410,2982 1492,2981 1575,2981 1658,2981 1740,2981 1823,2979 1906,2979 1988,2979 2071,2978 2154,2978"
                         HEIGHT="63"
                         WIDTH="1674"
                         VPOS="2937"
                         HPOS="490">
                  <String HEIGHT="63"
                          WIDTH="135"
                          VPOS="2937"
                          HPOS="475"
                          CONTENT="lari,"
                          SUBS_TYPE="HypPart2"
                          SUBS_CONTENT="particulari,"/>
                  <SP HEIGHT="63" WIDTH="15" VPOS="2937" HPOS="610"/>
                  <String HEIGHT="63"
                          WIDTH="120"
                          VPOS="2937"
                          HPOS="565"
                          CONTENT="dico"/>
                  <SP HEIGHT="63" WIDTH="15" VPOS="2937" HPOS="684"/>
                  <String HEIGHT="63"
                          WIDTH="135"
                          VPOS="2937"
                          HPOS="639"
                          CONTENT="etiam"/>
                  <SP HEIGHT="63" WIDTH="15" VPOS="2937" HPOS="774"/>
                  <String HEIGHT="63"
                          WIDTH="105"
                          VPOS="2937"
                          HPOS="729"
                          CONTENT="hoc"/>
                  <SP HEIGHT="63" WIDTH="15" VPOS="2937" HPOS="834"/>
                  <String HEIGHT="63" WIDTH="90" VPOS="2937" HPOS="789" CONTENT="in"/>
                  <SP HEIGHT="63" WIDTH="15" VPOS="2937" HPOS="879"/>
                  <String HEIGHT="63"
                          WIDTH="209"
                          VPOS="2937"
                          HPOS="834"
                          CONTENT="intellectu"/>
                  <SP HEIGHT="63" WIDTH="15" VPOS="2937" HPOS="1043"/>
                  <String HEIGHT="63"
                          WIDTH="120"
                          VPOS="2937"
                          HPOS="998"
                          CONTENT="nemo"/>
                  <SP HEIGHT="63" WIDTH="15" VPOS="2937" HPOS="1118"/>
                  <String HEIGHT="63"
                          WIDTH="135"
                          VPOS="2937"
                          HPOS="1073"
                          CONTENT="facit"/>
                  <SP HEIGHT="63" WIDTH="15" VPOS="2937" HPOS="1207"/>
                  <String HEIGHT="63"
                          WIDTH="120"
                          VPOS="2937"
                          HPOS="1163"
                          CONTENT="sibi"/>
                  <SP HEIGHT="63" WIDTH="15" VPOS="2937" HPOS="1282"/>
                  <String HEIGHT="63"
                          WIDTH="179"
                          VPOS="2937"
                          HPOS="1237"
                          CONTENT="iniuriam"/>
                  <SP HEIGHT="63" WIDTH="15" VPOS="2937" HPOS="1417"/>
                  <String HEIGHT="63"
                          WIDTH="105"
                          VPOS="2937"
                          HPOS="1372"
                          CONTENT="hoc"/>
                  <SP HEIGHT="63" WIDTH="15" VPOS="2937" HPOS="1476"/>
                  <String HEIGHT="63"
                          WIDTH="194"
                          VPOS="2937"
                          HPOS="1432"
                          CONTENT="exponendo"/>
                  <SP HEIGHT="63" WIDTH="15" VPOS="2937" HPOS="1626"/>
                  <String HEIGHT="63"
                          WIDTH="149"
                          VPOS="2937"
                          HPOS="1581"
                          CONTENT="dicit,"/>
                  <SP HEIGHT="63" WIDTH="15" VPOS="2937" HPOS="1731"/>
                  <String HEIGHT="63"
                          WIDTH="120"
                          VPOS="2937"
                          HPOS="1686"
                          CONTENT="quod"/>
                  <SP HEIGHT="63" WIDTH="15" VPOS="2937" HPOS="1805"/>
                  <String HEIGHT="63"
                          WIDTH="105"
                          VPOS="2937"
                          HPOS="1760"
                          CONTENT="hoc"/>
                  <SP HEIGHT="63" WIDTH="15" VPOS="2937" HPOS="1865"/>
                  <String HEIGHT="63"
                          WIDTH="179"
                          VPOS="2937"
                          HPOS="1820"
                          CONTENT="iniustum"/>
                  <SP HEIGHT="63" WIDTH="15" VPOS="2937" HPOS="2000"/>
                  <String HEIGHT="63"
                          WIDTH="149"
                          VPOS="2937"
                          HPOS="1955"
                          CONTENT="contra"/>
                  <SP HEIGHT="63" WIDTH="15" VPOS="2937" HPOS="2104"/>
                  <String HEIGHT="63"
                          WIDTH="120"
                          VPOS="2937"
                          HPOS="2044"
                          CONTENT="parti¬"
                          SUBS_TYPE="HypPart1"
                          SUBS_CONTENT="particularem"/>
                  <HYP CONTENT="-"/>
               </TextLine>
               <TextLine ID="r2l56"
                         BASELINE="507,3026 589,3027 671,3028 753,3029 835,3029 917,3029 999,3030 1081,3030 1163,3030 1245,3030 1327,3030 1409,3030 1491,3029 1573,3029 1655,3029 1737,3027 1819,3027 1901,3026 1983,3026 2065,3024 2148,3024"
                         HEIGHT="60"
                         WIDTH="1662"
                         VPOS="2982"
                         HPOS="497">
                  <String HEIGHT="60"
                          WIDTH="163"
                          VPOS="2982"
                          HPOS="482"
                          CONTENT="cularem"
                          SUBS_TYPE="HypPart2"
                          SUBS_CONTENT="particularem"/>
                  <SP HEIGHT="60" WIDTH="15" VPOS="2982" HPOS="645"/>
                  <String HEIGHT="60"
                          WIDTH="193"
                          VPOS="2982"
                          HPOS="601"
                          CONTENT="iustitiam"/>
                  <SP HEIGHT="60" WIDTH="15" VPOS="2982" HPOS="794"/>
                  <String HEIGHT="60"
                          WIDTH="104"
                          VPOS="2982"
                          HPOS="749"
                          CONTENT="est"/>
                  <SP HEIGHT="60" WIDTH="15" VPOS="2982" HPOS="853"/>
                  <String HEIGHT="60"
                          WIDTH="134"
                          VPOS="2982"
                          HPOS="809"
                          CONTENT="aliud"/>
                  <SP HEIGHT="60" WIDTH="15" VPOS="2982" HPOS="942"/>
                  <String HEIGHT="60" WIDTH="89" VPOS="2982" HPOS="898" CONTENT="ab"/>
                  <SP HEIGHT="60" WIDTH="15" VPOS="2982" HPOS="987"/>
                  <String HEIGHT="60"
                          WIDTH="119"
                          VPOS="2982"
                          HPOS="942"
                          CONTENT="illo"/>
                  <SP HEIGHT="60" WIDTH="15" VPOS="2982" HPOS="1061"/>
                  <String HEIGHT="60"
                          WIDTH="163"
                          VPOS="2982"
                          HPOS="1016"
                          CONTENT="iniusto"/>
                  <SP HEIGHT="60" WIDTH="15" VPOS="2982" HPOS="1180"/>
                  <String HEIGHT="60"
                          WIDTH="119"
                          VPOS="2982"
                          HPOS="1135"
                          CONTENT="quod"/>
                  <SP HEIGHT="60" WIDTH="15" VPOS="2982" HPOS="1254"/>
                  <String HEIGHT="60"
                          WIDTH="104"
                          VPOS="2982"
                          HPOS="1209"
                          CONTENT="est"/>
                  <SP HEIGHT="60" WIDTH="15" VPOS="2982" HPOS="1313"/>
                  <String HEIGHT="60"
                          WIDTH="148"
                          VPOS="2982"
                          HPOS="1269"
                          CONTENT="contra"/>
                  <SP HEIGHT="60" WIDTH="15" VPOS="2982" HPOS="1417"/>
                  <String HEIGHT="60"
                          WIDTH="223"
                          VPOS="2982"
                          HPOS="1373"
                          CONTENT="vniuersalem"/>
                  <SP HEIGHT="60" WIDTH="15" VPOS="2982" HPOS="1595"/>
                  <String HEIGHT="60"
                          WIDTH="208"
                          VPOS="2982"
                          HPOS="1551"
                          CONTENT="iustitiam."/>
                  <SP HEIGHT="60" WIDTH="15" VPOS="2982" HPOS="1758"/>
                  <String HEIGHT="60"
                          WIDTH="119"
                          VPOS="2982"
                          HPOS="1714"
                          CONTENT="Ille"/>
                  <SP HEIGHT="60" WIDTH="15" VPOS="2982" HPOS="1833"/>
                  <String HEIGHT="60"
                          WIDTH="148"
                          VPOS="2982"
                          HPOS="1788"
                          CONTENT="quoque"/>
                  <SP HEIGHT="60" WIDTH="15" VPOS="2982" HPOS="1936"/>
                  <String HEIGHT="60"
                          WIDTH="104"
                          VPOS="2982"
                          HPOS="1892"
                          CONTENT="sic"/>
                  <SP HEIGHT="60" WIDTH="15" VPOS="2982" HPOS="1996"/>
                  <String HEIGHT="60"
                          WIDTH="134"
                          VPOS="2982"
                          HPOS="1951"
                          CONTENT="malus"/>
                  <SP HEIGHT="60" WIDTH="15" VPOS="2982" HPOS="2085"/>
                  <String HEIGHT="60" WIDTH="89" VPOS="2982" HPOS="2040" CONTENT="vt"/>
                  <SP HEIGHT="60" WIDTH="15" VPOS="2982" HPOS="2129"/>
                  <String HEIGHT="60"
                          WIDTH="89"
                          VPOS="2982"
                          HPOS="2070"
                          CONTENT="sibi"/>
               </TextLine>
               <TextLine ID="r2l57"
                         BASELINE="500,3071 582,3072 665,3074 748,3075 830,3075 913,3077 996,3077 1078,3077 1161,3077 1244,3077 1327,3077 1409,3077 1492,3077 1575,3075 1657,3075 1740,3075 1823,3074 1905,3074 1988,3072 2071,3072 2154,3072"
                         HEIGHT="63"
                         WIDTH="1674"
                         VPOS="3031"
                         HPOS="490">
                  <String HEIGHT="63"
                          WIDTH="188"
                          VPOS="3031"
                          HPOS="474"
                          CONTENT="nociuus,"/>
                  <SP HEIGHT="63" WIDTH="16" VPOS="3031" HPOS="662"/>
                  <String HEIGHT="63"
                          WIDTH="110"
                          VPOS="3031"
                          HPOS="615"
                          CONTENT="est"/>
                  <SP HEIGHT="63" WIDTH="16" VPOS="3031" HPOS="725"/>
                  <String HEIGHT="63"
                          WIDTH="235"
                          VPOS="3031"
                          HPOS="678"
                          CONTENT="aliqualiter"/>
                  <SP HEIGHT="63" WIDTH="16" VPOS="3031" HPOS="912"/>
                  <String HEIGHT="63"
                          WIDTH="141"
                          VPOS="3031"
                          HPOS="865"
                          CONTENT="malus"/>
                  <SP HEIGHT="63" WIDTH="16" VPOS="3031" HPOS="1006"/>
                  <String HEIGHT="63"
                          WIDTH="156"
                          VPOS="3031"
                          HPOS="959"
                          CONTENT="veluti"/>
                  <SP HEIGHT="63" WIDTH="16" VPOS="3031" HPOS="1116"/>
                  <String HEIGHT="63"
                          WIDTH="172"
                          VPOS="3031"
                          HPOS="1069"
                          CONTENT="timidus"/>
                  <SP HEIGHT="63" WIDTH="16" VPOS="3031" HPOS="1241"/>
                  <String HEIGHT="63"
                          WIDTH="110"
                          VPOS="3031"
                          HPOS="1194"
                          CONTENT="non"/>
                  <SP HEIGHT="63" WIDTH="16" VPOS="3031" HPOS="1304"/>
                  <String HEIGHT="63"
                          WIDTH="156"
                          VPOS="3031"
                          HPOS="1257"
                          CONTENT="habens"/>
                  <SP HEIGHT="63" WIDTH="16" VPOS="3031" HPOS="1413"/>
                  <String HEIGHT="63"
                          WIDTH="141"
                          VPOS="3031"
                          HPOS="1366"
                          CONTENT="totam"/>
                  <SP HEIGHT="63" WIDTH="16" VPOS="3031" HPOS="1507"/>
                  <String HEIGHT="63"
                          WIDTH="188"
                          VPOS="3031"
                          HPOS="1460"
                          CONTENT="malitiam"/>
                  <SP HEIGHT="63" WIDTH="16" VPOS="3031" HPOS="1648"/>
                  <String HEIGHT="63"
                          WIDTH="219"
                          VPOS="3031"
                          HPOS="1601"
                          CONTENT="vniuersali"/>
                  <SP HEIGHT="63" WIDTH="16" VPOS="3031" HPOS="1820"/>
                  <String HEIGHT="63"
                          WIDTH="203"
                          VPOS="3031"
                          HPOS="1773"
                          CONTENT="iustitiae"/>
                  <SP HEIGHT="63" WIDTH="16" VPOS="3031" HPOS="1976"/>
                  <String HEIGHT="63"
                          WIDTH="203"
                          VPOS="3031"
                          HPOS="1929"
                          CONTENT="oppositam"/>
                  <SP HEIGHT="63" WIDTH="16" VPOS="3031" HPOS="2133"/>
                  <String HEIGHT="63"
                          WIDTH="110"
                          VPOS="3031"
                          HPOS="2086"
                          CONTENT="sed"/>
                  <SP HEIGHT="63" WIDTH="16" VPOS="3031" HPOS="2195"/>
                  <String HEIGHT="63" WIDTH="31" VPOS="3031" HPOS="2133" CONTENT=""/>
               </TextLine>
               <TextLine ID="r2l58"
                         BASELINE="503,3120 585,3122 667,3122 749,3123 831,3124 913,3125 995,3125 1077,3125 1159,3125 1241,3125 1323,3125 1405,3125 1487,3124 1569,3123 1651,3123 1733,3122 1815,3121 1897,3120 1979,3119 2061,3119 2144,3117"
                         HEIGHT="59"
                         WIDTH="1661"
                         VPOS="3079"
                         HPOS="493">
                  <String HEIGHT="59"
                          WIDTH="130"
                          VPOS="3079"
                          HPOS="477"
                          CONTENT="eius"/>
                  <SP HEIGHT="59" WIDTH="16" VPOS="3079" HPOS="607"/>
                  <String HEIGHT="59"
                          WIDTH="179"
                          VPOS="3079"
                          HPOS="558"
                          CONTENT="partem:"/>
                  <SP HEIGHT="59" WIDTH="16" VPOS="3079" HPOS="737"/>
                  <String HEIGHT="59"
                          WIDTH="147"
                          VPOS="3079"
                          HPOS="688"
                          CONTENT="sicut"/>
                  <SP HEIGHT="59" WIDTH="16" VPOS="3079" HPOS="835"/>
                  <String HEIGHT="59"
                          WIDTH="179"
                          VPOS="3079"
                          HPOS="786"
                          CONTENT="timidus"/>
                  <SP HEIGHT="59" WIDTH="16" VPOS="3079" HPOS="965"/>
                  <String HEIGHT="59"
                          WIDTH="147"
                          VPOS="3079"
                          HPOS="916"
                          CONTENT="habet"/>
                  <SP HEIGHT="59" WIDTH="16" VPOS="3079" HPOS="1063"/>
                  <String HEIGHT="59"
                          WIDTH="114"
                          VPOS="3079"
                          HPOS="1014"
                          CONTENT="eam"/>
                  <SP HEIGHT="59" WIDTH="16" VPOS="3079" HPOS="1128"/>
                  <String HEIGHT="59"
                          WIDTH="195"
                          VPOS="3079"
                          HPOS="1079"
                          CONTENT="malitiae"/>
                  <SP HEIGHT="59" WIDTH="16" VPOS="3079" HPOS="1275"/>
                  <String HEIGHT="59"
                          WIDTH="212"
                          VPOS="3079"
                          HPOS="1226"
                          CONTENT="portionem"/>
                  <SP HEIGHT="59" WIDTH="16" VPOS="3079" HPOS="1437"/>
                  <String HEIGHT="59"
                          WIDTH="130"
                          VPOS="3079"
                          HPOS="1389"
                          CONTENT="quae"/>
                  <SP HEIGHT="59" WIDTH="16" VPOS="3079" HPOS="1519"/>
                  <String HEIGHT="59"
                          WIDTH="244"
                          VPOS="3079"
                          HPOS="1470"
                          CONTENT="fortitudini"/>
                  <SP HEIGHT="59" WIDTH="16" VPOS="3079" HPOS="1714"/>
                  <String HEIGHT="59"
                          WIDTH="244"
                          VPOS="3079"
                          HPOS="1665"
                          CONTENT="aduersatur."/>
                  <SP HEIGHT="59" WIDTH="16" VPOS="3079" HPOS="1910"/>
                  <String HEIGHT="59"
                          WIDTH="163"
                          VPOS="3079"
                          HPOS="1861"
                          CONTENT="Probat"/>
                  <SP HEIGHT="59" WIDTH="16" VPOS="3079" HPOS="2024"/>
                  <String HEIGHT="59"
                          WIDTH="130"
                          VPOS="3079"
                          HPOS="1975"
                          CONTENT="quod"/>
                  <SP HEIGHT="59" WIDTH="16" VPOS="3079" HPOS="2105"/>
                  <String HEIGHT="59"
                          WIDTH="114"
                          VPOS="3079"
                          HPOS="2040"
                          CONTENT="dixit"/>
               </TextLine>
               <TextLine ID="r2l59"
                         BASELINE="513,3170 594,3170 676,3170 758,3170 840,3170 922,3170 1004,3171 1086,3171 1168,3171 1250,3171 1332,3171 1413,3171 1495,3171 1577,3171 1659,3171 1741,3170 1823,3168 1905,3168 1987,3166 2069,3164 2151,3162"
                         HEIGHT="55"
                         WIDTH="1659"
                         VPOS="3123"
                         HPOS="502">
                  <String HEIGHT="55"
                          WIDTH="116"
                          VPOS="3123"
                          HPOS="487"
                          CONTENT="sic."/>
                  <SP HEIGHT="55" WIDTH="15" VPOS="3123" HPOS="604"/>
                  <String HEIGHT="55"
                          WIDTH="116"
                          VPOS="3123"
                          HPOS="560"
                          CONTENT="Ille"/>
                  <SP HEIGHT="55" WIDTH="15" VPOS="3123" HPOS="677"/>
                  <String HEIGHT="55"
                          WIDTH="102"
                          VPOS="3123"
                          HPOS="633"
                          CONTENT="qui"/>
                  <SP HEIGHT="55" WIDTH="15" VPOS="3123" HPOS="735"/>
                  <String HEIGHT="55"
                          WIDTH="131"
                          VPOS="3123"
                          HPOS="691"
                          CONTENT="facit"/>
                  <SP HEIGHT="55" WIDTH="15" VPOS="3123" HPOS="822"/>
                  <String HEIGHT="55"
                          WIDTH="175"
                          VPOS="3123"
                          HPOS="778"
                          CONTENT="iniuriam"/>
                  <SP HEIGHT="55" WIDTH="15" VPOS="3123" HPOS="953"/>
                  <String HEIGHT="55"
                          WIDTH="146"
                          VPOS="3123"
                          HPOS="909"
                          CONTENT="contra"/>
                  <SP HEIGHT="55" WIDTH="15" VPOS="3123" HPOS="1055"/>
                  <String HEIGHT="55"
                          WIDTH="189"
                          VPOS="3123"
                          HPOS="1011"
                          CONTENT="iustitiam"/>
                  <SP HEIGHT="55" WIDTH="15" VPOS="3123" HPOS="1201"/>
                  <String HEIGHT="55"
                          WIDTH="233"
                          VPOS="3123"
                          HPOS="1157"
                          CONTENT="particularem"/>
                  <SP HEIGHT="55" WIDTH="15" VPOS="3123" HPOS="1390"/>
                  <String HEIGHT="55"
                          WIDTH="131"
                          VPOS="3123"
                          HPOS="1346"
                          CONTENT="habet"/>
                  <SP HEIGHT="55" WIDTH="15" VPOS="3123" HPOS="1477"/>
                  <String HEIGHT="55"
                          WIDTH="116"
                          VPOS="3123"
                          HPOS="1433"
                          CONTENT="plus"/>
                  <SP HEIGHT="55" WIDTH="15" VPOS="3123" HPOS="1550"/>
                  <String HEIGHT="55"
                          WIDTH="116"
                          VPOS="3123"
                          HPOS="1506"
                          CONTENT="quam"/>
                  <SP HEIGHT="55" WIDTH="15" VPOS="3123" HPOS="1623"/>
                  <String HEIGHT="55"
                          WIDTH="102"
                          VPOS="3123"
                          HPOS="1579"
                          CONTENT="par"/>
                  <SP HEIGHT="55" WIDTH="15" VPOS="3123" HPOS="1681"/>
                  <String HEIGHT="55"
                          WIDTH="116"
                          VPOS="3123"
                          HPOS="1637"
                          CONTENT="sit:"/>
                  <SP HEIGHT="55" WIDTH="15" VPOS="3123" HPOS="1754"/>
                  <String HEIGHT="55" WIDTH="73" VPOS="3123" HPOS="1710" CONTENT="&amp;"/>
                  <SP HEIGHT="55" WIDTH="15" VPOS="3123" HPOS="1783"/>
                  <String HEIGHT="55"
                          WIDTH="116"
                          VPOS="3123"
                          HPOS="1739"
                          CONTENT="ille"/>
                  <SP HEIGHT="55" WIDTH="15" VPOS="3123" HPOS="1855"/>
                  <String HEIGHT="55"
                          WIDTH="102"
                          VPOS="3123"
                          HPOS="1812"
                          CONTENT="qui"/>
                  <SP HEIGHT="55" WIDTH="15" VPOS="3123" HPOS="1914"/>
                  <String HEIGHT="55"
                          WIDTH="175"
                          VPOS="3123"
                          HPOS="1870"
                          CONTENT="patitur,"/>
                  <SP HEIGHT="55" WIDTH="15" VPOS="3123" HPOS="2045"/>
                  <String HEIGHT="55"
                          WIDTH="146"
                          VPOS="3123"
                          HPOS="2001"
                          CONTENT="minus:"/>
                  <SP HEIGHT="55" WIDTH="15" VPOS="3123" HPOS="2146"/>
                  <String HEIGHT="55"
                          WIDTH="73"
                          VPOS="3123"
                          HPOS="2088"
                          CONTENT="se¬"
                          SUBS_TYPE="HypPart1"
                          SUBS_CONTENT="sequitur"/>
                  <HYP CONTENT="-"/>
               </TextLine>
               <TextLine ID="r2l60"
                         BASELINE="516,3218 597,3218 679,3218 760,3218 842,3218 924,3218 1005,3218 1087,3218 1168,3219 1250,3219 1332,3219 1413,3219 1495,3219 1576,3218 1658,3218 1740,3218 1821,3216 1903,3215 1984,3213 2066,3212 2148,3210"
                         HEIGHT="64"
                         WIDTH="1653"
                         VPOS="3170"
                         HPOS="505">
                  <String HEIGHT="64"
                          WIDTH="165"
                          VPOS="3170"
                          HPOS="488"
                          CONTENT="quitur"
                          SUBS_TYPE="HypPart2"
                          SUBS_CONTENT="sequitur"/>
                  <SP HEIGHT="64" WIDTH="17" VPOS="3170" HPOS="654"/>
                  <String HEIGHT="64"
                          WIDTH="132"
                          VPOS="3170"
                          HPOS="604"
                          CONTENT="quod"/>
                  <SP HEIGHT="64" WIDTH="17" VPOS="3170" HPOS="736"/>
                  <String HEIGHT="64" WIDTH="99" VPOS="3170" HPOS="687" CONTENT="si"/>
                  <SP HEIGHT="64" WIDTH="17" VPOS="3170" HPOS="786"/>
                  <String HEIGHT="64"
                          WIDTH="182"
                          VPOS="3170"
                          HPOS="736"
                          CONTENT="aliquis"/>
                  <SP HEIGHT="64" WIDTH="17" VPOS="3170" HPOS="918"/>
                  <String HEIGHT="64"
                          WIDTH="132"
                          VPOS="3170"
                          HPOS="869"
                          CONTENT="sibi"/>
                  <SP HEIGHT="64" WIDTH="17" VPOS="3170" HPOS="1001"/>
                  <String HEIGHT="64"
                          WIDTH="198"
                          VPOS="3170"
                          HPOS="951"
                          CONTENT="iniuriam"/>
                  <SP HEIGHT="64" WIDTH="17" VPOS="3170" HPOS="1150"/>
                  <String HEIGHT="64"
                          WIDTH="165"
                          VPOS="3170"
                          HPOS="1100"
                          CONTENT="faciat"/>
                  <SP HEIGHT="64" WIDTH="17" VPOS="3170" HPOS="1265"/>
                  <String HEIGHT="64" WIDTH="83" VPOS="3170" HPOS="1216" CONTENT="&amp;"/>
                  <SP HEIGHT="64" WIDTH="17" VPOS="3170" HPOS="1298"/>
                  <String HEIGHT="64"
                          WIDTH="149"
                          VPOS="3170"
                          HPOS="1249"
                          CONTENT="minus"/>
                  <SP HEIGHT="64" WIDTH="17" VPOS="3170" HPOS="1398"/>
                  <String HEIGHT="64" WIDTH="83" VPOS="3170" HPOS="1348" CONTENT="&amp;"/>
                  <SP HEIGHT="64" WIDTH="17" VPOS="3170" HPOS="1431"/>
                  <String HEIGHT="64"
                          WIDTH="149"
                          VPOS="3170"
                          HPOS="1381"
                          CONTENT="magis"/>
                  <SP HEIGHT="64" WIDTH="17" VPOS="3170" HPOS="1530"/>
                  <String HEIGHT="64"
                          WIDTH="132"
                          VPOS="3170"
                          HPOS="1480"
                          CONTENT="quam"/>
                  <SP HEIGHT="64" WIDTH="17" VPOS="3170" HPOS="1613"/>
                  <String HEIGHT="64"
                          WIDTH="116"
                          VPOS="3170"
                          HPOS="1563"
                          CONTENT="par"/>
                  <SP HEIGHT="64" WIDTH="17" VPOS="3170" HPOS="1679"/>
                  <String HEIGHT="64"
                          WIDTH="116"
                          VPOS="3170"
                          HPOS="1629"
                          CONTENT="sit"/>
                  <SP HEIGHT="64" WIDTH="17" VPOS="3170" HPOS="1745"/>
                  <String HEIGHT="64"
                          WIDTH="198"
                          VPOS="3170"
                          HPOS="1695"
                          CONTENT="habebit."/>
                  <SP HEIGHT="64" WIDTH="17" VPOS="3170" HPOS="1894"/>
                  <String HEIGHT="64"
                          WIDTH="215"
                          VPOS="3170"
                          HPOS="1844"
                          CONTENT="Accedendo"/>
                  <SP HEIGHT="64" WIDTH="17" VPOS="3170" HPOS="2059"/>
                  <String HEIGHT="64" WIDTH="99" VPOS="3170" HPOS="2009" CONTENT="ad"/>
                  <SP HEIGHT="64" WIDTH="17" VPOS="3170" HPOS="2108"/>
                  <String HEIGHT="64"
                          WIDTH="116"
                          VPOS="3170"
                          HPOS="2042"
                          CONTENT="lite¬"
                          SUBS_TYPE="HypPart1"
                          SUBS_CONTENT="literam."/>
                  <HYP CONTENT="-"/>
               </TextLine>
               <TextLine ID="r2l61"
                         BASELINE="507,3264 589,3266 671,3266 753,3267 835,3267 917,3267 999,3269 1081,3269 1163,3269 1245,3269 1327,3269 1409,3269 1491,3269 1573,3269 1655,3267 1737,3267 1819,3266 1901,3264 1983,3263 2065,3260 2148,3258"
                         HEIGHT="67"
                         WIDTH="1661"
                         VPOS="3221"
                         HPOS="498">
                  <String HEIGHT="67"
                          WIDTH="137"
                          VPOS="3221"
                          HPOS="481"
                          CONTENT="ram."
                          SUBS_TYPE="HypPart2"
                          SUBS_CONTENT="literam."/>
                  <SP HEIGHT="67" WIDTH="17" VPOS="3221" HPOS="618"/>
                  <String HEIGHT="67"
                          WIDTH="188"
                          VPOS="3221"
                          HPOS="566"
                          CONTENT="Secundo"/>
                  <SP HEIGHT="67" WIDTH="17" VPOS="3221" HPOS="755"/>
                  <String HEIGHT="67"
                          WIDTH="120"
                          VPOS="3221"
                          HPOS="703"
                          CONTENT="qui"/>
                  <SP HEIGHT="67" WIDTH="17" VPOS="3221" HPOS="823"/>
                  <String HEIGHT="67"
                          WIDTH="120"
                          VPOS="3221"
                          HPOS="772"
                          CONTENT="non"/>
                  <SP HEIGHT="67" WIDTH="17" VPOS="3221" HPOS="892"/>
                  <String HEIGHT="67"
                          WIDTH="120"
                          VPOS="3221"
                          HPOS="840"
                          CONTENT="est"/>
                  <SP HEIGHT="67" WIDTH="17" VPOS="3221" HPOS="960"/>
                  <String HEIGHT="67"
                          WIDTH="171"
                          VPOS="3221"
                          HPOS="909"
                          CONTENT="omnino"/>
                  <SP HEIGHT="67" WIDTH="17" VPOS="3221" HPOS="1080"/>
                  <String HEIGHT="67"
                          WIDTH="223"
                          VPOS="3221"
                          HPOS="1029"
                          CONTENT="vitiosus,"/>
                  <SP HEIGHT="67" WIDTH="17" VPOS="3221" HPOS="1251"/>
                  <String HEIGHT="67" WIDTH="86" VPOS="3221" HPOS="1200" CONTENT="&amp;"/>
                  <SP HEIGHT="67" WIDTH="17" VPOS="3221" HPOS="1286"/>
                  <String HEIGHT="67"
                          WIDTH="154"
                          VPOS="3221"
                          HPOS="1234"
                          CONTENT="solum"/>
                  <SP HEIGHT="67" WIDTH="17" VPOS="3221" HPOS="1388"/>
                  <String HEIGHT="67"
                          WIDTH="205"
                          VPOS="3221"
                          HPOS="1337"
                          CONTENT="iniuriam"/>
                  <SP HEIGHT="67" WIDTH="17" VPOS="3221" HPOS="1543"/>
                  <String HEIGHT="67"
                          WIDTH="154"
                          VPOS="3221"
                          HPOS="1491"
                          CONTENT="facit"/>
                  <SP HEIGHT="67" WIDTH="17" VPOS="3221" HPOS="1645"/>
                  <String HEIGHT="67"
                          WIDTH="120"
                          VPOS="3221"
                          HPOS="1594"
                          CONTENT="non"/>
                  <SP HEIGHT="67" WIDTH="17" VPOS="3221" HPOS="1714"/>
                  <String HEIGHT="67"
                          WIDTH="205"
                          VPOS="3221"
                          HPOS="1662"
                          CONTENT="sibiipsi"/>
                  <SP HEIGHT="67" WIDTH="17" VPOS="3221" HPOS="1868"/>
                  <String HEIGHT="67"
                          WIDTH="205"
                          VPOS="3221"
                          HPOS="1817"
                          CONTENT="iniuriam"/>
                  <SP HEIGHT="67" WIDTH="17" VPOS="3221" HPOS="2022"/>
                  <String HEIGHT="67"
                          WIDTH="154"
                          VPOS="3221"
                          HPOS="1971"
                          CONTENT="facit"/>
                  <SP HEIGHT="67" WIDTH="17" VPOS="3221" HPOS="2125"/>
                  <String HEIGHT="67"
                          WIDTH="103"
                          VPOS="3221"
                          HPOS="2056"
                          CONTENT="qua¬"/>
               </TextLine>
            </TextBlock>
         </PrintSpace>
      </Page>
   </Layout>
</alto>
