2417 3605
286 249 180 85 viterius
421 249 120 85 quod
496 249 105 85 sit
556 249 285 85 principalissima
796 249 195 85 argumento
946 249 180 85 probatur
1081 249 135 85 tali.
1170 249 120 85 Illa
1245 249 180 85 scientia
1380 249 105 85 est
1440 249 285 85 principalissima
1680 249 135 85 cuius
1770 249 180 85 intentio
1890 249 75 85 est

292 325 207 59 procurare
451 325 79 59 &
483 325 222 59 conseruare
657 325 143 59 bonum
753 325 191 59 humanum,
896 325 111 59 hoc
959 325 111 59 est
1023 325 143 59 bonum
1118 325 191 59 commune:
1261 325 111 59 sed
1325 325 175 59 ciuilis
1452 325 175 59 scietia
1579 325 111 59 est
1642 325 159 59 hmodi,
1754 325 127 59 quia
1817 325 159 59 procurat

291 370 137 68 bonum
382 370 182 68 commune:
519 370 137 68 licet
610 370 137 68 autem
701 370 122 68 idem
777 370 106 68 sit
838 370 137 68 bonum
929 370 137 68 vnius
1020 370 167 68 hominis
1142 370 76 68 &
1172 370 213 68 ciuitatis,
1340 370 137 68 bonum
1431 370 106 68 tum
1492 370 167 68 commune
1613 370 106 68 est
1674 370 198 68 diuinius:
1826 370 137 68 illic
1902 370 76 68 eum

289 422 216 61 procuratur
458 422 139 61 bonum
551 422 185 61 commune,
690 422 123 61 deum
767 422 154 61 omnium
875 422 216 61 conditorem
1044 422 77 61 &
1075 422 216 61 directorem
1245 422 216 61 aemulando.
1415 422 77 61 ⁋
1446 422 123 61 Post
1523 422 123 61 haec
1600 422 123 61 vnum
1677 422 231 61 corollarium
1847 422 123 61 infert

292 463 190 56 inquiens.
439 463 117 56 Haec
512 463 146 56 igitur
614 463 161 56 appetit
731 463 117 56 haec
804 463 190 56 doctrina:
950 463 102 56 hoc
1008 463 102 56 est
1067 463 88 56 ad
1111 463 161 56 ethicam
1228 463 175 56 pertinet
1359 463 88 56 de
1403 463 190 56 praedicto
1549 463 146 56 vltimo
1651 463 117 56 fine
1725 463 219 56 operationum
1885 463 88 56 huma

295 518 122 54 narum
377 518 176 54 tractare:
512 518 108 54 quia
580 518 122 54 circa
661 518 108 54 haec
729 518 176 54 indefesse
865 518 163 54 insudat.
986 518 176 54 Probatur,
1122 518 108 54 quia
1190 518 108 54 haec
1257 518 163 54 scientia
1379 518 149 54 ciuilis
1488 518 149 54 quaedam
1596 518 163 54 facultas
1718 518 108 54 est,
1786 518 95 54 hoc
1840 518 95 54 est
1881 518 81 54 pars

294 560 150 60 ciuilis
404 560 191 60 scientiae.
554 560 68 60 ⁋
581 560 123 60 Circa
663 560 109 60 hanc
731 560 150 60 literam
840 560 191 60 dubitatur.
990 560 136 60 Primo,
1086 560 150 60 videtur
1195 560 96 60 non
1250 560 109 60 esse
1318 560 218 60 inconveniens
1495 560 177 60 appetitum
1632 560 177 60 frustrari
1768 560 96 60 suo
1823 560 123 60 fine:
1891 560 82 60 sae¬-

290 607 115 62 pius
362 607 115 62 enim
434 607 202 62 intendimus
592 607 159 62 aliquid
708 607 101 62 quo
765 607 159 62 numquam
881 607 173 62 potimur:
1010 607 173 62 voluntas
1140 607 115 62 enim
1212 607 101 62 est
1270 607 259 62 impossibilium.
1486 607 86 62 x.
1529 607 202 62 Ethicorum.
1688 607 72 62 &
1717 607 130 62 tamen
1789 607 187 62 Philosophus

303 648 135 71 probat
398 648 135 71 statum
493 648 81 71 in
533 648 149 71 finibus
642 648 95 71 per
696 648 108 71 hoc,
763 648 149 71 tamquam
872 648 149 71 rationi
980 648 230 71 dissentaneum.
1169 648 68 71 ⁋
1196 648 149 71 Secundo
1305 648 176 71 dubitatur
1440 648 108 71 quid
1508 648 216 71 intelligatur
1683 648 95 71 per
1737 648 176 71 scientiam
1859 648 122 71 politi¬-

292 696 122 56 cam.
368 696 76 56 ⁋
398 696 167 56 Tertio,
520 696 122 56 ipsa
596 696 107 56 non
657 696 107 56 est
718 696 198 56 scientia,
870 696 122 56 ergo
946 696 152 56 falsum
1053 696 198 56 supponit.
1205 696 213 56 Antecedens
1372 696 152 56 patet,
1479 696 122 56 quia
1555 696 122 56 ipsa
1631 696 137 56 debet
1722 696 122 56 rudi
1798 696 167 56 minerua
1905 696 76 56 tra

292 747 135 59 ctari
382 747 150 59 secunm
487 747 240 59 philosophum:
682 747 75 59 &
712 747 105 59 hoc
771 747 195 59 scientiae
921 747 105 59 non
981 747 195 59 convenit.
1131 747 75 59 ⁋
1161 747 165 59 Quarto,
1281 747 135 59 illud
1371 747 105 59 non
1431 747 105 59 est
1491 747 225 59 necessarium
1670 747 90 59 ad
1715 747 135 59 vitae
1805 747 165 59 humanae
1910 747 75 59 di¬-

293 799 197 54 rectionem
444 799 106 54 cum
505 799 106 54 quo
565 799 121 54 stat
641 799 136 54 vitae
732 799 227 54 malignitas,
913 799 106 54 sed
974 799 151 54 vltimi
1080 799 136 54 finis
1171 799 167 54 agnitio
1292 799 121 54 stat
1368 799 106 54 cum
1428 799 136 54 vitae
1519 799 257 54 peruersitate:
1731 799 121 54 ergo
1807 799 121 54 male
1867 799 106 54 dicit

296 839 248 66 philosophus.
498 839 78 66 ⁋
529 839 171 66 Quinto,
654 839 124 66 quid
731 839 109 66 est
793 839 109 66 ars
855 839 217 66 militaris,
1026 839 78 66 &
1057 839 171 66 videtur
1181 839 124 66 ipsa
1259 839 186 66 inutilis
1399 839 155 66 vtpote
1507 839 140 66 circa
1600 839 155 66 bellum
1709 839 202 66 insudans,
1864 839 93 66 in
1895 839 78 66 quo

292 888 139 60 multa
384 888 185 60 flagitia
523 888 263 60 committuntur.
739 888 77 60 ⁋
770 888 154 60 Sexto,
878 888 124 60 quid
956 888 139 60 facit
1048 888 108 60 ars
1110 888 185 60 oratoria
1249 888 93 60 in
1295 888 170 60 politia
1419 888 93 60 ad
1465 888 108 60 res
1527 888 247 60 defendendas.
1728 888 185 60 Aduocati
1851 888 124 60 inopum

296 934 120 63 bona
371 934 120 63 suis
446 934 180 63 cauillis
581 934 255 63 depopulantur:
792 934 150 63 quorum
897 934 120 63 enim
972 934 150 63 paucos
1077 934 165 63 praeter
1198 934 150 63 beatum
1303 934 150 63 luonem
1408 934 150 63 dicunt
1513 934 90 63 in
1558 934 195 63 sanctorum
1709 934 165 63 numerum
1814 934 150 63 relatos.

296 977 72 67 ⁋
324 977 86 67 Ad
367 977 144 67 primam
468 977 230 67 dubitationem
655 977 216 67 respondetur
827 977 115 67 quod
899 977 187 67 appetitus
1043 977 187 67 naturalis
1187 977 101 67 non
1244 977 201 67 frustratur
1402 977 72 67 a
1431 977 115 67 tota
1503 977 158 67 specie,
1618 977 187 67 signanter
1762 977 86 67 in
1805 977 115 67 fine
1862 977 101 67 prae¬-

294 1025 131 65 cipuo
382 1025 291 65 rationabilissime
629 1025 174 65 intento.
760 1025 131 65 Licet
847 1025 145 65 natura
949 1025 87 65 in
992 1025 189 65 aliquibus
1138 1025 189 65 deficiat:
1283 1025 102 65 non
1341 1025 131 65 tamen
1428 1025 87 65 in
1472 1025 174 65 omnibus:
1603 1025 116 65 modo
1675 1025 203 65 desiderium
1821 1025 145 65 naturale

306 1075 100 59 est
363 1075 86 59 ad
406 1075 157 59 vltimum
520 1075 143 59 finem.
619 1075 86 59 Et
662 1075 86 59 si
705 1075 171 59 voluntas
833 1075 100 59 sit
890 1075 257 59 impossibilium,
1104 1075 86 59 no
1147 1075 128 59 tamen
1232 1075 171 59 electio,
1360 1075 86 59 vt
1403 1075 100 59 suo
1460 1075 114 59 loco
1531 1075 128 59 (deus
1617 1075 128 59 cepta
1702 1075 185 59 secundet)
1831 1075 143 59 dicetur.

301 1121 72 63 ⁋
329 1121 86 63 Ad
372 1121 172 63 secundam
501 1121 229 63 dubitationem
687 1121 229 63 respondetur.
873 1121 172 63 Doctrina
1002 1121 186 63 ethicorum
1145 1121 100 63 est
1202 1121 186 63 politicae
1345 1121 186 63 potissima
1488 1121 129 63 pers,
1574 1121 72 63 &
1602 1121 100 63 sub
1660 1121 86 63 ea
1703 1121 215 63 includitur,
1860 1121 100 63 sicul

293 1171 242 64 philosophus
487 1171 97 64 in
535 1171 129 64 fine
616 1171 145 64 huius
713 1171 178 64 capitis
842 1171 194 64 expresse
987 1171 129 64 ait:
1068 1171 81 64 &
1100 1171 97 64 in
1149 1171 178 64 antiqua
1278 1171 226 64 tralatione
1455 1171 97 64 in
1504 1171 113 64 hoc
1568 1171 178 64 prologo
1698 1171 129 64 ait.
1778 1171 178 64 luuenis
1891 1171 81 64 non

302 1225 106 53 est
362 1225 166 53 idoneus
483 1225 166 53 auditor
604 1225 212 53 politicae,
771 1225 106 53 vbi
831 1225 121 53 alii
907 1225 136 53 huius
998 1225 212 53 scientiae,
1164 1225 121 53 loco
1240 1225 197 53 politicae
1391 1225 166 53 ponunt.
1512 1225 106 53 Nam
1573 1225 166 53 moralis
1694 1225 227 53 philosophia
1860 1225 106 53 docet

298 1267 163 62 hominem
417 1267 163 62 honeste
536 1267 163 62 secundm
654 1267 89 62 se
699 1267 148 62 viuere
803 1267 89 62 ad
847 1267 208 62 quencumque
1010 1267 148 62 statum
1114 1267 208 62 deuenerit,
1278 1267 74 62 &
1307 1267 89 62 ex
1352 1267 148 62 morali
1456 1267 237 62 philosophia,
1649 1267 163 62 tamquam
1767 1267 89 62 ex
1797 1267 178 62 principiis

298 1314 219 58 accipiuntur
474 1314 234 58 conclusiones
664 1314 88 58 in
707 1314 205 58 politicis.
868 1314 117 58 Ergo
941 1314 175 58 politica
1073 1314 161 58 stricte
1190 1314 146 58 sumpta
1292 1314 102 58 est
1350 1314 234 58 subalternata
1540 1314 175 58 ethicae.
1672 1314 117 58 Hanc
1745 1314 175 58 materiam
1862 1314 102 58 fusis

300 1359 163 56 tangere
419 1359 208 56 proponimus
582 1359 104 56 in.
641 1359 74 56 &
671 1359 119 56 cap.
745 1359 133 56 sexti
834 1359 148 56 libri:
938 1359 119 56 quia
1012 1359 119 56 idem
1086 1359 222 56 philosophus
1264 1359 133 56 illic
1353 1359 178 56 tractat.
1486 1359 163 56 Contra.
1605 1359 237 56 consideratio
1798 1359 119 56 hmoi
1857 1359 104 56 finis

294 1401 170 56 spectat
417 1401 93 56 ad
464 1401 201 56 scientiam
618 1401 155 56 maxime
726 1401 309 56 architectonicam,
989 1401 93 56 vt
1036 1401 139 56 dicit
1128 1401 232 56 philosophus
1314 1401 93 56 in
1360 1401 170 56 ittera:
1484 1401 108 56 sed
1546 1401 232 56 metaphysica
1731 1401 108 56 est
1793 1401 170 56 hmodoi.
1901 1401 62 56 Re

286 1451 225 55 spondetur.
462 1451 241 55 Philosophus
655 1451 192 55 loquitur
799 1451 144 55 inter
895 1451 305 55 architectonicas
1152 1451 209 55 practicas
1312 1451 80 55 &
1345 1451 112 55 non
1409 1451 273 55 speculatiuas:
1633 1451 80 55 &
1665 1451 112 55 suo
1729 1451 128 55 more
1794 1451 176 55 naturali¬-

290 1498 95 62 ter
345 1498 163 62 loquitur
467 1498 68 62 ⁋
494 1498 81 62 Ad
535 1498 149 62 tertiam
643 1498 149 62 dicitur
752 1498 109 62 quod
820 1498 163 62 scientia
942 1498 149 62 capitur
1050 1498 109 62 late
1118 1498 109 62 puer
1186 1498 109 62 arte
1254 1498 68 62 &
1281 1498 109 62 omni
1349 1498 149 62 assensu
1457 1498 176 62 euidente:
1593 1498 68 62 &
1620 1498 95 62 non
1674 1498 136 62 semper
1756 1498 217 62 posterioristi¬-

301 1552 107 55 ce.
362 1552 92 55 Et
408 1552 92 55 ad
454 1552 230 55 obiectionem
638 1552 184 55 dicentem
775 1552 245 55 philosophiam
974 1552 168 55 moralem
1097 1552 107 55 sub
1158 1552 122 55 rudi
1235 1552 168 55 minerua
1357 1552 153 55 debere
1464 1552 199 55 tractari,
1618 1552 260 55 respondebitur
1832 1552 92 55 in
1863 1552 122 55 capite

301 1589 175 58 sequenti:
435 1589 94 58 sed
489 1589 94 58 pro
543 1589 108 58 nunc
611 1589 148 58 dicitur
718 1589 108 58 quod
786 1589 94 58 hoc
840 1589 94 58 est
894 1589 175 58 propterea
1028 1589 108 58 quod
1096 1589 94 58 hic
1150 1589 108 58 sunt
1217 1589 175 58 analogiae
1352 1589 67 58 &
1379 1589 148 58 figurae
1487 1589 229 58 intelligendae
1675 1589 94 58 per
1729 1589 148 58 exempla
1824 1589 148 58 applican¬-

300 1643 123 54 dae,
376 1643 92 54 ad
422 1643 215 54 singularia
591 1643 123 54 quae
667 1643 153 54 maxime
775 1643 169 54 mouent.
897 1643 77 54 ⁋
928 1643 92 54 Ad
974 1643 184 54 quartus,
1112 1643 123 54 nego
1188 1643 169 54 maiorem
1311 1643 153 54 illius
1418 1643 215 54 argumenti.
1587 1643 107 54 Non
1648 1643 123 54 enim
1725 1643 184 54 loquimur
1863 1643 92 54 de
1893 1643 77 54 ne¬-

297 1685 211 60 cessitate
459 1685 243 60 simpliciter
654 1685 162 60 dicta,
768 1685 114 60 sed
832 1685 97 60 de
881 1685 243 60 necessitate
1076 1685 97 60 ad
1125 1685 130 60 bene
1206 1685 195 60 beateque
1352 1685 211 60 viuendum,
1514 1685 81 60 &
1547 1685 162 60 maxime
1660 1685 162 60 vtili.
1774 1685 81 60 ⁋
1806 1685 97 60 Ad
1839 1685 146 60 quintam

290 1733 226 59 dubitationem
474 1733 226 59 respondetur,
657 1733 113 59 quod
728 1733 155 59 militia
841 1733 127 59 nihil
926 1733 127 59 aliud
1011 1733 99 59 est
1067 1733 113 59 quam
1138 1733 99 59 ars
1195 1733 141 59 docens
1293 1733 141 59 arcere
1392 1733 155 59 hostem,
1506 1733 170 59 rebelles
1633 1733 127 59 fures
1718 1733 184 59 castigare
1859 1733 99 59 pro
1901 1733 71 59 in¬-

294 1780 163 58 sontium
413 1780 208 58 tranquilla
576 1780 134 58 vita.
666 1780 89 58 Ad
710 1780 178 58 militiam
844 1780 134 58 autem
933 1780 149 58 debite
1037 1780 223 58 exercendam,
1215 1780 149 58 vires,
1319 1780 238 58 exercitatio,
1512 1780 74 58 &
1542 1780 163 58 Minerua
1661 1780 238 58 requiruntur:
1854 1780 74 58 &
1869 1780 104 58 licet

293 1828 124 68 vitia
376 1828 82 68 in
417 1828 151 68 militia
527 1828 206 68 contingant:
691 1828 110 68 ipsa
760 1828 124 68 tamen
842 1828 96 68 est
897 1828 165 68 iustitia
1021 1828 96 68 aut
1076 1828 178 68 iustitiae
1213 1828 124 68 pers,
1296 1828 82 68 si
1337 1828 96 68 eam
1392 1828 110 68 bene
1460 1828 178 68 exerceant
1598 1828 82 68 in
1639 1828 151 68 sontium
1749 1828 151 68 poenam,
1858 1828 69 68 &
1886 1828 82 68 ad
1913 1828 69 68 in¬-

301 1874 171 57 nocuorum
429 1874 243 57 protectionem.
629 1874 71 57 ⁋
657 1874 86 57 Ad
700 1874 143 57 sextam
800 1874 228 57 respondetur,
986 1874 114 57 quod
1057 1874 100 57 per
1114 1874 171 57 oratores
1242 1874 243 57 tranquillitas
1442 1874 143 57 ciuium
1542 1874 214 57 procuratur:
1713 1874 143 57 orator
1799 1874 171 57 phaleratis

301 1917 149 65 verbis
405 1917 149 65 animos
510 1917 208 65 audientium
673 1917 89 65 ad
718 1917 134 65 bonum
807 1917 179 65 allicit,
941 1917 74 65 &
971 1917 194 65 incendit:
1120 1917 74 65 &
1150 1917 74 65 a
1180 1917 149 65 tetris
1284 1917 149 65 vitiis
1388 1917 194 65 deterret.
1537 1917 104 65 Hic
1597 1917 104 65 est
1656 1917 134 65 finis
1746 1917 134 65 artis
1820 1917 149 65 oratoria

313 1966 146 58 verus.
416 1966 88 58 in
459 1966 88 58 ea
503 1966 131 58 tamen
591 1966 102 58 per
649 1966 131 58 malos
737 1966 190 58 aduocatos
883 1966 161 58 saepius
999 1966 204 58 contingunt
1160 1966 161 58 abusus.
1277 1966 88 58 De
1320 1966 102 58 hac
1379 1966 161 58 materia
1495 1966 146 58 fusius
1598 1966 88 58 in
1641 1966 161 58 quintum
1758 1966 131 58 loqui
1831 1966 146 58 propono.

302 2015 72 61 ⁋
330 2015 158 61 Septimo
445 2015 201 61 dubitatur,
603 2015 86 61 an
646 2015 129 61 bonum
732 2015 158 61 commune
846 2015 100 61 sit
903 2015 115 61 bono
975 2015 158 61 priuato
1090 2015 244 61 praeferendum,
1290 2015 129 61 sicut
1376 2015 215 61 philosophus
1548 2015 86 61 in
1591 2015 100 61 ira
1648 2015 143 61 dicit.
1749 2015 86 61 Et
1792 2015 158 61 videtur
1892 2015 86 61 quod

290 2062 127 56 non:
370 2062 127 56 quia
449 2062 159 56 citius
561 2062 143 56 debeo
656 2062 95 56 in
704 2062 95 56 me
752 2062 191 56 peccatum
895 2062 175 56 vitare,
1022 2062 111 56 imo
1086 2062 175 56 veniale
1213 2062 95 56 in
1261 2062 95 56 me
1309 2062 127 56 quam
1388 2062 175 56 mortale
1515 2062 95 56 in
1563 2062 175 56 proximo
1691 2062 111 56 aut
1754 2062 127 56 tota
1818 2062 159 56 ciuitate

293 2108 158 67 secudm
404 2108 174 67 ordinem
530 2108 237 67 charitatis:
720 2108 126 67 quia
799 2108 142 67 anima
894 2108 111 67 mea
957 2108 95 67 in
1004 2108 174 67 manibus
1131 2108 126 67 meis
1210 2108 174 67 semper:
1336 2108 126 67 ergo
1415 2108 142 67 bonum
1510 2108 237 67 particulare
1699 2108 111 67 est
1763 2108 126 67 bono
1826 2108 142 67 communi

301 2162 250 57 praeferendum.
508 2162 74 57 ⁋
537 2162 177 57 Postremo
670 2162 192 57 dubitatur
817 2162 88 57 an
861 2162 147 57 aliqua
964 2162 177 57 scientia
1097 2162 103 57 sit
1156 2162 177 57 inutilis
1288 2162 118 57 quam
1362 2162 162 57 nescire
1480 2162 221 57 praestaret.
1657 2162 74 57 ⁋
1686 2162 88 57 Ad
1731 2162 177 57 septimam
1848 2162 133 57 dubita¬-

303 2209 139 54 tionem
400 2209 222 54 respondetur,
581 2209 111 54 quod
650 2209 83 54 si
692 2209 125 54 bonum
775 2209 167 54 proprium
900 2209 83 54 in
942 2209 153 54 communi
1053 2209 194 54 includatur
1206 2209 111 54 siue
1276 2209 97 54 sit
1331 2209 194 54 spirituale
1484 2209 83 54 ad
1526 2209 153 54 animam,
1637 2209 111 54 siue
1706 2209 181 54 temporale
1845 2209 83 54 ad
1873 2209 111 54 corpus

302 2254 234 60 principaliter
495 2254 179 60 attinens,
633 2254 124 60 illud
716 2254 97 60 est
771 2254 110 60 bono
840 2254 207 60 particulari
1006 2254 166 60 caeteris
1130 2254 152 60 paribus
1240 2254 124 60 magis
1323 2254 221 60 procurandum:
1502 2254 97 60 sed
1557 2254 97 60 iam
1612 2254 179 60 loquendum
1750 2254 97 60 est
1806 2254 138 60 quando
1888 2254 83 60 vnum

304 2308 83 46 in
346 2308 111 46 alio
415 2308 97 46 non
470 2308 208 46 includitur,
637 2308 83 46 si
678 2308 166 46 vtrumque
803 2308 97 46 sit
858 2308 125 46 bonum
942 2308 208 46 spirituale:
1108 2308 139 46 vbique
1205 2308 194 46 spirituale
1357 2308 208 46 particulare
1524 2308 97 46 est
1579 2308 222 46 praeponendum
1759 2308 166 46 communi.
1870 2308 111 46 Satius

294 2341 108 64 est
355 2341 123 64 mihi
432 2341 92 64 me
478 2341 77 64 a
509 2341 139 64 culpa
602 2341 185 64 seruare,
740 2341 77 64 &
771 2341 154 64 habere
879 2341 262 64 beatitudinem,
1094 2341 77 64 &
1125 2341 185 64 reliquos
1264 2341 185 64 damnari,
1402 2341 123 64 quam
1479 2341 139 64 ipsos
1572 2341 169 64 saluari
1695 2341 92 64 me
1741 2341 185 64 damnato.
1864 2341 108 64 Licet

303 2392 108 54 sit
364 2392 139 54 maior
457 2392 154 54 gloria
565 2392 108 54 dei
627 2392 93 54 in
673 2392 216 54 oppositum.
843 2392 139 54 Etiam
935 2392 170 54 modicum
1059 2392 170 54 meritum
1182 2392 123 54 meum
1260 2392 93 54 ob
1306 2392 247 54 aeternitatem
1507 2392 170 54 praemii
1630 2392 108 54 non
1692 2392 185 54 negligam
1831 2392 93 54 ob
1862 2392 123 54 grande

303 2435 160 67 meritum
420 2435 247 67 communitatis.
623 2435 87 67 Et
666 2435 87 67 ex
710 2435 116 67 isto
783 2435 174 67 sequitur
913 2435 116 67 quod
986 2435 87 67 si
1029 2435 116 67 meum
1102 2435 131 67 bonum
1189 2435 102 67 sit
1247 2435 203 67 spirituale
1407 2435 73 67 &
1436 2435 131 67 bonum
1523 2435 160 67 commune
1639 2435 203 67 temporale:
1799 2435 131 67 magis
1871 2435 102 67 debeo

300 2489 106 61 rem
361 2489 121 61 meam
436 2489 167 61 curare.
558 2489 91 61 Si
603 2489 121 61 enim
679 2489 197 61 promouere
831 2489 137 61 debeo
922 2489 137 61 bonum
1013 2489 121 61 meum
1089 2489 228 61 spirituale,
1271 2489 182 61 neglecto
1407 2489 167 61 aliorum
1529 2489 228 61 spirituali:
1711 2489 76 61 a
1741 2489 182 61 fortiore
1863 2489 121 61 amisso

298 2529 122 56 eorum
380 2529 190 56 temporali,
529 2529 108 56 quod
596 2529 95 56 est
651 2529 190 56 spirituali
800 2529 135 56 minus.
894 2529 81 56 Si
935 2529 108 56 vero
1003 2529 149 56 aliorum
1111 2529 149 56 commune
1219 2529 95 56 sit
1274 2529 203 56 spirituale,
1436 2529 68 56 &
1463 2529 108 56 meum
1531 2529 163 56 proprium
1653 2529 95 56 sit
1707 2529 190 56 temporale:
1856 2529 108 56 tunc
1910 2529 68 56 vel

303 2577 103 66 ego
362 2577 147 66 multum
465 2577 118 66 egeo
539 2577 206 66 temporali,
701 2577 88 66 vt
746 2577 133 66 pane,
834 2577 162 66 alioqui
952 2577 192 66 occumbam:
1099 2577 103 66 aut
1158 2577 103 66 non
1217 2577 147 66 multum
1321 2577 118 66 illo
1394 2577 118 66 bono
1468 2577 192 66 temporali
1615 2577 133 66 egeo:
1704 2577 88 66 si
1748 2577 192 66 secundum,
1881 2577 103 66 bonum

311 2637 138 46 ommune
408 2637 180 46 praeferam
546 2637 69 46 &
574 2637 97 46 sic
629 2637 125 46 bonum
712 2637 194 46 spirituale
865 2637 111 46 mihi
934 2637 166 46 procuro:
1058 2637 83 46 si
1100 2637 125 46 primo
1183 2637 125 46 modo,
1266 2637 97 46 aut
1321 2637 152 46 commune
1432 2637 97 46 non
1487 2637 194 46 procuratum
1639 2637 166 46 redundat
1764 2637 83 46 in
1805 2637 166 46 iacturam
1916 2637 69 46 pu¬-

302 2672 148 58 blicam
406 2672 192 58 ecclesiae
553 2672 89 58 in
598 2672 118 58 fide
672 2672 74 58 &
701 2672 177 58 moribus,
834 2672 103 58 aut
893 2672 103 58 no,
952 2672 103 58 sed
1012 2672 192 58 aliquorum
1159 2672 163 58 hominum
1277 2672 192 58 praecise:
1425 2672 89 58 si
1470 2672 133 58 primo
1558 2672 133 58 modo,
1647 2672 133 58 magis
1736 2672 103 58 est
1780 2672 192 58 promouendum

295 2726 130 53 bonum
381 2726 173 53 vulgare,
511 2726 130 53 etiam
598 2726 87 53 si
641 2726 159 53 defectu
757 2726 303 53 propriitemporalis
1017 2726 144 53 debeat
1118 2726 116 53 quis
1190 2726 144 53 mortem
1291 2726 144 53 obire:
1393 2726 87 53 si
1436 2726 188 53 secundum,
1580 2726 130 53 bonum
1667 2726 116 53 meum
1739 2726 217 53 particulare
1898 2726 87 53 pro¬-

306 2764 165 59 mouebo:
426 2764 90 59 si
471 2764 180 59 vtrumque
606 2764 135 59 bonum
696 2764 105 59 est
756 2764 210 59 temporale,
921 2764 75 59 &
951 2764 135 59 bonum
1041 2764 225 59 particulare
1222 2764 120 59 mihi
1297 2764 165 59 admodum
1417 2764 150 59 vtile,
1522 2764 90 59 vt
1567 2764 240 59 necessarium,
1762 2764 135 59 etiam
1837 2764 150 59 necessi¬-

302 2813 129 50 tatem
388 2813 216 50 extendendo,
560 2813 72 50 &
589 2813 101 50 non
647 2813 101 50 est
704 2813 115 50 tale
776 2813 230 50 communitati:
963 2813 115 50 tunc
1035 2813 115 50 meum
1107 2813 216 50 particulare
1279 2813 129 50 bonum
1365 2813 158 50 communi
1480 2813 201 50 praeponam.
1638 2813 101 50 Sed
1696 2813 86 50 si
1739 2813 201 50 communitas
1883 2813 86 50 illo

304 2859 119 56 bono
379 2859 179 56 plurimum
513 2859 134 56 eget,
602 2859 104 56 non
662 2859 134 56 autem
751 2859 119 56 ego,
825 2859 119 56 tunc
900 2859 134 56 illud
989 2859 134 56 bonum
1078 2859 223 56 communitati
1257 2859 208 56 relinquam:
1421 2859 74 56 &
1451 2859 104 56 sic
1510 2859 179 56 studiose
1644 2859 119 56 ago.
1719 2859 149 56 semper
1823 2859 119 56 enim
1883 2859 89 56 mihi

302 2905 223 57 spirituale
477 2905 143 57 bonum
572 2905 223 57 adipiscor.
747 2905 95 57 Ex
795 2905 111 57 his
859 2905 143 57 potes
954 2905 159 57 paucis
1066 2905 159 57 membra
1177 2905 223 57 colligere,
1352 2905 111 57 vel
1415 2905 191 57 vtrumque
1559 2905 143 57 bonum
1654 2905 111 57 est
1718 2905 239 57 spirituale,
1908 2905 111 57 aut

304 2963 180 53 vtrumque
439 2963 210 53 temporale,
605 2963 105 53 aut
665 2963 120 53 vnum
740 2963 195 53 temporale
890 2963 75 53 &
920 2963 165 53 alterum
1040 2963 225 53 spirituale:
1221 2963 75 53 &
1251 2963 105 53 hoc
1311 2963 225 53 dupliciter,
1491 2963 105 53 vel
1551 2963 120 53 mihi
1626 2963 210 53 spirituale
1792 2963 135 53 erit,
1882 2963 75 53 &
1897 2963 90 53 con¬-

306 3001 194 59 munitati
451 3001 226 59 temporale,
629 3001 113 59 aut
694 3001 178 59 contra,
823 3001 145 59 etiam
920 3001 194 59 loquendo
1066 3001 162 59 quando
1179 3001 145 59 bonum
1276 3001 242 59 particulare
1470 3001 129 59 meum
1551 3001 113 59 non
1615 3001 226 59 includitur
1793 3001 97 59 in
1825 3001 162 59 communi¬-

294 3044 155 55 tatis
397 3044 155 55 bono.
501 3044 155 55 Regis
604 3044 155 55 tamen
708 3044 155 55 munus
811 3044 121 55 est
881 3044 155 55 bonum
984 3044 190 55 commune
1122 3044 138 55 bono
1208 3044 190 55 priuato
1346 3044 259 55 anteponere.
1554 3044 138 55 Ipse
1640 3044 138 55 enim
1726 3044 121 55 est
1795 3044 190 55 persona
1916 3044 69 55 pu

301 3093 157 60 blica,
411 3093 141 60 cuius
505 3093 157 60 animus
615 3093 94 60 ad
662 3093 173 60 salutem
788 3093 188 60 communem
929 3093 188 60 intentus
1071 3093 126 60 esse
1149 3093 157 60 debet,
1259 3093 94 60 vt
1306 3093 141 60 pater
1400 3093 173 60 patriae
1526 3093 157 60 merito
1636 3093 188 60 dicatur.
1777 3093 78 60 ⁋
1808 3093 94 60 Ad
1840 3093 141 60 vltimam

301 3140 236 55 dubitationem
493 3140 162 55 dicitur
611 3140 118 55 quod
684 3140 133 55 licet
773 3140 192 55 quaelibet
920 3140 177 55 scientia
1053 3140 103 55 sit
1112 3140 118 55 bona
1185 3140 88 55 in
1230 3140 147 55 genere
1333 3140 206 55 qualitatis
1495 3140 74 55 &
1524 3140 192 55 notitiae:
1672 3140 133 55 tamen
1760 3140 147 55 aliqua
1863 3140 103 55 est
1907 3140 74 55 per

301 3189 183 61 accidens
438 3189 168 61 scienti
561 3189 199 61 inutilis,
713 3189 153 61 quando
820 3189 107 61 est
882 3189 92 61 ei
927 3189 168 61 occasio
1050 3189 199 61 propinqua
1202 3189 245 61 inquinamenti
1401 3189 168 61 futuri.
1523 3189 168 61 Aliquae
1646 3189 153 61 contra
1753 3189 122 61 sunt
1829 3189 153 61 artes,
1921 3189 61 61 vt

287 3248 172 62 nostra
407 3248 189 62 moralis
545 3248 275 62 philosophia,
769 3248 138 62 quae
855 3248 207 62 plurimum
1010 3248 224 62 conducunt
1182 3248 103 62 ad
1234 3248 138 62 bene
1320 3248 207 62 beateque
1458 3248 189 62 viuendum.
