2343 3609
433 313 116 77 est
500 313 232 77 seruandum:
682 313 149 77 sicut
782 313 199 77 theologi
931 313 149 77 aiunt
1030 313 232 77 institutum
1213 313 116 77 pro
1279 313 216 77 charitate
1445 313 166 77 contra
1561 313 232 77 charitatem
1743 313 199 77 militare
1892 313 116 77 non
1959 313 166 77 debet.
2058 313 83 77 Pro

438 373 121 65 hono
514 373 167 65 publico
635 373 212 65 legissator
802 373 137 65 vetat
893 373 91 65 ne
938 373 212 65 peregrinus
1105 373 137 65 vllus
1196 373 106 65 sub
1257 373 137 65 poena
1348 373 167 65 capitis
1469 373 197 65 ciuitatis
1621 373 152 65 moenia
1727 373 228 65 conscendat:
1909 373 121 65 quia
1985 373 137 65 talis
2061 373 91 65 con¬-

440 421 163 66 scensus
559 421 148 66 potest
662 421 118 66 esse
736 421 133 66 causa
825 421 222 66 traditionis
1003 421 207 66 ciuitatis.
1165 421 148 66 hostes
1269 421 163 66 veniunt
1387 421 133 66 vrbem
1476 421 178 66 capturi:
1609 421 207 66 peregrinus
1772 421 148 66 portas
1876 421 133 66 vrbis
1964 421 192 66 occludit,
2098 421 44 66 &

451 469 164 61 animose
571 469 149 61 moenia
675 469 224 61 conscendens
854 469 179 61 hostibus
989 469 209 61 reluctitur
1153 469 134 61 quoad
1242 469 134 61 ciues
1332 469 90 61 in
1377 469 179 61 auxilium
1511 469 254 61 superueniunt:
1720 469 119 61 post
1795 469 134 61 vrbem
1884 469 179 61 defensam
2004 469 134 61 tamquam

440 517 241 72 pruiricator
633 517 225 72 statutorum
810 517 145 72 vrbis
906 517 209 72 quaeritur
1067 517 96 72 ad
1115 517 241 72 supplicium.
1308 517 257 72 Quaerentibus
1517 517 145 72 autem
1614 517 161 72 aequus
1726 517 241 72 contradicit
1919 517 193 72 inquiens
2048 517 80 72 non

450 573 128 51 esse
530 573 160 51 mentem
642 573 255 51 legissatoris
849 573 144 51 vrbis
945 573 176 51 tutorem
1073 573 96 51 de
1120 573 144 51 medio
1216 573 192 51 tollere,
1360 573 112 51 sed
1424 573 223 51 temerarium
1599 573 176 51 moenium
1727 573 239 51 ascensorem,
1919 573 96 51 ne
1966 573 144 51 talis
2062 573 112 51 ho¬

448 621 130 55 stes
529 621 212 55 inuitando
692 621 114 55 aut
757 621 163 55 aditum
871 621 212 55 prodendo,
1034 621 146 55 vrbem
1131 621 179 55 tradat.
1261 621 114 55 hoc
1326 621 146 55 ipsum
1424 621 244 55 perspicuum,
1619 621 130 55 alii
1701 621 195 55 videntes
1847 621 195 55 protinus
1994 621 130 55 bene
2059 621 81 55 me¬-

454 660 156 60 rentem
564 660 203 60 liberant,
719 660 234 60 praemiisque
906 660 171 60 donant:
1031 660 78 60 &
1062 660 187 60 corticem
1203 660 140 60 legis
1296 660 218 60 euellentes
1468 660 156 60 ipsius
1577 660 171 60 nucleum
1702 660 109 60 cum
1764 660 125 60 bona
1842 660 203 60 aequitate
1982 660 156 60 capiunt.

462 709 82 61 ⁋
494 709 163 61 Tertio
609 709 212 61 ambigitur
772 709 114 61 cui
838 709 147 61 facit
936 709 196 61 iniuriam
1083 709 131 61 sibi
1164 709 163 61 laetum
1279 709 261 61 consciscens:
1491 709 82 61 &
1524 709 98 61 an
1573 709 131 61 Saul
1655 709 114 61 cum
1720 709 114 61 suo
1785 709 229 61 pedissequo
1949 709 196 61 amalechita

449 758 242 60 peccauerit.
642 758 97 60 Ad
691 758 177 60 priorem
820 758 194 60 quaesiti
965 758 161 60 partem
1078 758 242 60 respondemus
1272 758 129 60 quod
1352 758 113 60 deo
1417 758 113 60 qui
1481 758 161 60 animam
1594 758 97 60 ex
1643 758 161 60 nihilo
1756 758 177 60 creauit
1885 758 194 60 iniuriam
2014 758 129 60 facit.

454 802 201 65 profecto
605 802 168 65 illius
722 802 117 65 est
789 802 151 65 munus
890 802 168 65 animam
1007 802 84 65 a
1041 802 101 65 se
1091 802 184 65 creatam
1225 802 84 65 e
1259 802 117 65 suo
1326 802 184 65 carcere
1460 802 235 65 congruente
1644 802 235 65 tempestate
1829 802 184 65 educere
1946 802 201 65 verumtamen

450 851 141 60 iusta
544 851 282 60 conflictitione
779 851 235 60 occidentis,
967 851 156 60 corpus
1076 851 250 60 indisponitur
1280 851 94 60 vt
1326 851 141 60 anima
1420 851 156 60 corpus
1530 851 125 60 tali
1608 851 203 60 discrasia
1765 851 156 60 inepte
1874 851 203 60 informet.
2030 851 94 60 Ad
2062 851 78 60 se¬-

454 904 166 52 cundum
570 904 182 52 dicimus
703 904 132 52 quod
786 904 99 52 ne
835 904 99 52 in
885 904 149 52 manus
984 904 315 52 incircuncisorum
1249 904 132 52 Saul
1332 904 232 52 deueniret,
1514 904 182 52 seipsum
1646 904 248 52 transfodere
1845 904 232 52 laborauit:
2011 904 132 52 hocque

450 943 132 58 eius
533 943 165 58 culpam
649 943 215 58 attenuat,
814 943 182 58 attamen
946 943 116 58 eam
1012 943 83 58 a
1045 943 132 58 toto
1128 943 132 58 haud
1210 943 182 58 eximit:
1342 943 83 58 &
1375 943 116 58 cum
1441 943 99 58 in
1491 943 132 58 deum
1573 943 99 58 ac
1623 943 248 58 rempublicam
1821 943 248 58 deliquerit,
2003 943 132 58 illius

453 987 180 64 imperio
584 987 180 64 famulus
715 987 164 64 parere
830 987 115 64 non
895 987 180 64 habuit.
1026 987 131 64 hinc
1108 987 82 64 a
1141 987 164 64 Dauide
1256 987 213 64 paricidii
1420 987 180 64 vindice
1551 987 213 64 mulctatus
1715 987 131 64 est.
1797 987 82 64 ⁋
1830 987 213 64 Ambigitur
1993 987 98 64 an
2026 987 115 64 iniu¬-

463 1035 130 61 riam
544 1035 130 61 pati
626 1035 114 61 sit
691 1035 277 61 vituperabile.
919 1035 261 61 Constructiue
1130 1035 212 61 respondeo
1293 1035 163 61 quando
1407 1035 147 61 decet
1505 1035 114 61 eam
1570 1035 228 61 propulsare
1749 1035 130 61 vnde
1831 1035 179 61 Tullius
1961 1035 147 61 primo
2042 1035 98 61 offi

449 1093 169 51 ciorum
567 1093 185 51 inquit:
702 1093 253 51 Iniustitiae
904 1093 118 51 duo
972 1093 135 51 sunt
1056 1093 169 51 genera
1174 1093 135 51 vnum
1258 1093 152 51 eorum
1360 1093 118 51 qui
1427 1093 219 51 inferunt:
1596 1093 185 51 alterum
1730 1093 152 51 eorum
1832 1093 118 51 qui
1899 1093 101 51 ab
1950 1093 118 51 his
2000 1093 135 51 quibus

454 1135 198 54 infertur
603 1135 99 54 si
653 1135 182 54 possint
785 1135 198 54 iniuriam
933 1135 116 54 non
999 1135 248 54 propulsant.
1197 1135 99 54 Et
1247 1135 116 54 mox
1313 1135 149 54 paulo
1412 1135 182 54 subdit.
1544 1135 116 54 Qui
1610 1135 149 54 autem
1709 1135 116 54 non
1775 1135 198 54 defendit
1923 1135 116 54 nec
1973 1135 165 54 obsistit

455 1180 91 59 si
500 1180 152 59 potest
606 1180 182 59 iniuriae
743 1180 106 59 tam
804 1180 106 59 est
864 1180 91 59 in
910 1180 136 59 vitio
1001 1180 121 59 quam
1077 1180 91 59 si
1122 1180 182 59 parentes
1259 1180 106 59 aut
1319 1180 152 59 amicos
1425 1180 106 59 aut
1486 1180 167 59 patriam
1607 1180 182 59 deserat.
1744 1180 136 59 Cyrus
1835 1180 182 59 inclytus
1971 1180 121 59 apud
2032 1180 106 59 Xeno¬-

451 1229 169 57 phontem
573 1229 138 57 libro
665 1229 138 57 primo
757 1229 123 57 ait:
834 1229 138 57 Nihil
926 1229 169 57 iustius
1048 1229 123 57 quam
1125 1229 215 57 propulsare
1294 1229 199 57 iniuriam:
1447 1229 107 57 aut
1508 1229 199 57 pulchrius
1662 1229 123 57 quam
1738 1229 153 57 amicis
1845 1229 230 57 succurrere.
2014 1229 138 57 Consen¬-

450 1274 142 56 tanee
545 1274 95 56 ad
592 1274 111 56 hoc
656 1274 142 56 Plato
751 1274 158 56 quinto
861 1274 95 56 de
909 1274 174 56 legibus
1035 1274 174 56 inquit.
1162 1274 111 56 Qui
1225 1274 111 56 non
1288 1274 111 56 est
1351 1274 190 56 iniurius
1494 1274 190 56 honorari
1636 1274 158 56 debet,
1747 1274 111 56 qui
1810 1274 126 56 vero
1889 1274 111 56 nec
1952 1274 142 56 alios
2047 1274 95 56 id
2079 1274 63 56 fa

462 1319 127 61 cere
541 1319 174 61 patitur
668 1319 174 61 duplici
795 1319 158 61 honore
905 1319 158 61 dignus
1016 1319 127 61 est.
1095 1319 127 61 Ille
1174 1319 127 61 enim
1254 1319 127 61 vni,
1333 1319 111 61 hic
1396 1319 127 61 vero
1475 1319 158 61 multis
1586 1319 206 61 hominibus
1744 1319 237 61 opitulatur.
1934 1319 190 61 Interdum
2061 1319 79 61 est

458 1363 195 57 decentiae
608 1363 90 57 ac
653 1363 210 57 honestatis
818 1363 180 57 iniuriam
953 1363 225 57 propulsare,
1133 1363 210 57 nonnunquam
1298 1363 255 57 praeceptionis
1508 1363 180 57 ferociam
1643 1363 210 57 saeuientis
1808 1363 180 57 cohibere
1943 1363 90 57 ne
1988 1363 135 57 alium
2063 1363 90 57 lae¬-

444 1416 122 57 dat:
520 1416 76 57 &
550 1416 76 57 a
581 1416 183 57 fortiore
718 1416 91 57 ne
764 1416 91 57 in
809 1416 91 57 te
855 1416 107 57 sua
916 1416 137 57 rabie
1007 1416 183 57 saeuiat.
1145 1416 122 57 Haec
1221 1416 213 57 scripserim
1388 1416 91 57 in
1434 1416 137 57 illos
1525 1416 107 57 qui
1586 1416 183 57 iniuriam
1723 1416 122 57 pati
1800 1416 137 57 solum
1891 1416 152 57 poenam
1998 1416 76 57 &
2028 1416 107 57 non
2074 1416 76 57 cul

441 1462 115 50 pam
506 1462 247 50 existimant:
704 1462 165 50 contra
819 1462 247 50 Aristotelis
1017 1462 214 50 expressam
1182 1462 198 50 literam,
1330 1462 99 50 ac
1379 1462 165 50 contra
1478 1462 198 50 veritatem.

513 1555 548 135 SAS
826 1555 782 135 SEXTVS
1295 1555 704 135 LIEERos

605 1656 245 103 TT
728 1656 449 103 AOTATvs
1054 1656 408 103 PRIMI.
1340 1656 286 103 CAp
1503 1656 245 103 vr
1585 1656 408 103 pAMMv5I.

953 1787 121 70 Vm
1013 1787 182 70 autem
1135 1787 182 70 antea
1256 1787 202 70 dictum
1398 1787 142 70 sit
1479 1787 202 70 medium
1620 1787 283 70 expetendum
1843 1787 182 70 esse:
1964 1787 142 70 non
2025 1787 121 70 exu¬-

954 1845 268 77 perationem,
1169 1845 161 77 neque
1276 1845 286 77 defectionem,
1508 1845 89 77 &
1544 1845 179 77 medium
1669 1845 197 77 perinde
1812 1845 143 77 sese
1902 1845 179 77 habeat
2009 1845 125 77 atque

945 1897 166 63 recta
1055 1897 166 63 ratio
1166 1897 203 63 dictat:
1314 1897 129 63 hoc
1388 1897 166 63 ipsum
1499 1897 222 63 deinceps
1666 1897 240 63 diuidamus
1851 1897 222 63 oportet.
2017 1897 111 63 In
2054 1897 74 63 e¬-

937 1950 195 82 mnibus
1074 1950 156 82 enim
1172 1950 195 82 dictis
1308 1950 254 82 habitibus
1503 1950 312 82 (quemadmodum
1757 1950 98 82 &
1796 1950 117 82 in
1855 1950 254 82 caeteris)
2030 1950 98 82 est

947 2009 218 74 quoddam
1106 2009 198 74 signum
1244 2009 119 74 ad
1304 2009 159 74 quod
1403 2009 119 74 is
1462 2009 277 74 inspiciens
1680 2009 139 74 qui
1760 2009 238 74 rationem
1938 2009 178 74 habet
2037 2009 99 74 in¬-

944 2082 197 56 tendit
1082 2082 177 56 atque
1200 2082 255 56 remittit:
1396 2082 197 56 estque
1534 2082 197 56 quidam
1671 2082 236 56 terminus
1829 2082 314 56 mediocritatum:

945 2124 146 61 quas
1036 2124 164 61 inter
1145 2124 310 61 exuperationem
1401 2124 328 61 defectionemque
1675 2124 201 61 dicimus
1821 2124 164 61 esse:
1930 2124 128 61 ita
2003 2124 146 61 sese
2076 2124 73 61 ha

950 2179 179 77 bentes
1075 2179 107 77 vt
1129 2179 161 77 recta
1236 2179 161 77 ratio
1343 2179 214 77 statuit.
1504 2179 161 77 Atque
1611 2179 161 77 sermo
1718 2179 161 77 talis
1825 2179 125 77 est
1897 2179 179 77 quidem
2004 2179 143 77 verus,

951 2235 138 69 non
1030 2235 177 69 tamen
1148 2235 276 69 dilucidus.
1365 2235 138 69 Nam
1443 2235 98 69 &
1483 2235 118 69 in
1542 2235 197 69 quauis
1680 2235 197 69 opera:
1817 2235 177 69 atque
1935 2235 157 69 cura
2014 2235 138 69 circa

845 2256 157 113 quam
944 2256 236 113 versatur
1120 2256 255 113 scientia:
1317 2256 177 113 verum
1434 2256 137 113 est
1513 2256 216 113 dicere:
1670 2256 177 113 neque
1788 2256 216 113 nimium,
1945 2256 177 113 neque
2043 2256 98 113 pa¬-

459 2351 129 69 rum
532 2351 147 69 esse
624 2351 276 69 elaborandum
845 2351 129 69 vel
918 2351 294 69 quiescendum,
1157 2351 129 69 sed
1231 2351 294 69 mediocriter:
1470 2351 92 69 &
1507 2351 110 69 vt
1562 2351 165 69 ratio
1672 2351 165 69 recta
1782 2351 294 69 praescribit.
2021 2351 110 69 At
2058 2351 92 69 qui

475 2408 122 62 hoc
544 2408 174 62 tantum
666 2408 174 62 habet,
788 2408 157 62 nihil
893 2408 139 62 plus
980 2408 209 62 scierit:
1137 2408 105 62 vt
1189 2408 105 62 si
1241 2408 209 62 quispiam
1398 2408 192 62 dixerit
1537 2408 105 62 ea
1590 2408 139 62 esse
1677 2408 192 62 corpori
1816 2408 226 62 afferenda
1990 2408 139 62 quae
2060 2408 87 62 me¬-

465 2455 193 76 dicina
600 2455 96 76 &
638 2455 116 76 vt
696 2455 116 76 is
754 2455 135 76 qui
831 2455 154 76 hanc
927 2455 173 76 habet
1043 2455 250 76 scientiam
1235 2455 193 76 iubet.
1370 2455 270 76 Quapropter
1582 2455 96 76 &
1621 2455 173 76 circa
1736 2455 212 76 habitus
1891 2455 173 76 animi
2006 2455 135 76 non
2064 2455 77 76 mo

458 2518 115 69 do
515 2518 153 69 vere
611 2518 134 69 hoc
688 2518 191 69 dictum
821 2518 153 69 esse
917 2518 230 69 oportet:
1089 2518 134 69 sed
1166 2518 172 69 etiam
1281 2518 306 69 determinatum
1530 2518 211 69 quaenam
1683 2518 134 69 sit
1759 2518 153 69 ipsa
1855 2518 172 69 ratio
1970 2518 191 69 recta,
2085 2518 57 69 &

472 2582 143 63 quae
561 2582 143 63 eius
651 2582 125 63 sit
722 2582 268 63 diffinitio.
937 2582 214 63 Virtutes
1098 2582 179 63 itaque
1223 2582 179 63 animae
1348 2582 286 63 superioribus
1580 2582 107 63 in
1634 2582 161 63 locis
1741 2582 250 63 diuisimus:
1938 2582 89 63 &
1973 2582 161 63 alias
2063 2582 89 63 mo¬-

460 2634 148 63 ris,
552 2634 166 63 alias
663 2634 185 63 mentis
792 2634 203 63 diximus
939 2634 166 63 esse:
1050 2634 166 63 atque
1161 2634 111 63 de
1216 2634 166 63 moris
1327 2634 185 63 quidem
1456 2634 258 63 virtutibus
1659 2634 129 63 iam
1733 2634 295 63 transegimus.
1973 2634 111 63 De
2010 2634 129 63 reli¬-

465 2686 147 69 quis
557 2686 147 69 vero
649 2686 203 69 dicamus
796 2686 221 69 oportet:
962 2686 166 69 prius
1072 2686 166 69 hisce
1183 2686 110 69 de
1238 2686 166 69 anima
1348 2686 276 69 declaratis.
1569 2686 147 69 Duas
1661 2686 184 69 igitur
1790 2686 147 69 esse
1882 2686 184 69 animae
1993 2686 147 69 partes

466 2748 173 66 antea
581 2748 231 66 diximus:
754 2748 135 66 eam
831 2748 154 66 quae
928 2748 231 66 rationis
1101 2748 135 66 est
1178 2748 269 66 particeps,
1389 2748 96 66 &
1428 2748 135 66 eam
1505 2748 154 66 quae
1601 2748 212 66 eiusdem
1755 2748 135 66 est
1832 2748 212 66 expers.
1986 2748 154 66 Nunc
2063 2748 96 66 au¬-

462 2789 134 74 tem
538 2789 248 74 identidem
729 2789 153 74 pars
825 2789 115 74 ea
882 2789 153 74 quae
977 2789 229 74 rationem
1149 2789 172 74 habet
1264 2789 134 74 est
1340 2789 267 74 diuidenda:
1550 2789 172 74 atque
1665 2789 134 74 sit
1741 2789 267 74 suppositum
1951 2789 153 74 duas
2027 2789 115 74 esse

465 2845 210 78 parteis
618 2845 153 78 quae
713 2845 153 78 sunt
809 2845 267 78 participes
1019 2845 248 78 rationis.
1209 2845 134 78 Vna
1286 2845 134 78 qua
1362 2845 305 78 contemplamur
1610 2845 115 78 ea
1668 2845 191 78 quorum
1801 2845 267 78 principia,
2011 2845 115 78 vt
2050 2845 95 78 ali

475 2906 122 76 ter
544 2906 140 76 sese
632 2906 209 76 habeant,
789 2906 174 76 minime
911 2906 157 76 fieri
1015 2906 192 76 potest.
1155 2906 192 76 Alteram
1294 2906 122 76 qua
1364 2906 262 76 perspicimus
1573 2906 122 76 ea,
1643 2906 140 76 quae
1730 2906 174 76 aliter
1852 2906 140 76 sese
1940 2906 174 76 habere
2044 2906 105 76 pos¬-

473 2970 162 64 sunt.
581 2970 126 64 Eae
653 2970 180 64 nanque
779 2970 180 64 animae
905 2970 180 64 partes
1031 2970 216 64 diuersae
1193 2970 144 64 sunt
1283 2970 198 64 genere,
1426 2970 144 64 quae
1516 2970 144 64 sunt
1606 2970 162 64 aptae
1714 2970 108 64 ad
1768 2970 126 64 res
1840 2970 126 64 eas
1894 2970 252 64 cognoscendas

477 3015 147 78 quae
568 3015 183 78 genere
697 3015 257 78 differunt.
899 3015 220 78 Siquidem
1064 3015 165 78 ipsis
1174 3015 165 78 inest
1284 3015 165 78 rerum
1394 3015 220 78 cognitio
1559 3015 294 78 similitudine
1797 3015 183 78 quadam
1926 3015 165 78 atque
2018 3015 128 78 accom

469 3069 259 67 modatione.
672 3069 166 67 Atque
782 3069 166 67 harum
893 3069 185 67 altera
1023 3069 129 67 vis
1096 3069 222 67 sciendi.
1263 3069 185 67 altera
1392 3069 129 67 vis
1466 3069 259 67 subducendi
1669 3069 222 67 rationem
1835 3069 222 67 vocetur.
1983 3069 166 67 Consul¬-

471 3129 143 71 tare
561 3129 179 71 nanque
686 3129 215 71 rationem
848 3129 143 71 quam
937 3129 233 71 subducere
1117 3129 161 71 eadem
1224 3129 215 71 possunt.
1386 3129 143 71 Nemo
1475 3129 161 71 autem
1583 3129 108 71 de
1637 3129 126 71 iis
1709 3129 161 71 rebus
1816 3129 233 71 consultat
1996 3129 143 71 quae
2067 3129 90 71 ali

465 3181 132 77 ter
540 3181 113 77 se
597 3181 188 77 habere
728 3181 132 77 non
803 3181 225 77 possunt.
972 3181 169 77 Quare
1085 3181 132 77 vis
1160 3181 263 77 subducendi
1367 3181 244 77 rationem,
1555 3181 132 77 vna
1630 3181 150 77 pars
1724 3181 150 77 cius
1818 3181 188 77 partis
1949 3181 132 77 est
2006 3181 150 77 animae

462 3249 154 78 quae
558 3249 230 78 rationis
731 3249 134 78 est
807 3249 269 78 particeps.
1018 3249 230 78 Sumendum
1191 3249 134 78 est
1268 3249 192 78 igitur
1402 3249 211 78 quisnam
1556 3249 250 78 vtriusque
1748 3249 134 78 sit
1825 3249 211 78 optimus
1959 3249 192 78 habitus.

458 3307 135 57 Hic
535 3307 154 57 enim
631 3307 250 57 vtriusque
824 3307 135 57 est
901 3307 212 57 virtus.
1055 3307 193 57 Virtus
1190 3307 173 57 autem
1305 3307 135 57 est
1382 3307 116 57 ad
1440 3307 231 57 proprium
1594 3307 135 57 opus.
