2295 3611
391 278 166 91 phicam
508 278 249 91 acceptionem
707 278 233 91 probitatem
890 278 216 91 includit,
1056 278 183 91 alioqui
1189 278 133 91 ipsa
1273 278 116 91 est
1339 278 150 91 bonis
1439 278 200 91 malisque
1589 278 216 91 communis,
1755 278 183 91 secundo
1888 278 183 91 moralis
2004 278 100 91 sola

386 356 169 50 actuum
505 356 305 50 ratiocinatione
759 356 136 50 sine
843 356 237 50 extrinseco
1030 356 186 50 doctore
1165 356 186 50 paratur
1301 356 203 50 quicquid
1453 356 237 50 praeceptor
1640 356 186 50 dixerit
1775 356 136 50 nisi
1860 356 136 50 homo
1945 356 102 50 ad
1978 356 119 50 bonum

393 394 207 61 assuescat
552 394 207 61 flosculos
712 394 143 61 morum
807 394 159 61 minime
919 394 239 61 assequetur.
1110 394 96 61 In
1157 394 191 61 prauorum
1301 394 143 61 corda
1396 394 271 61 intellectiuae
1619 394 207 61 virtutes,
1779 394 111 61 vel
1842 394 111 61 eis
1906 394 143 61 quasi
1986 394 111 61 nolem

390 452 149 57 tibus
490 452 282 57 instituantur,
722 452 232 57 verberibus
904 452 182 57 iuuenes
1037 452 232 57 quodammodo
1219 452 182 57 inuitos
1351 452 99 57 ad
1401 452 249 57 disciplinas
1600 452 232 57 coartamus,
1782 452 83 57 a
1815 452 265 57 consuetudine
2014 452 83 57 mo¬-

389 494 149 52 rales
489 494 149 52 nomen
588 494 231 52 accipiunt.
769 494 182 52 secundi
902 494 215 52 ethicorum
1067 494 165 52 primo.
1182 494 149 52 Verum
1282 494 116 52 non
1348 494 231 52 totaliter,
1529 494 116 52 cum
1595 494 297 52 intellectuales
1843 494 149 52 etiam
1942 494 132 52 more
2008 494 83 52 pro

400 545 219 51 creantur,
569 545 118 51 mos
636 545 287 51 consuetudinem
872 545 236 51 significat
1058 545 236 51 dicentibus
1244 545 219 51 haebreis,
1412 545 135 51 nisi
1497 545 304 51 circuncidimini
1750 545 202 51 secundum
1902 545 152 51 morem
1986 545 118 51 legis

398 588 149 59 moysi
497 588 116 59 non
563 588 198 59 potestis
711 588 149 59 salui
810 588 165 59 fieri,
926 588 165 59 actuum
1041 588 165 59 decimo
1157 588 182 59 quinto.
1289 588 99 59 Ad
1338 588 198 59 secundum
1487 588 182 59 dicimus
1619 588 132 59 quod
1701 588 149 59 omnes
1800 588 198 59 virtutes
1932 588 165 59 intelle¬-

402 641 121 53 ctus
477 641 196 53 appetitui
629 641 166 53 insunt,
749 641 106 53 sed
810 641 257 53 intellectiuae
1021 641 181 53 virtutes
1157 641 227 53 intellectui
1339 641 136 53 primo
1429 641 212 53 inhaerent.
1595 641 91 53 Si
1641 641 227 53 intellectus
1822 641 151 53 reipsa
1928 641 76 53 a
1943 641 151 53 volunta¬-

387 678 95 58 te
435 678 284 58 distingueretur
672 678 205 58 appetitui
830 678 142 58 nullo
925 678 126 58 modo
1004 678 253 58 inhaererent.
1209 678 111 58 Nec
1272 678 126 58 tale
1351 678 237 58 impossibile
1541 678 95 58 in
1588 678 253 58 conditionali
1794 678 190 58 accipere
1936 678 111 58 est
1983 678 111 58 prae¬-

390 726 117 57 ter
457 726 216 57 rationem,
623 726 183 57 quomodo
757 726 250 57 Aristoteles
957 726 167 57 quarto
1073 726 233 57 physicorum
1256 726 83 57 &
1290 726 183 57 aliubi.
1423 726 117 57 Vti
1489 726 216 57 seriosius
1656 726 150 57 alias
1756 726 266 57 explanauimus
1956 726 133 57 beatus

401 776 163 62 Thomas
515 776 81 62 &
547 776 130 62 alii
629 776 244 62 intellectum
824 776 98 62 ab
873 776 195 62 appetitu
1019 776 163 62 reipsa
1133 776 212 62 separant,
1296 776 130 62 quae
1378 776 228 62 accidentia
1557 776 163 62 animae
1671 776 179 62 ponunt,
1801 776 163 62 quibus
1899 776 195 62 omnifariam

397 836 244 47 refragamur,
592 836 114 47 nec
657 836 195 47 formalem
804 836 277 47 distinctionem
1032 836 98 47 ad
1081 836 179 47 aliorum
1211 836 179 47 sensuum
1341 836 195 47 ponimus.
1488 836 114 47 Hoc
1553 836 130 47 enim
1635 836 147 47 pacto
1732 836 163 47 placet
1846 836 163 47 dicere
1944 836 163 47 intelle¬-

398 876 125 60 ctum
477 876 219 60 formaliter
649 876 78 60 a
680 876 204 60 voluntate
837 876 219 60 distingui.
1010 876 125 60 Alia
1088 876 110 60 est
1151 876 141 60 ratio
1245 876 141 60 quare
1339 876 251 60 intellectus.
1542 876 78 60 &
1574 876 125 60 alia
1652 876 141 60 quare
1746 876 188 60 voluntas
1887 876 188 60 dicatur.
2013 876 78 60 In¬-

402 916 202 56 tellectus
558 916 140 56 munus
651 916 109 56 est
713 916 233 56 intelligere
900 916 202 56 appetitus
1055 916 140 56 velle
1149 916 109 56 aut
1211 916 155 56 nolle.
1320 916 93 56 Ad
1366 916 171 56 tertiam
1491 916 264 56 haesitationem
1708 916 233 56 respondemus
1895 916 124 56 quod
1973 916 109 56 non
2019 916 78 56 est

396 968 132 55 tanta
484 968 219 55 potentiarum
659 968 205 55 distinctio
820 968 146 55 quanta
923 968 146 55 actuum
1025 968 132 55 eius.
1113 968 219 55 Monstratur,
1288 968 88 55 in
1332 968 117 55 idem
1405 968 175 55 obiectum
1537 968 117 55 lati
1610 968 146 55 actus,
1712 968 219 55 intellectus
1887 968 88 55 ac
1917 968 175 55 voluntatis

400 1018 144 55 specie
501 1018 260 55 distinguuntur:
717 1018 159 55 attamen
833 1018 159 55 ratione
948 1018 188 55 potentiae
1093 1018 231 55 secernuntur.
1281 1018 217 55 Intellectus
1454 1018 332 55 intelligitiratione,
1743 1018 101 55 sui
1801 1018 101 55 non
1858 1018 130 55 autem
1931 1018 173 55 appetitus.

408 1069 167 50 proinde
529 1069 91 50 in
574 1069 167 50 ratione
696 1069 197 50 potentiae
847 1069 273 50 distinguuntur.
1074 1069 91 50 Ex
1120 1069 106 50 hoc
1180 1069 167 50 lucidum
1301 1069 106 50 est
1362 1069 212 50 aggregatum
1529 1069 197 50 potentiae
1680 1069 257 50 intellectiuae
1892 1069 106 50 cum
1953 1069 106 50 suo
1998 1069 91 50 actu

403 1106 240 59 intelligendi
598 1106 90 59 ab
643 1106 195 59 aggregato
794 1106 195 59 appetitus
944 1106 105 59 cum
1004 1106 105 59 suo
1064 1106 120 59 actu
1139 1106 150 59 specie
1244 1106 255 59 distinguntur.
1455 1106 90 59 Ad
1500 1106 165 59 quartum
1620 1106 165 59 dicitur
1740 1106 120 59 quod
1815 1106 150 59 animae
1921 1106 165 59 functio
2041 1106 90 59 ad

402 1156 282 69 intelligentiam
638 1156 141 69 solam
732 1156 235 69 haudquaquam
920 1156 235 69 terminatur:
1108 1156 110 69 nec
1171 1156 94 69 ad
1218 1156 188 69 volendum
1359 1156 126 69 eius
1438 1156 188 69 facultas
1579 1156 235 69 extenditur:
1767 1156 141 69 verum
1862 1156 94 69 ad
1909 1156 126 69 haec
1987 1156 78 69 &
2003 1156 94 69 illa

399 1209 249 53 exspatiatur,
602 1209 171 53 proinde
726 1209 140 53 illae
819 1209 124 53 eius
897 1209 156 53 partes
1006 1209 109 53 non
1068 1209 93 53 ab
1115 1209 93 53 re
1146 1209 249 53 appellitantur.

703 1207 376 105 Tract.
967 1207 226 105 I.
1080 1207 226 105 Et
1193 1207 301 105 Lib.
1381 1207 263 105 VI.
1531 1207 301 105 Cap.
1682 1207 188 105 II.

724 1300 125 65 Ria
796 1300 161 65 autem
903 1300 143 65 sunt
992 1300 107 65 in
1046 1300 161 65 anima
1153 1300 143 65 quae
1242 1300 143 65 sunt
1332 1300 179 65 agendi
1457 1300 286 65 veritatisque
1689 1300 250 65 principia.
1886 1300 197 65 Sensus,
2029 1300 107 65 in

721 1355 251 80 tellectus,
918 1355 251 80 appetitus.
1115 1355 161 80 Atque
1223 1355 197 80 sensus,
1366 1355 197 80 nullius
1510 1355 125 80 est
1581 1355 233 80 principum
1761 1355 179 80 actus.
1886 1355 143 80 Quod
1958 1355 143 80 quidem

719 1421 112 70 ex
775 1421 112 70 eo
832 1421 187 70 patet:
963 1421 150 70 quia
1056 1421 187 70 beluae
1187 1421 187 70 sensum
1318 1421 187 70 quidem
1449 1421 206 70 habent,
1599 1421 225 70 actionis
1767 1421 168 70 autem
1879 1421 150 70 sunt
1954 1421 150 70 exper¬-

708 1464 144 74 tes.
798 1464 126 74 Est
870 1464 162 74 autem
977 1464 108 74 id
1031 1464 108 74 in
1085 1464 215 74 appetitu
1246 1464 251 74 persecutio
1444 1464 162 74 atque
1552 1464 162 74 fuga,
1659 1464 144 74 quod
1749 1464 126 74 est
1821 1464 251 74 affirmatio
2000 1464 90 74 ne¬-

714 1530 230 69 gatioque
886 1530 115 69 in
944 1530 192 69 mente.
1078 1530 173 69 Quare
1193 1530 134 69 cum
1270 1530 173 69 moris
1385 1530 192 69 quidem
1520 1530 192 69 virtus
1654 1530 211 69 habitus
1807 1530 134 69 sit
1865 1530 230 69 electiuus,

702 1582 204 69 electio
851 1582 148 69 vero
943 1582 241 69 appetitus
1129 1582 334 69 deliberatiuus:
1407 1582 111 69 ob
1463 1582 148 69 haec
1555 1582 148 69 ipsa
1648 1582 93 69 &
1685 1582 222 69 rationem
1852 1582 167 69 veram
1963 1582 93 69 &
2000 1582 130 69 ap¬

401 1640 197 70 petitum
544 1640 179 70 rectum
670 1640 143 70 esse
759 1640 197 70 oportet
902 1640 107 70 si
956 1640 197 70 electio
1099 1640 125 70 sit
1171 1640 233 70 studiosa:
1350 1640 161 70 atque
1457 1640 179 70 eandem
1583 1640 161 70 illam
1690 1640 179 70 quidem
1816 1640 197 70 dicere:
1959 1640 143 70 hunc
2030 1640 72 70 au

402 1684 131 84 tem
477 1684 243 84 persequi.
664 1684 149 84 Haec
757 1684 187 84 igitur
888 1684 149 84 mens
981 1684 168 84 atque
1093 1684 205 84 veritas
1243 1684 187 84 actiua
1374 1684 149 84 est.
1467 1684 187 84 Mentis
1598 1684 168 84 autem
1710 1684 149 84 eius
1803 1684 149 84 (qua
1878 1684 224 84 contemplan

400 1741 133 82 di,
476 1741 133 82 non
552 1741 191 82 agendi
686 1741 172 82 neque
800 1741 229 82 faciendi
972 1741 267 82 principium
1181 1741 152 82 est)
1277 1741 172 82 bonum
1391 1741 114 82 ac
1448 1741 172 82 malum
1562 1741 172 82 verum
1677 1741 133 82 est
1753 1741 172 82 atque
1867 1741 210 82 falsum.
2001 1741 95 82 Hoc

396 1819 147 63 enim
487 1819 183 63 mentis
616 1819 128 63 est
689 1819 165 63 omnis
799 1819 165 63 opus:
909 1819 128 63 sed
983 1819 202 63 actiuae
1130 1819 183 63 mentis
1258 1819 202 63 veritas
1405 1819 128 63 est
1478 1819 275 63 consentanea
1698 1819 239 63 appetitui
1882 1819 183 63 recto.
1992 1819 110 63 Fle¬-

400 1862 147 71 ctio
491 1862 183 71 igitur
620 1862 165 71 actus
729 1862 256 71 principium
931 1862 147 71 est:
1023 1862 147 71 vnde
1114 1862 128 71 est
1187 1862 183 71 motus:
1316 1862 128 71 sed
1389 1862 128 71 non
1462 1862 110 71 id
1517 1862 183 71 gratia
1645 1862 183 71 cuius.
1774 1862 238 71 Appetitus
1938 1862 147 71 autem,

393 1916 153 67 eaque
495 1916 153 67 ratio
597 1916 136 67 quae
682 1916 204 67 alicuius
835 1916 119 67 est
903 1916 187 67 gratia:
1039 1916 238 67 electionis
1226 1916 238 67 principium
1413 1916 136 67 est.
1498 1916 187 67 lccirco
1634 1916 153 67 neque
1736 1916 136 67 sine
1821 1916 238 67 intellectu
1991 1916 102 67 men¬-

398 1987 192 53 taeque,
537 1987 157 53 neque
642 1987 140 53 sine
729 1987 174 53 habitu
851 1987 157 53 moris
956 1987 122 53 est
1025 1987 140 53 ipsa
1113 1987 209 53 electio.
1269 1987 140 53 Sine
1357 1987 174 53 nanque
1479 1987 157 53 mente
1583 1987 157 53 atque
1688 1987 140 53 more
1775 1987 122 53 non
1845 1987 122 53 est
1915 1987 157 53 actio
2002 1987 87 53 bo¬-

403 2027 110 72 na
458 2027 129 72 nec
531 2027 147 72 item
623 2027 257 72 contraria.
825 2027 147 72 Mens
917 2027 165 72 autem
1027 2027 147 72 ipsa
1119 2027 165 72 nihil
1229 2027 184 72 mouet.
1358 2027 129 72 Sed
1432 2027 110 72 ea
1487 2027 147 72 quae
1579 2027 220 72 alicuius
1744 2027 129 72 est
1817 2027 184 72 gratia
1946 2027 92 72 &
1964 2027 129 72 acti¬-

394 2092 130 74 ua.
469 2092 149 74 Haec
562 2092 149 74 enim
655 2092 93 74 &
692 2092 261 74 affectrici
897 2092 168 74 menti
1009 2092 223 74 praeest:
1177 2092 130 74 nam
1251 2092 168 74 omnis
1363 2092 130 74 qui
1437 2092 168 74 facit
1549 2092 186 74 gratia
1679 2092 168 74 huius
1791 2092 168 74 facit
1903 2092 93 74 &
1940 2092 130 74 non
1996 2092 93 74 est

393 2142 264 71 simpliciter
604 2142 158 71 finis
710 2142 123 71 sed
780 2142 106 71 ad
833 2142 193 71 aliquid
974 2142 88 71 &
1009 2142 211 71 alicuius
1167 2142 106 71 id
1220 2142 141 71 quod
1308 2142 246 71 efficitur:
1501 2142 123 71 sed
1572 2142 123 71 non
1642 2142 106 71 id
1695 2142 141 71 quod
1783 2142 193 71 agitur.
1923 2142 141 71 ipsa
1994 2142 106 71 nan¬-

392 2200 141 71 quod
481 2200 141 71 bona
569 2200 159 71 actio
675 2200 159 71 finis
781 2200 141 71 est.
869 2200 106 71 Et
922 2200 159 71 huius
1028 2200 124 71 est
1098 2200 247 71 appetitus.
1293 2200 247 71 Quapropter
1487 2200 194 71 electio
1628 2200 124 71 vel
1699 2200 265 71 intellectus
1910 2200 124 71 est
1963 2200 124 71 appe¬-

388 2258 177 66 tiuus:
512 2258 124 66 vel
583 2258 230 66 appetitus
760 2258 319 66 intellectiuus.
1026 2258 106 66 Et
1079 2258 142 66 tale
1168 2258 248 66 principium
1363 2258 124 66 est
1434 2258 159 66 homo.
1540 2258 159 66 nulla
1646 2258 159 66 autem
1752 2258 124 66 res
1823 2258 159 66 facta
1930 2258 124 66 est
1983 2258 106 66 eli¬-

411 2311 229 78 gibilis:
583 2311 153 78 nemo
678 2311 153 78 enim
774 2311 191 78 eligit
908 2311 172 78 illum
1023 2311 287 78 expugnasse:
1252 2311 172 78 Neque
1367 2311 153 78 enim
1462 2311 115 78 de
1520 2311 115 78 eo
1577 2311 248 78 consultat
1768 2311 153 78 quid
1864 2311 191 78 factum
1978 2311 115 78 est:

400 2371 133 78 sed
476 2371 114 78 de
533 2371 190 78 futuro
666 2371 114 78 ac
723 2371 304 78 contingente,
970 2371 190 78 factum
1103 2371 171 78 autem
1217 2371 133 78 non
1293 2371 247 78 contingit
1483 2371 133 78 non
1559 2371 190 78 factum
1692 2371 171 78 esse.
1806 2371 266 78 Quapropter
1996 2371 95 78 re¬-

393 2420 145 75 cte
476 2420 206 75 Agatho
600 2420 165 75 dixit.

396 2481 130 65 Hoc
471 2481 167 65 etiam
582 2481 148 65 ipse
674 2481 148 65 deus
767 2481 204 65 soloque
915 2481 185 65 carere
1026 2481 185 65 videtur:

396 2529 234 78 Infectum
571 2529 117 78 vt
630 2529 195 78 faciat
766 2529 156 78 quod
864 2529 195 78 factum
1000 2529 137 78 est
1078 2529 176 78 atque
1176 2529 215 78 peractum.

391 2590 149 88 Opus
485 2590 187 88 igitur
615 2590 243 88 vtriusque
802 2590 187 88 partis
932 2590 317 88 intellectiuae
1194 2590 205 88 veritas
1343 2590 149 88 est:
1436 2590 168 88 quare
1548 2590 187 88 quibus
1679 2590 243 88 habitibus
1865 2590 187 88 maxime
1977 2590 112 88 pars

402 2651 207 76 vtraque
553 2651 169 76 verum
666 2651 188 76 dicit:
798 2651 113 76 ii
854 2651 151 76 sunt
948 2651 207 76 ambarum
1080 2651 207 76 virtutes.

472 2727 121 91 FRia
547 2727 136 91 autem
638 2727 121 91 sunt
713 2727 90 91 in
758 2727 136 91 anima
849 2727 105 91 &c.
909 2727 136 91 Nosse
999 2727 166 91 oportet
1120 2727 121 91 quod
1195 2727 166 91 quatuor
1316 2727 121 91 sunt
1391 2727 196 91 potentiae
1542 2727 151 91 animae
1647 2727 121 91 quam
1722 2727 151 91 suarum
1828 2727 226 91 operationum
1994 2727 90 91 sunt

503 2800 157 69 fontes.
617 2800 129 69 Prima
703 2800 214 69 vegetatiua:
874 2800 114 69 quae
946 2800 100 69 est
1003 2800 186 69 potentiae
1146 2800 186 69 nutriendi
1289 2800 157 69 augendi
1403 2800 86 69 ac
1446 2800 143 69 simile
1546 2800 186 69 generandi
1689 2800 86 69 in
1732 2800 157 69 specie.
1846 2800 129 69 Eadem
1918 2800 171 69 vulgatiore

499 2852 179 57 vocabulo
634 2852 209 57 vegetatiua
798 2852 179 57 vocatur,
932 2852 120 57 haec
1007 2852 105 57 vis
1067 2852 105 57 non
1127 2852 105 57 est
1186 2852 209 57 principium
1351 2852 149 57 humani
1455 2852 149 57 actus,
1560 2852 164 57 plantis
1680 2852 120 57 enim
1754 2852 194 57 convenit.
1904 2852 164 57 hancque
2008 2852 75 57 phi

391 2896 178 59 losophus
524 2896 252 59 praetermisit,
732 2896 104 59 cum
791 2896 207 59 manifestum
954 2896 133 59 esset
1042 2896 133 59 illam
1131 2896 104 59 non
1190 2896 118 59 esse
1264 2896 178 59 originem
1397 2896 192 59 humanarum
1545 2896 237 59 operationum.
1738 2896 89 59 Et
1782 2896 118 59 quia
1856 2896 148 59 tribus
1945 2896 148 59 animalia

394 2947 195 55 mouentur,
544 2947 90 55 vt
589 2947 150 55 tertio
695 2947 90 55 de
740 2947 135 55 anima
830 2947 211 55 scribitur,
995 2947 120 55 tres
1071 2947 150 55 fontes
1176 2947 195 55 nostrarum
1326 2947 226 55 operationum
1507 2947 90 55 ac
1552 2947 195 55 veritatis
1702 2947 211 55 assumpsit,
1867 2947 90 55 vt
1913 2947 180 55 paulatim
2033 2947 60 55 ad

402 2993 155 59 habitus
515 2993 239 59 intellectiuos
712 2993 197 59 descendat,
867 2993 141 59 sensus
965 2993 113 59 enim
1036 2993 99 59 non
1092 2993 99 59 est
1148 2993 169 59 potentia
1275 2993 211 59 rationalis.
1444 2993 183 59 Appetitus
1585 2993 197 59 sensitiuus
1740 2993 141 59 sensum
1838 2993 169 59 sequitur
1965 2993 70 59 &
1993 2993 99 59 est
2036 2993 56 59 ap

404 3041 168 54 petitus.
530 3041 182 54 Quaelibet
670 3041 182 54 cognitiua
810 3041 168 54 potentia
936 3041 98 54 sua
992 3041 98 54 cum
1048 3041 196 54 appetitiua
1202 3041 210 54 respondente
1370 3041 182 54 conspirat
1510 3041 126 54 sicut
1594 3041 210 54 intellectus
1762 3041 98 54 est
1818 3041 182 54 voluntas,
1944 3041 140 54 cuilibet

394 3091 146 59 sensui
497 3091 190 59 exteriori
643 3091 190 59 interiori
790 3091 88 59 ve
834 3091 103 59 sua
892 3091 205 59 appetitiua
1054 3091 205 59 respondens
1215 3091 205 59 coincidit,
1376 3091 73 59 &
1405 3091 117 59 idem
1478 3091 205 59 adaequatum
1640 3091 176 59 obiectum
1771 3091 117 59 sibi
1845 3091 190 59 vendicat,
1976 3091 103 59 visua

384 3138 176 58 pulchro
512 3138 239 58 visibili(vt
703 3138 287 58 prouerbialiter
943 3138 208 58 traditur,
1102 3138 208 58 pascitur.
1262 3138 96 58 Et
1310 3138 208 58 propterea
1469 3138 144 58 visus
1565 3138 208 58 inquantum
1725 3138 208 58 appetitus
1869 3138 223 58 approximatio

379 3184 111 63 nem
443 3184 175 63 obiecti
570 3184 254 63 conuenientis
776 3184 191 63 expetit.
919 3184 111 63 Sic
983 3184 95 63 de
1030 3184 159 63 auditu
1141 3184 159 63 somnii
1252 3184 222 63 cymbalorum
1427 3184 127 63 bene
1506 3184 222 63 sonantium,
1681 3184 270 63 praecipiente:
1903 3184 111 63 qui
1967 3184 95 63 in
1999 3184 95 63 quam

385 3231 105 59 tum
445 3231 105 59 est
505 3231 195 59 appetitus
655 3231 120 59 illa
731 3231 165 59 melodia
851 3231 255 59 spiritualiter
1061 3231 150 59 alitur
1166 3231 135 59 atque
1257 3231 240 59 confortatur.
1452 3231 90 59 Et
1497 3231 135 59 sicut
1587 3231 195 59 appetitus
1737 3231 210 59 sensitiuus
1888 3231 195 59 sensationem

382 3276 247 78 praerequirit:
586 3276 102 78 sic
644 3276 189 78 appetitus
789 3276 247 78 intellectiuus
992 3276 218 78 intellectus
1166 3276 131 78 actum
1253 3276 218 78 efflagitat,
1427 3276 73 78 &
1456 3276 102 78 eam
1514 3276 87 78 ob
1558 3276 102 78 rem
1616 3276 189 78 appetitus
1761 3276 247 78 intellectiuus
1949 3276 131 78 fertur.
