2351 3596
201 282 226 80 AApientiam
379 282 145 80 autem
475 282 97 80 in
524 282 178 80 artibus
653 282 113 80 &c.
718 282 97 80 In
766 282 113 80 hoc
831 282 162 80 capite
944 282 226 80 sapientiae
1122 282 97 80 ac
1170 282 162 80 vltimi
1283 282 178 80 habitus
1412 282 194 80 veridici
1558 282 242 80 Aristoteles
1735 282 162 80 meminit.

213 353 124 56 ⁋Hic
291 353 171 56 habitus
415 353 109 56 est
478 353 217 56 reliquorum
648 353 124 56 apex
726 353 93 56 in
773 353 109 56 quo
835 353 249 56 foelicitatem
1037 353 140 56 ponit
1130 353 109 56 vt.
1192 353 93 56 x.
1239 353 202 56 Ethicorum
1394 353 155 56 videre
1503 353 155 56 licet.
1611 353 93 56 In
1658 353 186 56 pricipio
1782 353 109 56 meta¬-

211 406 177 50 Cphoricam
348 406 191 50 sapientiam
498 406 177 50 enucleat,
634 406 109 50 quam
703 406 191 50 sapientiam
853 406 96 50 cum
907 406 136 50 addito
1003 406 205 50 appellitat,
1167 406 109 50 quae
1235 406 164 50 verticem
1358 406 82 50 in
1399 406 150 50 aliquam
1508 406 109 50 arte
1576 406 136 50 tenet.
1672 406 136 50 Postea
1767 406 68 50 a
1781 406 109 50 trans¬-

197 445 157 61 latitia
311 445 186 61 sapientia
454 445 86 61 ad
497 445 200 61 sapientiam
654 445 215 61 simpliciter
826 445 157 61 sumptam
941 445 157 61 pergit,
1055 445 100 61 hoc
1112 445 114 61 enim
1184 445 129 61 pacto
1270 445 114 61 ait.
1341 445 200 61 Sapientiam
1498 445 129 61 autem
1584 445 86 61 in
1627 445 157 61 artibus
1727 445 172 61 mechanicis

192 493 101 62 iis
249 493 216 62 attribuimus
422 493 101 62 qui
479 493 86 62 in
522 493 101 62 eis
580 493 115 62 sint
652 493 259 62 absolutissimi.
867 493 158 62 Phidiam
982 493 115 62 enim
1054 493 187 62 sapientem
1198 493 201 62 sculptorem
1356 493 158 62 lapidum
1471 493 173 62 dicimus.
1600 493 101 62 Non
1658 493 101 62 ait
1715 493 101 62 eum
1759 493 129 62 sapien¬-

197 547 100 55 tem
254 547 171 55 dicimus,
382 547 100 55 sed
439 547 185 55 sapientem
581 547 156 55 lapidum
694 547 242 55 effigiatorem.
894 547 114 55 Fuit
965 547 128 55 autem
1050 547 156 55 Phidias
1164 547 199 55 statuarius
1320 547 171 55 celebris
1448 547 171 55 Periclis
1576 547 199 55 studiosus,
1733 547 114 55 quem
1789 547 100 55 Cice¬-

196 597 88 50 ro
240 597 88 50 in
285 597 118 50 prio
358 597 236 50 Tusculanarum
550 597 221 50 quaestionum
727 597 162 50 apprime
845 597 162 50 laudat.
963 597 206 50 Pliniusque
1125 597 88 50 in
1169 597 147 50 variis
1272 597 147 50 locis,
1375 597 74 50 &
1405 597 221 50 Quitilianus
1582 597 118 50 lib.
1655 597 118 50 xii.
1729 597 133 50 dicit
1803 597 88 50 quod

191 645 112 56 erat
261 645 112 56 diis
331 645 112 56 quam
401 645 182 56 hominibus
541 645 210 56 effingendis
708 645 154 56 artifex
820 645 154 56 melior.
932 645 168 56 Sequitur
1058 645 84 56 in
1100 645 112 56 ita.
1170 645 84 56 Et
1212 645 196 56 Polycletum
1366 645 196 56 statuarium
1519 645 140 56 itidem
1617 645 196 56 sapientem.
1757 645 140 56 Lysippus

187 682 137 57 inter
278 682 183 57 pictores
416 682 214 57 celebratus
584 682 92 57 ab
630 682 183 57 operibus
767 682 199 57 Polycleti
920 682 92 57 se
966 682 137 57 artis
1057 682 153 57 arcana
1164 682 199 57 didicisse
1317 682 199 57 asseruit.
1470 682 214 57 Polycletus
1638 682 199 57 sycionius
1775 682 107 57 inter

197 737 172 52 reliquam
326 737 129 52 opera
412 737 115 52 duos
484 737 144 52 pueros
584 737 129 52 nudos
670 737 172 52 ludentes
800 737 144 52 fecit,
900 737 115 52 quim
972 737 115 52 viui
1044 737 72 52 &
1073 737 115 52 pene
1144 737 187 52 spirantes
1288 737 230 52 spectantibus
1475 737 215 52 videbantur.
1647 737 72 52 ⁋
1676 737 172 52 Sequitur
1805 737 86 52 in
1834 737 57 52 li

192 783 126 55 tera.
276 783 84 55 Ac
318 783 154 55 quosdam
430 783 112 55 esse
499 783 182 55 sapientes
639 783 154 55 omnino.
751 783 98 55 Hoc
807 783 98 55 est
863 783 182 55 sapientes
1003 783 224 55 simpliciter,
1184 783 70 55 &
1212 783 98 55 non
1268 783 154 55 aliquam
1380 783 84 55 ex
1422 783 126 55 parte
1506 783 98 55 nec
1562 783 154 55 aliquid
1673 783 126 55 aliud
1757 783 112 55 quam
1813 783 84 55 sapi

202 831 142 48 entes
297 831 237 48 arbitramur.
486 831 95 48 Vt
533 831 95 48 de
581 831 174 48 Mergite
707 831 174 48 Homerus
833 831 142 48 vates
928 831 174 48 cecinit
1054 831 95 48 in
1101 831 142 48 libro
1196 831 110 48 qui
1259 831 189 48 Mergites
1401 831 174 48 dicitur
1527 831 126 48 quod
1606 831 110 48 non
1669 831 158 48 fuerit
1764 831 126 48 fossor

191 877 102 57 nec
250 877 131 57 durus
337 877 160 57 arator.
454 877 102 57 Nec
512 877 87 57 in
556 877 117 57 alia
629 877 160 57 aliquam
745 877 117 57 arte
818 877 160 57 sapiens
935 877 175 57 scilicet
1066 877 204 57 quodammodo
1226 877 189 57 improprie
1372 877 73 57 &
1401 877 131 57 seudm
1489 877 131 57 quid,
1576 877 102 57 sed
1634 877 219 57 simpliciter
1809 877 73 57 &
1824 877 58 57 pr

199 921 119 57 prie
274 921 149 57 munere
378 921 134 57 diuum
467 921 179 57 sapiens.
601 921 104 57 Eam
661 921 89 57 ob
705 921 104 57 rem
765 921 179 57 liquidum
899 921 104 57 est
959 921 209 57 sapientiam
1122 921 119 57 esse
1197 921 223 57 scientiarum
1376 921 253 57 exactissimam.
1584 921 104 57 Non
1644 921 119 57 enim
1718 921 134 57 solum
1793 921 89 57 opor

195 965 101 52 tet
252 965 188 52 sapientem
397 965 116 52 illa
469 965 116 52 quae
542 965 72 52 a
571 965 203 52 principiis
730 965 145 52 manant
831 965 145 52 scire,
932 965 130 52 verum
1019 965 130 52 etiam
1106 965 101 52 eum
1164 965 188 52 principia
1308 965 159 52 callere
1424 965 159 52 necesse
1540 965 116 52 est.
1612 965 116 52 Quas
1684 965 87 52 ob
1728 965 101 52 res
1771 965 116 52 sapien

196 1013 98 51 tia
252 1013 98 51 est
308 1013 210 51 intellectus
476 1013 70 51 &
504 1013 168 51 scientia
630 1013 84 51 ac
671 1013 140 51 veluti
769 1013 126 51 caput
853 1013 140 51 habens
951 1013 294 51 praeciosissimorum
1203 1013 182 51 scientia,
1343 1013 112 51 quia
1413 1013 182 51 diuinorum
1552 1013 252 51 contemplatrix.
1762 1013 112 51 Haec
1818 1013 70 51 est

187 1063 204 49 sapientiae
348 1063 160 49 functio
464 1063 87 49 ex
508 1063 189 49 antelatis
653 1063 189 49 emergens.
799 1063 160 49 Dicebat
915 1063 175 49 oportere
1047 1063 189 49 sapientem
1192 1063 131 49 scire
1279 1063 248 49 conclusiones,
1483 1063 146 49 quarum
1585 1063 102 49 est
1643 1063 189 49 scientia,
1789 1063 73 49 &
1804 1063 87 49 cal¬-

199 1108 118 62 lere
273 1108 89 62 ad
318 1108 148 62 vnguem
421 1108 148 62 secudm
525 1108 163 62 humanae
643 1108 163 62 naturae
761 1108 237 62 fragilitatem
954 1108 207 62 principia,
1117 1108 148 62 quorum
1220 1108 104 62 est
1279 1108 237 62 intellectus,
1472 1108 74 62 &
1501 1108 118 62 ipsa
1575 1108 192 62 principia
1723 1108 74 62 a
1738 1108 148 62 posterio

195 1157 93 53 re
242 1157 202 53 explanare
397 1157 171 53 ingenio
521 1157 264 53 crassioribus.
739 1157 202 53 Principia
894 1157 202 53 specialia
1049 1157 93 53 in
1096 1157 186 53 medicina
1235 1157 78 53 &
1266 1157 93 53 in
1313 1157 140 53 aliis
1406 1157 202 53 scientiis
1561 1157 155 53 suopte
1670 1157 171 53 ingenio
1778 1157 109 53 splen

196 1202 117 63 dide
269 1202 219 63 enucleabit,
445 1202 88 63 vt
489 1202 161 63 myrrham
606 1202 73 63 &
635 1202 146 63 spicam
737 1202 161 63 sistere
854 1202 146 63 fluxum
956 1202 175 63 pituirae
1088 1202 102 63 per
1147 1202 219 63 expientiam.
1322 1202 205 63 Principium
1483 1202 219 63 geometricum
1658 1202 102 63 est
1717 1202 132 63 omnes
1790 1202 102 63 angu¬-

192 1248 109 62 los
255 1248 155 62 rectos
363 1248 124 62 esse
441 1248 186 62 aequales
581 1248 140 62 cuius
674 1248 280 62 intelligentiam
907 1248 249 62 meraphysicus
1109 1248 218 62 delucidat:
1280 1248 140 62 circa
1373 1248 109 62 rem
1435 1248 93 62 in
1482 1248 109 62 coi
1544 1248 171 62 sumptam
1668 1248 186 62 insudat,
1793 1248 93 62 ideo

195 1297 144 53 certis
296 1297 188 53 cancellis
440 1297 115 53 more
512 1297 202 53 caeterarum
671 1297 144 53 artium
772 1297 101 53 non
830 1297 202 53 clauditur,
988 1297 87 53 at
1032 1297 101 53 cum
1089 1297 101 53 res
1147 1297 101 53 sit
1205 1297 202 53 multiplex,
1363 1297 87 53 ea
1407 1297 159 53 ratione
1522 1297 115 53 quam
1594 1297 159 53 numerus
1695 1297 188 53 arithmetico

199 1339 232 60 assignatur.
384 1339 93 60 In
431 1339 170 60 quantum
555 1339 201 60 magnitudo
710 1339 217 60 geometriae
880 1339 248 60 attribuitur,
1081 1339 232 60 arithmetici
1267 1339 108 60 non
1329 1339 108 60 est
1391 1339 186 60 speclari
1531 1339 139 60 circa
1624 1339 248 60 magnitudinem
1810 1339 77 60 nec

199 1391 195 55 geometriae
352 1391 125 55 circa
436 1391 167 55 nunerum,
561 1391 98 55 nam
617 1391 111 55 suis
687 1391 181 55 limitibus
826 1391 209 55 clauduntur,
993 1391 209 55 metaphysice
1160 1391 125 55 autem
1244 1391 125 55 circa
1328 1391 111 55 haec
1397 1391 125 55 omnia
1481 1391 209 55 negociatur.
1648 1391 84 55 An
1690 1391 153 55 nunerus
1801 1391 70 55 a
1815 1391 70 55 re¬-

191 1435 99 63 bus
247 1435 198 63 nuneratis,
403 1435 127 63 totum
488 1435 71 63 a
517 1435 184 63 partibus,
658 1435 170 63 continua
786 1435 184 63 quantitas
927 1435 71 63 a
955 1435 85 63 re
998 1435 142 63 quanta
1097 1435 241 63 distinguatur,
1295 1435 71 63 &
1324 1435 99 63 ita
1380 1435 85 63 de
1423 1435 142 63 aliis,
1522 1435 99 63 vnd
1578 1435 99 63 fit
1635 1435 85 63 vt
1678 1435 142 63 primae
1763 1435 127 63 philoso

199 1487 135 59 phiae
289 1487 181 59 maiestas
425 1487 135 59 atque
515 1487 196 59 amplitudo
665 1487 135 59 circa
756 1487 150 59 primum
861 1487 165 59 motorem
981 1487 90 59 ac
1026 1487 226 59 substantias
1207 1487 196 59 seperatas
1357 1487 181 59 desudat,
1493 1487 90 59 ac
1538 1487 150 59 orbium
1643 1487 135 59 motus
1734 1487 135 59 atque
1809 1487 75 59 con

184 1532 152 54 centus,
295 1532 138 54 quaere
391 1532 111 54 iure
460 1532 193 54 aequissimo
612 1532 97 54 est
668 1532 193 54 caeterarum
820 1532 193 54 facultatum
972 1532 138 54 caput.
1068 1532 138 54 Merito
1165 1532 138 54 igitur
1262 1532 180 54 sapientia
1400 1532 97 54 est
1455 1532 207 54 vtrorumque.
1621 1532 124 54 Sicut
1704 1532 111 54 enim
1773 1532 83 54 se
1800 1532 97 54 haent

201 1578 176 48 sapientia
337 1578 217 48 translatitia
513 1578 81 48 ad
553 1578 122 48 illam
635 1578 122 48 artem
716 1578 122 48 cuius
797 1578 149 48 dicitur
905 1578 189 48 sapientia,
1054 1578 95 48 sic
1108 1578 81 48 se
1149 1578 108 48 habs
1216 1578 176 48 sapientia
1352 1578 176 48 simpliter
1487 1578 122 48 dicta
1568 1578 162 48 respectu
1690 1578 189 48 cuiussibet
1825 1578 68 48 sci

190 1627 160 55 entiae.
307 1627 87 55 Ac
351 1627 189 55 sapientia
496 1627 248 55 silitudinaria
700 1627 204 55 collatione
860 1627 175 55 propriae
991 1627 131 55 artis
1079 1627 102 55 est
1137 1627 233 55 exactissima.
1326 1627 160 55 Proinde
1443 1627 189 55 sapientia
1588 1627 204 55 simpiciter
1748 1627 131 55 dicta
1821 1627 73 55 est

185 1671 135 61 omnim
275 1671 224 61 scientiarum
454 1671 254 61 accuratissima
664 1671 135 61 atque
754 1671 299 61 excellentissima,
1008 1671 150 61 summum
1113 1671 135 61 locum
1203 1671 135 61 inter
1292 1671 195 61 veridicos
1442 1671 165 61 habitus
1562 1671 120 61 sibi
1637 1671 210 61 vendicans.
1801 1671 75 61 ⁋
1816 1671 75 61 Se¬-

202 1719 139 59 quitur
300 1719 84 59 in
342 1719 153 59 litera.
453 1719 209 59 Perabsurdum
621 1719 98 59 est
676 1719 126 59 autem
760 1719 98 59 &c.
816 1719 98 59 Hic
872 1719 139 59 elidit
969 1719 153 59 errorem
1081 1719 181 59 aliquorum
1220 1719 209 59 asserentium
1388 1719 181 59 politicam
1527 1719 98 59 qua
1583 1719 153 59 ciuitas
1695 1719 167 59 regitur,
1806 1719 70 59 vel

193 1769 200 56 prudentiam
350 1769 114 56 quam
422 1769 114 56 homo
493 1769 157 56 regitur
608 1769 114 56 esse
679 1769 157 56 habitus
794 1769 229 56 celsissimos.
980 1769 86 56 Et
1023 1769 172 56 bifariam
1151 1769 86 56 id
1194 1769 186 56 refellit.
1337 1769 86 56 In
1380 1769 143 56 primis
1480 1769 100 56 per
1538 1769 215 56 hypoteticum
1695 1769 186 56 syllogismum

189 1821 113 44 sic.
259 1821 85 44 Si
302 1821 113 44 homo
372 1821 99 44 non
429 1821 99 44 est
485 1821 282 44 praestantissimum
725 1821 127 44 eorum
809 1821 113 44 quae
880 1821 113 44 sunt
950 1821 85 44 in
993 1821 141 44 mundo,
1091 1821 99 44 nec
1148 1821 169 44 politica
1275 1821 99 44 nec
1331 1821 183 44 prudentia
1472 1821 127 44 inter
1557 1821 240 44 itellectuales
1740 1821 141 44 virtutes

202 1859 90 48 est
254 1859 142 48 optima,
357 1859 77 48 at
396 1859 103 48 homo
460 1859 90 48 non
512 1859 90 48 est
563 1859 258 48 praestantissimus
783 1859 142 48 illorum
886 1859 103 48 quae
950 1859 103 48 sunt
1015 1859 77 48 in
1053 1859 168 48 vniuerso.
1182 1859 116 48 Maior
1260 1859 90 48 est
1311 1859 142 48 liquida
1415 1859 90 48 per
1466 1859 77 48 id
1505 1859 103 48 quod
1569 1859 90 48 tam
1621 1859 168 48 prudentia
1750 1859 103 48 quam
1802 1859 77 48 poli

200 1906 135 59 tica,
290 1906 135 59 circa
380 1906 165 59 hominem
499 1906 195 59 versatur.
649 1906 210 59 Oeconomica
814 1906 165 59 hominem
933 1906 135 59 docet
1023 1906 105 59 rem
1083 1906 210 59 familiarem
1248 1906 210 59 gubernare.
1412 1906 180 59 Politica
1547 1906 165 59 quaenam
1667 1906 105 59 via
1726 1906 90 59 in
1756 1906 135 59 politia

201 1948 125 55 vitam
285 1948 195 55 transigat.
438 1948 125 55 Minor
521 1948 139 55 patet:
619 1948 111 55 quia
688 1948 153 55 corpora
800 1948 181 55 coelestia
939 1948 111 55 suos
1008 1948 153 55 motores
1120 1948 209 55 includentes
1287 1948 139 55 homini
1384 1948 195 55 praestant,
1537 1948 97 55 sic
1593 1948 111 55 deus
1662 1948 125 55 omnim
1746 1948 125 55 rerum
1815 1948 70 55 mo¬-

201 1998 138 52 derator
302 1998 88 52 qui
352 1998 63 52 a
377 1998 138 52 perenni
477 1998 100 52 motu
539 1998 213 52 praehenditur.
714 1998 150 52 Antequam
827 1998 100 52 seda
889 1998 113 52 ratio
964 1998 75 52 ad
1002 1998 125 52 eandem
1090 1998 200 52 conclusionem
1252 1998 175 52 fulciendam
1390 1998 163 52 probetur,
1515 1998 125 52 pnosse
1602 1998 100 52 oper
1665 1998 100 52 quod
1727 1998 138 52 quaedam
1815 1998 75 52 sunt

192 2055 156 51 quorum
302 2055 172 51 bonitas
427 2055 172 51 dicitur
552 2055 94 51 in
599 2055 219 51 habitudine
771 2055 94 51 ad
818 2055 188 51 aliquid,
959 2055 94 51 vt
1006 2055 172 51 bonitas
1131 2055 188 51 sanitas.
1272 2055 172 51 Oceanus
1397 2055 78 51 &
1428 2055 125 51 riui
1507 2055 125 51 sunt
1585 2055 172 51 piscium
1710 2055 156 51 optime
1804 2055 78 51 nu¬-

184 2089 166 56 tritiui,
309 2089 180 56 hominibus
447 2089 180 56 letiferi,
586 2089 97 56 sic
641 2089 83 56 de
683 2089 180 56 bonitate,
821 2089 83 56 in
863 2089 194 56 hominibus,
1015 2089 194 56 defaecatos
1167 2089 194 56 exquirimus
1319 2089 125 56 mores
1402 2089 83 56 ad
1444 2089 97 56 hoc
1499 2089 83 56 vt
1541 2089 111 56 boni
1610 2089 180 56 dicantur,
1749 2089 125 56 talem
1818 2089 69 56 bo¬-

190 2138 161 60 nitatem
307 2138 88 60 in
351 2138 175 60 piscibus
483 2138 117 60 haud
556 2138 219 60 exploramus.
731 2138 117 60 Sunt
804 2138 117 60 enim
877 2138 161 60 belluae
994 2138 131 60 omnes
1082 2138 131 60 morum
1169 2138 205 60 incapaces.
1330 2138 117 60 Alia
1403 2138 117 60 sunt
1476 2138 88 60 in
1520 2138 161 60 omnibus
1637 2138 190 60 subiectis
1768 2138 117 60 vnifor

191 2192 94 54 mia
244 2192 81 54 ac
285 2192 242 54 indifferentia,
487 2192 81 54 vt
527 2192 121 54 album
608 2192 81 54 in
649 2192 202 54 corporibus,
810 2192 175 54 hominibus
945 2192 67 54 &
972 2192 162 54 caeteris
1093 2192 175 54 aiantibus
1228 2192 121 54 atque
1309 2192 148 54 omnibus
1416 2192 135 54 mixtis
1511 2192 202 54 aequamliter
1672 2192 202 54 conveniens,
1821 2192 67 54 sic

195 2232 129 54 rectum
285 2232 77 54 in
324 2232 154 54 figuris.
439 2232 103 54 Ista
504 2232 103 54 sunt
568 2232 116 54 eadem
645 2232 77 54 ac
684 2232 141 54 eiusdem
786 2232 154 54 rationis
902 2232 116 54 inter
979 2232 116 54 omnes
1056 2232 116 54 sicut
1134 2232 116 54 album
1211 2232 90 54 est
1262 2232 141 54 eiusdem
1365 2232 154 54 rationis
1481 2232 116 54 inter
1558 2232 141 54 homines
1661 2232 129 54 equos,
1738 2232 154 54 piscesque.

188 2280 95 52 sic
243 2280 203 52 conditiones
405 2280 136 52 entium
500 2280 95 52 per
555 2280 203 52 vniuersalem
717 2280 190 52 sapientiam
866 2280 217 52 consideratae
1043 2280 108 52 sunt
1111 2280 149 52 eiusdem
1219 2280 163 52 rationis
1341 2280 81 52 in
1382 2280 149 52 omnibus
1490 2280 136 52 rebus.
1585 2280 136 52 Vtpote
1680 2280 108 52 esse
1748 2280 136 52 causam
1829 2280 68 52 vel

188 2328 183 53 causatum,
329 2328 127 53 prius
413 2328 225 53 posteriusve,
596 2328 113 53 actu
667 2328 99 53 vel
723 2328 183 53 potentia,
864 2328 211 53 necessarium
1033 2328 99 53 vel
1089 2328 197 53 contingens
1244 2328 183 53 absolutum
1385 2328 127 53 atque
1470 2328 225 53 respectiuum,
1653 2328 70 53 &
1681 2328 99 53 ita
1737 2328 85 53 de
1765 2328 127 53 caeteri

203 2376 81 56 id
244 2376 136 56 genus,
339 2376 95 56 rei
393 2376 81 56 in
434 2376 353 56 communiconvenientibus.
746 2376 81 56 Et
787 2376 108 56 quia
854 2376 108 56 hanc
922 2376 108 56 itam
990 2376 163 56 nonnulli
1112 2376 190 56 scabriorem
1261 2376 203 56 arbitrantur
1424 2376 95 56 duo
1478 2376 149 56 restant
1587 2376 68 56 a
1614 2376 122 56 nobis
1695 2376 176 56 facienda.
1817 2376 68 56 Pri

200 2421 85 50 mo
242 2421 185 50 contextus
385 2421 114 50 Irae
456 2421 100 50 est
513 2421 214 50 ordinandus,
684 2421 114 50 sedo
755 2421 128 50 ratio
840 2421 114 50 Irae
912 2421 214 50 explanatiua
1082 2421 199 50 adducetur,
1239 2421 71 50 &
1268 2421 100 50 sic
1325 2421 128 50 nihil
1410 2421 214 50 indiscussum
1581 2421 128 50 etiam
1666 2421 228 50 crassioribus
1837 2421 57 50 re

195 2470 197 56 linquantur.
352 2470 118 56 Dicas
431 2470 131 56 itaque
523 2470 105 56 sic.
588 2470 144 56 Sanitas
693 2470 79 56 ac
732 2470 144 56 bonitas
837 2470 92 56 est
890 2470 157 56 alterius
1008 2470 157 56 rationis
1126 2470 79 56 in
1165 2470 170 56 hominibus
1296 2470 118 56 atque
1375 2470 170 56 piscibus,
1506 2470 118 56 album
1585 2470 118 56 autem
1663 2470 66 56 &
1689 2470 131 56 rectum
1768 2470 105 56 semper

198 2511 95 59 est
252 2511 122 59 idem.
333 2511 95 59 Hoc
387 2511 95 59 est
441 2511 149 59 eiusdem
549 2511 176 59 rationis,
684 2511 122 59 omnes
764 2511 162 59 dixerunt
886 2511 149 59 sapiens
994 2511 108 59 idem
1062 2511 95 59 hoc
1116 2511 95 59 est
1170 2511 176 59 sapientia
1305 2511 95 59 non
1359 2511 122 59 habet
1440 2511 95 59 eam
1494 2511 230 59 discrepantiam
1683 2511 108 59 quam
1737 2511 149 59 prudentia

189 2560 138 49 habet.
286 2560 96 49 Sed
341 2560 110 49 homo
410 2560 69 49 &
437 2560 151 49 belluae
547 2560 83 49 in
589 2560 151 49 ratione
699 2560 151 49 causati
809 2560 83 49 ac
850 2560 234 49 contingentiae
1043 2560 110 49 haud
1112 2560 207 49 discrepant,
1277 2560 96 49 nec
1332 2560 83 49 in
1373 2560 193 49 rationibus
1525 2560 124 49 entis
1608 2560 83 49 in
1649 2560 151 49 communi
1745 2560 138 49 conside¬-

205 2607 138 50 rati.
297 2607 92 50 Et
343 2607 185 50 dixerunt
481 2607 169 50 prudens
604 2607 123 50 esse
681 2607 200 50 diuersum,
835 2607 169 50 quinimo
958 2607 92 50 in
1004 2607 200 50 prudentia
1158 2607 185 50 habitudo
1297 2607 185 50 subiecti
1435 2607 92 50 ac
1481 2607 169 50 negocii
1604 2607 108 50 est
1650 2607 231 50 consideranda.

196 2655 169 55 Dixerunt
323 2655 85 55 id
365 2655 113 55 esse
435 2655 155 55 prudens
548 2655 113 55 quod
619 2655 169 55 percipit
746 2655 155 55 singula
858 2655 70 55 &
886 2655 113 55 quod
957 2655 113 55 suum
1027 2655 127 55 bonum
1112 2655 113 55 est.
1182 2655 113 55 Nemo
1253 2655 99 55 (vt
1309 2655 197 55 adagialitr
1464 2655 169 55 produnt)
1591 2655 99 55 est
1648 2655 113 55 sibi
1718 2655 155 55 secuns.
1817 2655 56 55 Et

192 2704 208 54 commiserunt
359 2704 139 54 homini
456 2704 139 54 seipsa
553 2704 153 54 singula
664 2704 208 54 gubernanda,
831 2704 167 54 quocirca
956 2704 236 54 transtatitiam
1151 2704 194 54 prudentiam
1303 2704 125 54 mutis
1387 2704 167 54 aialibus
1512 2704 208 54 attribuunt,
1679 2704 83 54 eo
1720 2704 111 54 quod
1776 2704 97 54 illis

191 2743 147 59 insita
294 2743 103 59 est
353 2743 147 59 natura
456 2743 118 59 sibi
529 2743 221 59 prouidendi.
706 2743 103 59 Hoc
765 2743 162 59 cernere
882 2743 132 59 licet
970 2743 88 59 in
1015 2743 147 59 apibus
1118 2743 191 59 formicis,
1265 2743 176 59 araneis,
1397 2743 176 59 vulpibus
1529 2743 88 59 ac
1573 2743 176 59 silibus.
1706 2743 147 59 Sicque
1794 2743 88 59 for¬-

191 2796 129 57 matur
277 2796 143 57 ratio.
377 2796 114 57 Illi
448 2796 157 57 habitus
563 2796 129 57 inter
649 2796 86 57 se
691 2796 215 57 discrepant,
863 2796 143 57 quorum
963 2796 129 57 alter
1049 2796 157 57 insudat
1164 2796 129 57 circa
1249 2796 86 57 ea
1292 2796 114 57 quae
1364 2796 114 57 sunt
1435 2796 129 57 eadem
1521 2796 200 57 apudomnes,
1679 2796 129 57 alter
1765 2796 114 57 vero
1822 2796 57 57 va

190 2844 96 48 tio
245 2844 109 48 modo
313 2844 82 48 se
354 2844 137 48 habet.
450 2844 82 48 At
491 2844 178 48 sapientia
627 2844 137 48 inhiat
723 2844 123 48 circa
805 2844 109 48 illa
873 2844 109 48 quae
941 2844 109 48 sunt
1010 2844 123 48 eadem
1092 2844 109 48 apud
1160 2844 137 48 omnes,
1255 2844 96 48 non
1310 2844 123 48 autem
1392 2844 191 48 prudentia:
1542 2844 137 48 igitur
1638 2844 178 48 sapientia
1774 2844 68 48 a
1788 2844 82 48 pru¬-

198 2890 136 63 dentia
294 2890 218 63 dispescitur.
471 2890 123 63 Minor
552 2890 163 63 oneditur
675 2890 95 63 sic
729 2890 123 63 Album
811 2890 68 63 &
838 2890 136 63 rectum
934 2890 95 63 qui
988 2890 136 63 natura
1083 2890 163 63 constant
1206 2890 136 63 quorum
1301 2890 163 63 cognitio
1424 2890 95 63 est
1478 2890 123 63 eadem
1560 2890 68 63 &
1587 2890 109 63 scia
1655 2890 95 63 est
1710 2890 82 63 de
1750 2890 95 63 his
1791 2890 82 63 quae

193 2936 150 51 semper
298 2936 135 51 eodem
388 2936 150 51 tenore
493 2936 225 51 persistunt,
672 2936 150 51 itaque
777 2936 135 51 multo
867 2936 135 51 magis
957 2936 210 51 sapientia.
1122 2936 150 51 Humana
1227 2936 120 51 bona
1302 2936 135 51 circa
1392 2936 120 51 quae
1467 2936 195 51 prudentia
1616 2936 195 51 inuigilat
1751 2936 135 51 plurifa

191 2984 114 48 riam
262 2984 114 48 sunt
334 2984 214 48 variabilia,
505 2984 71 48 &
533 2984 129 48 eadem
619 2984 100 48 est
676 2984 129 48 ratio
762 2984 86 48 de
805 2984 186 48 medicina,
948 2984 114 48 quae
1019 2984 129 48 omnim
1105 2984 143 48 nequit
1205 2984 114 48 esse
1276 2984 114 48 vna.
1348 2984 143 48 itaque
1448 2984 143 48 variis
1548 2984 143 48 variae
1647 2984 114 48 sunt
1705 2984 171 48 bonitates:

188 3031 87 53 at
231 3031 115 53 illa
303 3031 144 53 virtus
404 3031 115 53 quae
476 3031 101 53 est
534 3031 202 53 caeterarum
693 3031 144 53 vertex
794 3031 72 53 &
823 3031 130 53 caput
909 3031 101 53 est
967 3031 130 53 bonum
1053 3031 173 53 respectu
1183 3031 144 53 omnim,
1284 3031 159 53 proinde
1400 3031 188 53 prudentia
1544 3031 72 53 &
1573 3031 159 53 ciuilis
1688 3031 173 53 facultas
1804 3031 72 53 est

189 3081 127 58 inter
274 3081 240 58 intellectiuas
472 3081 170 58 virtutes
599 3081 283 58 praestantissima.
839 3081 113 58 Post
910 3081 113 58 haec
980 3081 155 58 quandam
1093 3081 240 58 cauillationem
1291 3081 184 58 excludit,
1433 3081 113 58 quam
1503 3081 170 58 nonnulli
1631 3081 141 58 dicunt
1715 3081 170 58 sapientiam

194 3129 108 54 esse
262 3129 108 54 idem
330 3129 95 54 cum
384 3129 176 54 prudentia
519 3129 68 54 &
546 3129 176 54 facultate
682 3129 149 54 ciuili,
790 3129 108 54 quia
858 3129 176 54 sapientia
993 3129 95 54 est
1047 3129 284 54 praestabilissimus
1291 3129 149 54 habitus
1399 3129 135 54 omnim,
1494 3129 108 54 silt
1561 3129 189 54 prudentia,
1710 3129 108 54 quia
1778 3129 108 54 homo
1832 3129 54 54 en

194 3172 271 61 praestantissimum
425 3172 190 61 animalium,
574 3172 136 61 itaque
669 3172 163 61 facultas
791 3172 108 61 quae
859 3172 108 61 erit
927 3172 122 61 circa
1008 3172 149 61 hominem
1117 3172 108 61 erit
1184 3172 122 61 omnim
1266 3172 163 61 suprema,
1388 3172 136 61 itaque
1483 3172 108 61 erit
1551 3172 108 61 idem
1618 3172 95 61 cum
1673 3172 190 61 sapientia.
1808 3172 68 61 Hoc

187 3224 165 59 euacuat
307 3224 195 59 inquiens,
457 3224 165 59 tametsi
577 3224 120 59 homo
652 3224 105 59 sit
712 3224 120 59 apex
787 3224 180 59 aialium,
922 3224 120 59 quae
997 3224 120 59 sunt
1072 3224 90 59 in
1117 3224 105 59 hoc
1177 3224 150 59 mundo,
1282 3224 165 59 attamen
1402 3224 90 59 in
1447 3224 180 59 vniuerso
1582 3224 120 59 sunt
1657 3224 105 59 res
1702 3224 180 59 praestabi¬-

191 3268 138 73 liores
288 3268 83 73 vt
329 3268 124 73 antea
412 3268 124 73 onsum
494 3268 96 73 est
550 3268 83 73 de
591 3268 207 73 substantiis
756 3268 193 73 seperatis.
908 3268 83 73 Et
949 3268 83 73 in
991 3268 124 73 fine,
1073 3268 83 73 vt
1115 3268 221 73 manifestiora
1294 3268 110 73 sunt
1363 3268 124 73 omnia
1446 3268 193 73 finitionem
1597 3268 193 73 sapientiae
1735 3268 138 73 repetit.
