2332 3593
188 264 121 81 autur
268 264 94 81 est
322 264 121 81 circa
403 264 148 81 singula
511 264 81 81 in
551 264 81 81 re
591 264 148 81 publica
699 264 162 81 gerenda,
820 264 67 81 &
847 264 108 81 illi
914 264 94 81 non
968 264 94 81 est
1022 264 121 81 nomem
1103 264 162 81 speciale
1224 264 162 81 inditum:
1345 264 81 81 at
1385 264 94 81 cum
1439 264 135 81 nomine
1534 264 135 81 vacet,
1628 264 121 81 gnali
1695 264 175 81 appellatio¬-

176 335 95 73 ne
224 335 206 73 gaudebit,
382 335 222 73 ciuilisque
556 335 269 73 appellabitur.
778 335 95 73 Et
825 335 158 73 rursus
936 335 174 73 ciuilis
1063 335 95 73 in
1110 335 269 73 deliberatiuam
1332 335 95 73 ac
1379 335 222 73 iudicialem
1554 335 222 73 diuiditur.
1728 335 142 73 Patet
1823 335 95 73 in

190 385 189 56 litera.
327 385 103 56 At
379 385 120 56 qui
447 385 172 56 sciunt
567 385 120 56 ea.
636 385 137 56 Nunc
722 385 206 56 placitum
876 385 154 56 vulgi
979 385 189 56 affert,
1117 385 172 56 vulgus
1237 385 154 56 autem
1340 385 189 56 hominum
1477 385 120 56 eos
1546 385 223 56 prudentes
1700 385 172 56 autumat,

192 434 118 47 qui
260 434 135 47 suis
344 434 203 47 commodis
496 434 203 47 student,
648 434 186 47 aliorum
783 434 236 47 neglectis,
969 434 152 47 alios
1070 434 253 47 reipublicae
1272 434 203 47 vacantes
1424 434 236 47 negociosos
1610 434 253 47 denominant.
1812 434 101 47 Ad

192 481 120 54 hoc
260 481 257 54 autoritatem
466 481 223 54 Euripidis
638 481 172 54 poetae
758 481 275 54 consentaneam
981 481 172 54 citat.
1102 481 137 54 Erat
1187 481 172 54 quidam
1308 481 154 54 miles
1411 481 189 54 quondam
1548 481 240 54 graegarius
1737 481 120 54 qui
1788 481 86 54 sub

179 532 166 54 quodam
296 532 133 54 rege
379 532 216 54 stipendia
545 532 199 54 merebat,
694 532 166 54 sortem
811 532 150 54 inter
910 532 150 54 alios
1010 532 216 54 diuidens,
1176 532 166 54 postea
1293 532 150 54 autem
1392 532 100 54 in
1442 532 199 54 exercitu
1592 532 266 54 constitutus,
1791 532 83 54 Cen

180 575 149 52 turio
280 575 83 52 &
313 575 249 52 autoritatem
512 575 166 52 habens
629 575 183 52 talitur
762 575 266 52 conqueritur.
977 575 116 52 Qui
1044 575 116 52 hoc
1110 575 116 52 est
1177 575 183 52 quomodo
1309 575 183 52 prudens
1442 575 133 52 sum,
1525 575 116 52 cui
1592 575 183 52 licebat
1725 575 133 52 olim
1808 575 100 52 in

182 615 118 61 ter
249 615 185 61 milites
384 615 151 61 citra
485 615 202 61 negocium
637 615 185 61 viuere,
771 615 84 61 &
805 615 101 61 ex
855 615 185 61 cunctis
990 615 202 61 manubiis
1141 615 168 61 aequam
1259 615 219 61 portionem
1427 615 135 61 sine
1512 615 269 61 solicitudine
1714 615 151 61 habere,

185 662 132 57 quam
267 662 132 57 tunc
349 662 148 57 multa
448 662 280 57 sollicitudine
678 662 115 57 vix
744 662 231 57 obtinebat.
925 662 165 57 ltaque
1041 662 99 57 se
1090 662 148 57 minus
1189 662 214 57 prudentem
1354 662 214 57 censebat,
1518 662 132 57 quod
1601 662 99 57 ex
1650 662 214 57 dignitate
1798 662 66 57 cu

178 709 120 54 ram
246 709 120 54 non
315 709 137 54 bona
401 709 171 54 auxit.
521 709 189 54 plebeii
658 709 189 54 hominum
795 709 171 54 faeces
915 709 257 54 expiscantur
1121 709 154 54 illud
1224 709 137 54 quod
1309 709 189 54 videtur
1447 709 137 54 sibi
1532 709 154 54 ipsis
1635 709 171 54 bonum,
1755 709 86 54 &
1772 709 86 54 dum

189 762 132 55 pro
264 762 132 55 suo
340 762 263 55 emolumento
546 762 244 55 insudant,
734 762 132 55 hoc
809 762 169 55 solum
922 762 207 55 agendum
1073 762 207 55 putant.
1223 762 113 55 Ex
1279 762 132 55 hoc
1355 762 207 55 delitio
1505 762 113 55 id
1561 762 226 55 placitum
1712 762 150 55 emana¬-

183 808 130 53 uit.
264 808 114 53 Hoc
329 808 195 53 insulsum
476 808 212 53 paradoxum
639 808 179 53 illudit
769 808 244 53 philosophus
964 808 212 53 inquiens.
1127 808 98 53 Ea
1176 808 179 53 positio
1306 808 98 53 si
1355 808 228 53 intelligat
1534 808 130 53 sine
1616 808 114 53 rei
1665 808 195 53 familiaris

186 850 97 52 ac
234 850 177 52 ciuilis
363 850 258 52 gubernatione
572 850 193 52 fortasse
717 850 113 52 non
782 850 113 52 est
846 850 145 52 vera.
943 850 113 52 Hic
1007 850 193 52 fortasse
1152 850 113 52 non
1217 850 113 52 est
1281 850 209 52 aduerbium
1442 850 225 52 dubitandi,
1619 850 145 52 sicut
1716 850 113 52 nec
1764 850 97 52 for¬-

181 902 95 53 te
229 902 126 53 eius
308 902 221 53 synonymum,
481 902 95 53 vt
529 902 142 53 supra
623 902 189 53 exposui.
765 902 189 53 Charitas
908 902 142 53 autem
1002 902 111 53 non
1065 902 174 53 quaerit
1192 902 126 53 quae
1271 902 111 53 sua
1334 902 142 53 sunt.
1429 902 95 53 i.
1476 902 95 53 ad
1523 902 237 53 Corinthios.
1713 902 142 53 xiii.
1792 902 63 53 Et

182 943 130 57 quis
263 943 146 57 putas
360 943 114 57 est
425 943 178 57 fidelis
555 943 162 57 seruus
668 943 81 57 &
701 943 195 57 prudens,
847 943 130 57 quem
928 943 227 57 constituit
1106 943 178 57 dominus
1236 943 146 57 super
1333 943 195 57 familiam
1479 943 130 57 suam
1560 943 211 57 Matthaei.
1706 943 146 57 xxiiii.

185 989 104 64 Et
237 989 174 64 Cicero
359 989 157 64 primo
463 989 261 64 officiorum.
672 989 122 64 Non
741 989 209 64 (inquit)
898 989 157 64 nobis
1002 989 157 64 solis
1107 989 139 64 nati
1194 989 174 64 sumus,
1316 989 122 64 sed
1385 989 174 64 partem
1507 989 157 64 ortus
1611 989 174 64 nostri
1716 989 139 64 patria

178 1035 132 60 sibi
261 1035 215 60 vendicat,
426 1035 165 60 partem
542 1035 165 60 amici.
658 1035 198 60 Interdum
806 1035 116 60 est
873 1035 231 60 praeceptio
1054 1035 132 60 onus
1137 1035 149 60 alios
1236 1035 182 60 regendi
1368 1035 182 60 subire.
1500 1035 198 60 Interdum
1649 1035 116 60 est
1699 1035 165 60 consilii

192 1083 147 54 opus.
290 1083 196 54 Interdum
436 1083 179 54 inflati
567 1083 131 54 sese
649 1083 98 54 vt
698 1083 196 54 praesint
844 1083 114 54 non
910 1083 98 54 vt
959 1083 179 54 prosint
1089 1083 212 54 ingerunt.
1252 1083 179 54 Alienum
1383 1083 114 54 est
1448 1083 228 54 nonnumquam
1628 1083 179 54 alienos
1742 1083 114 54 agros

192 1130 125 60 meis
270 1130 234 60 sitientibus
458 1130 203 60 irrigare.
614 1130 203 60 Praeterea
770 1130 109 60 non
833 1130 109 60 est
895 1130 219 60 manifestum
1067 1130 187 60 quinimmo
1208 1130 109 60 est
1270 1130 187 60 obscurum
1411 1130 94 60 ac
1458 1130 172 60 cognitu
1583 1130 203 60 difficile
1723 1130 141 60 quomodo

178 1182 174 52 cuilibet
309 1182 102 52 sit
367 1182 102 52 sua
425 1182 102 52 res
483 1182 261 52 administranda,
701 1182 116 52 nisi
774 1182 87 52 in
817 1182 87 52 re
861 1182 189 52 familiari
1006 1182 87 52 ac
1049 1182 145 52 ciuili
1151 1182 174 52 versatus
1281 1182 160 52 fuerit.
1398 1182 174 52 Postquam
1528 1182 116 52 homo
1601 1182 102 52 est
1659 1182 116 52 aial
1717 1182 145 52 sociale.

182 1222 111 54 Hoc
246 1222 158 54 quodam
356 1222 174 54 indicio
483 1222 190 54 roborat.
626 1222 174 54 luuenes
753 1222 174 54 florida
879 1222 158 54 aetate
990 1222 222 54 geometrae,
1165 1222 254 54 mathematici,
1371 1222 95 54 ac
1418 1222 206 54 sapientes
1577 1222 95 54 in
1624 1222 174 54 talibus
1735 1222 127 54 fiunt.

185 1267 99 52 Non
241 1267 127 52 dicit
326 1267 212 52 simpliciter
496 1267 198 52 sapientes,
651 1267 99 52 sed
708 1267 99 52 cum
764 1267 99 52 hoc
821 1267 155 52 annexo,
934 1267 85 52 in
976 1267 170 52 talibus.
1103 1267 198 52 Prudentiae
1259 1267 113 52 vero
1329 1267 113 52 sunt
1400 1267 170 52 exortes,
1527 1267 71 52 &
1555 1267 85 52 id
1598 1267 141 52 causae
1697 1267 113 52 est,
1753 1267 99 52 quama

186 1316 208 56 singularium
353 1316 125 56 rerum
436 1316 97 56 est
492 1316 195 56 prudentia,
645 1316 111 56 quae
714 1316 181 56 expimento
853 1316 236 56 cognoscuntur,
1048 1316 153 56 iuuenis
1159 1316 125 56 autem
1242 1316 83 56 in
1284 1316 139 56 viridi
1381 1316 139 56 aetate
1479 1316 97 56 est
1534 1316 195 56 expientiae
1687 1316 153 56 imunis,
1785 1316 69 56 tem

184 1362 131 55 poris
272 1362 205 55 prolixitas
433 1362 234 55 experientiam
623 1362 190 55 procreat.
769 1362 117 55 Vaeh
842 1362 175 55 patriae,
973 1362 131 55 cuius
1061 1362 102 55 rex
1119 1362 117 55 mane
1193 1362 175 55 comedit,
1324 1362 146 55 inquit
1426 1362 175 55 sapiens.
1558 1362 88 55 At
1602 1362 88 55 in
1645 1362 102 55 hoc
1704 1362 102 55 non
1748 1362 102 55 insul

186 1402 92 65 se
232 1402 184 65 quispiam
370 1402 245 65 dubitauerit,
569 1402 123 65 quas
646 1402 92 65 ob
692 1402 107 65 res
753 1402 123 65 puer
830 1402 245 65 mathematicus
1030 1402 169 65 euadit,
1152 1402 107 65 non
1214 1402 138 65 autem
1306 1402 169 65 sapiens
1428 1402 245 65 naturalisve.
1628 1402 107 65 Hoc
1689 1402 153 65 diluit
1781 1402 77 65 in¬-

179 1464 180 49 quiens,
309 1464 245 49 mathematica
506 1464 245 49 experientia
702 1464 131 49 haud
783 1464 196 49 indiget,
930 1464 131 49 quia
1012 1464 131 49 eius
1094 1464 212 49 principia
1257 1464 131 49 sunt
1339 1464 278 49 diffinitiones
1568 1464 147 49 rerum
1666 1464 131 49 quae
1748 1464 82 49 a
1780 1464 114 49 sin

179 1501 227 59 gularibus
353 1501 297 59 abstrahuntur,
598 1501 122 59 per
668 1501 297 59 imaginationem
913 1501 297 59 exhauriuntur.
1158 1501 227 59 Sapientia
1332 1501 140 59 vero
1420 1501 105 59 ac
1472 1501 227 59 naturalis
1630 1501 227 59 philosophia

186 1556 84 49 a
220 1556 185 49 notitia
354 1556 252 49 singularium
556 1556 84 49 &
589 1556 252 49 experientia
791 1556 269 49 innotescunt,
1009 1556 151 49 sensu
1110 1556 101 49 ac
1160 1556 235 49 inductione
1345 1556 168 49 egent.
1463 1556 252 49 Mathematica
1664 1556 151 49 etiam
1748 1556 101 49 sunt

177 1596 96 57 in
225 1596 145 57 primo
322 1596 145 57 gradu
418 1596 257 57 certitudinis
627 1596 161 57 suaque
740 1596 209 57 euidentia
900 1596 209 57 iuuenibus
1061 1596 129 57 sunt
1142 1596 177 57 paruia.
1270 1596 177 57 Frigide
1399 1596 145 57 atque
1495 1596 161 57 ieiune
1608 1596 225 57 principiis
1769 1596 80 57 phy

183 1638 154 53 sicis
285 1638 85 53 &
320 1638 239 53 sapientiae
507 1638 205 53 credunt,
661 1638 222 53 imitantur
832 1638 154 53 tamen
935 1638 273 53 praeceptores
1157 1638 85 53 &
1191 1638 137 53 more
1276 1638 188 53 picarum
1413 1638 102 53 ac
1464 1638 256 53 psittacorum
1669 1638 102 53 ab
1720 1638 120 53 eis
1772 1638 85 53 au¬-

186 1686 128 58 dita
266 1686 257 58 pronunciant.
475 1686 80 58 ⁋
507 1686 193 58 Sequitur
652 1686 96 58 in
700 1686 177 58 litera.
828 1686 193 58 Peccatum
973 1686 112 58 fit
1037 1686 96 58 in
1085 1686 241 58 consulendo.
1278 1686 177 58 Prudens
1406 1686 128 58 scit
1487 1686 112 58 tam
1551 1686 96 58 in
1599 1686 225 58 vniuersali
1760 1686 80 58 qua

176 1730 98 64 in
225 1730 212 64 singulari
388 1730 147 64 recte
485 1730 228 64 consulere.
665 1730 179 64 Proinde
795 1730 179 64 oportet
926 1730 114 64 eum
991 1730 147 64 scire
1089 1730 98 64 ea
1138 1730 130 64 quae
1219 1730 114 64 tam
1284 1730 147 64 vitam
1382 1730 228 64 familiarem
1562 1730 130 64 quam
1643 1730 179 64 ciuilem
1757 1730 98 64 con¬-

184 1785 207 51 cernunt.
339 1785 103 51 De
390 1785 189 51 vtraque
528 1785 258 51 ignoratione
734 1785 189 51 exempla
872 1785 189 51 affert.
1010 1785 155 51 Omnes
1113 1785 155 51 aquas
1216 1785 241 51 ponderosas
1406 1785 207 51 ignorare
1560 1785 189 51 potest,
1698 1785 120 51 aut
1750 1785 103 51 hanc

179 1826 156 57 aquam
283 1826 139 57 esse
369 1826 260 57 ponderosam.
578 1826 87 57 ⁋
612 1826 208 57 Sequitur
768 1826 243 57 prudentiam
959 1826 121 57 non
1029 1826 139 57 esse
1115 1826 243 57 scientiam,
1306 1826 121 57 hoc
1375 1826 156 57 pacto
1479 1826 191 57 liquet.
1618 1826 225 57 Prudentia
1774 1826 87 57 est

184 1866 183 54 extremi
317 1866 116 54 hoc
384 1866 116 54 est
450 1866 249 54 singularis,
650 1866 249 54 descendendo
849 1866 133 54 enim
932 1866 100 54 ab
982 1866 233 54 vniuersali
1165 1866 116 54 per
1231 1866 283 54 particularem,
1464 1866 216 54 singulare
1630 1866 116 54 est
1680 1866 183 54 extremum:

179 1918 103 59 ergo
244 1918 90 59 non
295 1918 90 59 est
347 1918 207 59 vniuersalium
515 1918 142 59 tuntum,
618 1918 155 59 scientia
734 1918 90 59 est
786 1918 207 59 vniuersalium
954 1918 142 59 tantum,
1057 1918 142 59 proinde
1160 1918 168 59 prudentia
1289 1918 90 59 non
1341 1918 90 59 est
1392 1918 168 59 scientia.
1521 1918 103 59 Tale
1586 1918 116 59 enim,
1663 1918 116 59 scet,
1728 1918 129 59 singula¬-

183 1964 80 61 re
223 1964 93 61 est
276 1964 80 61 id
316 1964 107 61 quod
383 1964 80 61 in
423 1964 160 61 actionem
543 1964 134 61 cadit,
637 1964 174 61 opponitur
770 1964 134 61 igitur
864 1964 187 61 valentiore
1010 1964 147 61 ratione
1117 1964 214 61 intellectui.
1291 1964 93 61 Hic
1344 1964 107 61 enim
1411 1964 200 61 intellectus
1571 1964 93 61 est
1625 1964 200 61 terminorum.
1785 1964 80 61 i.
1812 1964 53 61 ex

176 2010 148 58 notitia
283 2010 121 58 rerum
364 2010 243 58 significatarum
567 2010 94 58 per
621 2010 175 58 terminos.
756 2010 135 58 illius
850 2010 148 58 notitia
958 2010 108 58 nota
1026 2010 148 58 euadit.
1134 2010 202 58 Pricipiorum
1296 2010 94 58 non
1350 2010 94 58 est
1404 2010 121 58 ratio
1485 2010 108 58 siue
1552 2010 229 58 demonstratio,
1728 2010 121 58 alioqua

189 2057 92 47 non
241 2057 132 47 essent
334 2057 171 47 pricipia.
465 2057 105 47 Haec
531 2057 118 47 autem
610 2057 171 47 prudentia
741 2057 92 47 est
794 2057 132 47 vltimi
886 2057 158 47 agibilis
1004 2057 118 47 cuius
1083 2057 92 47 non
1136 2057 92 47 est
1188 2057 118 47 scia,
1267 2057 79 47 se
1307 2057 145 47 sensus,
1412 2057 92 47 non
1465 2057 184 47 propriorum
1609 2057 184 47 obiectorum
1741 2057 105 47 quibus

181 2099 195 67 sensibilia
334 2099 153 67 propria
445 2099 181 67 sentimus,
584 2099 83 67 vt
626 2099 125 67 sonum
710 2099 153 67 auditu,
821 2099 153 67 colorem
932 2099 111 67 visu
1002 2099 167 67 capimus,
1127 2099 70 67 &
1155 2099 97 67 ita
1210 2099 83 67 in
1252 2099 125 67 aliis
1335 2099 139 67 tribus
1433 2099 167 67 sensibus
1558 2099 181 67 externis,
1697 2099 97 67 set
1739 2099 125 67 quamlis

179 2141 87 64 is
222 2141 101 64 est
280 2141 101 64 quo
338 2141 174 64 sentimus
468 2141 174 64 vltimus,
598 2141 87 64 in
642 2141 246 64 mathematicis,
845 2141 116 64 illa
917 2141 145 64 sensus
1018 2141 101 64 est
1076 2141 217 64 imaginatiua
1250 2141 145 64 virtus
1351 2141 188 64 interior.
1496 2141 174 64 Stabitur
1626 2141 116 64 enim
1699 2141 101 64 ibi
1757 2141 87 64 in
1786 2141 72 64 hoc

167 2199 203 55 triangulo
323 2199 94 55 in
370 2199 172 55 pariete
495 2199 218 55 discripto,
667 2199 218 55 triangulus
838 2199 109 55 est
901 2199 172 55 extrema
1025 2199 156 55 figura
1134 2199 94 55 in
1181 2199 234 55 descendendo
1368 2199 94 55 ad
1415 2199 203 55 pauciores
1571 2199 172 55 angulos
1696 2199 78 55 &
1712 2199 140 55 latera.

179 2252 77 50 ⁋
209 2252 139 50 Circa
302 2252 108 50 hoc
364 2252 139 50 caput
457 2252 93 50 in
504 2252 155 50 primis
612 2252 217 50 dubitatur,
783 2252 93 50 an
829 2252 170 50 ciuilis
953 2252 186 50 facultas
1093 2252 77 50 &
1124 2252 201 50 prudentia
1279 2252 124 50 sint
1356 2252 124 50 idem
1434 2252 186 50 habitus.
1573 2252 124 50 Sedo
1651 2252 93 50 an
1682 2252 170 50 prudentia

183 2290 114 50 est
248 2290 146 50 circa
345 2290 243 50 singularia.
540 2290 162 50 Tertio
653 2290 130 50 quid
734 2290 97 50 in
783 2290 130 50 illo
864 2290 178 50 exemplo
994 2290 243 50 praetendit.
1188 2290 146 50 Omnes
1285 2290 146 50 aquae
1383 2290 227 50 ponderosae
1561 2290 130 50 sunt
1642 2290 178 50 prauae.
1756 2290 97 50 Quar

177 2338 95 54 to
225 2338 126 54 quem
303 2338 173 54 ordinem
429 2338 205 54 scientiae
587 2338 95 54 in
634 2338 173 54 literis
760 2338 189 54 possumus
902 2338 95 54 ex
949 2338 236 54 Aristotelis
1138 2338 158 54 litera
1248 2338 268 54 coniecturare.
1469 2338 158 54 Quinto
1579 2338 173 54 videtur
1705 2338 126 54 quod
1768 2338 79 54 non

172 2381 158 53 solum
278 2381 228 53 principia
453 2381 140 53 sunt
541 2381 105 53 ex
593 2381 210 53 terminis
751 2381 158 53 nota,
856 2381 158 53 verum
961 2381 158 53 etiam
1066 2381 105 53 in
1119 2381 280 53 probabilibus
1347 2381 158 53 datur
1452 2381 175 53 primum
1575 2381 228 53 opinatum.
1732 2381 123 53 Osten

175 2430 117 59 do.
242 2430 168 59 opinio
360 2430 84 59 a
393 2430 235 59 producitur
578 2430 101 59 ab
628 2430 201 59 opinione
779 2430 101 59 b,
829 2430 84 59 &
863 2430 168 59 iterum
980 2430 201 59 opinatio
1131 2430 84 59 b
1165 2430 101 59 ab
1215 2430 201 59 opinione
1366 2430 101 59 c,
1416 2430 84 59 &
1450 2430 117 59 non
1517 2430 117 59 est
1584 2430 101 59 in
1634 2430 184 59 abyssum
1751 2430 101 59 pro¬-

185 2469 184 68 cessus:
319 2469 134 68 ergo
403 2469 151 68 datur
503 2469 151 68 prima
604 2469 167 68 opinio
721 2469 84 68 &
754 2469 167 68 primum
871 2469 218 68 opinatum,
1039 2469 134 68 quia
1122 2469 167 68 opinio
1240 2469 100 68 ex
1290 2469 134 68 fide
1373 2469 117 68 aut
1440 2469 201 68 euidenti
1591 2469 184 68 notitia
1708 2469 134 68 iudica

175 2524 136 48 tiua
260 2524 119 48 non
328 2524 204 48 emergit.
481 2524 102 48 Si
532 2524 238 48 antecedens
719 2524 119 48 sit
787 2524 187 48 euidens
923 2524 119 48 aut
991 2524 204 48 firmiter
1145 2524 221 48 creditum,
1315 2524 238 48 consequens
1502 2524 119 48 non
1570 2524 136 48 erit
1638 2524 187 48 opinatum.

172 2564 90 69 ⁋
208 2564 108 69 Ad
262 2564 180 69 primum
388 2564 180 69 dubium
514 2564 234 69 respondeo
694 2564 126 69 per
766 2564 306 69 propositiones
1018 2564 252 69 sequentes,
1216 2564 180 69 quarum
1342 2564 162 69 prima
1450 2564 144 69 est.
1540 2564 180 69 Multae
1666 2564 144 69 sunt
1738 2564 108 69 pru¬-

168 2614 178 55 dentiae
297 2614 146 55 etiam
395 2614 227 55 monasticae
573 2614 81 55 &
605 2614 227 55 personales
784 2614 162 55 specie
897 2614 227 55 distincte,
1075 2614 130 55 haec
1156 2614 146 55 paulo
1253 2614 130 55 post
1334 2614 97 55 in
1383 2614 113 55 hoc
1448 2614 146 55 sexto
1545 2614 243 55 probabitur.
1723 2614 130 55 Secun¬-

170 2664 96 53 da
218 2664 239 53 propositio.
409 2664 160 53 Multae
521 2664 239 53 prudentiae,
713 2664 160 53 quarum
824 2664 160 53 altera
936 2664 112 53 est
1000 2664 208 53 monastica
1160 2664 160 53 altera
1271 2664 128 53 vero
1351 2664 192 53 ciuilis,
1495 2664 160 53 specie
1607 2664 255 53 distinguntur
1798 2664 48 53 a

174 2709 199 50 fortiore.
327 2709 123 50 Haec
403 2709 92 50 ex
449 2709 153 50 priore
557 2709 199 50 sequitur.
710 2709 199 50 Praeterea
863 2709 153 50 multae
970 2709 138 50 tales
1062 2709 153 50 habent
1169 2709 168 50 obiecta
1292 2709 153 50 specie
1399 2709 214 50 distincta:
1567 2709 123 50 ergo
1644 2709 77 50 &
1675 2709 153 50 specie
1766 2709 77 50 dii

173 2753 254 61 stinguntur,
376 2753 186 61 secundo
512 2753 102 61 de
562 2753 152 61 anima
664 2753 152 61 Actus
766 2753 271 61 distinguntur
986 2753 119 61 per
1053 2753 203 61 obiecta.
1206 2753 169 61 Tertia
1324 2753 254 61 propositio.
1527 2753 220 61 Prudentia
1680 2753 169 61 monasti¬-

173 2801 102 55 ca
224 2801 238 55 sufficiens
411 2801 153 55 virum
512 2801 238 55 denominare
699 2801 221 55 prudentem
869 2801 119 55 non
937 2801 238 55 acquiritur
1123 2801 136 55 sine
1208 2801 238 55 oeconomica
1395 2801 85 55 &
1429 2801 187 55 ciuili.
1565 2801 170 55 Patet.
1683 2801 153 55 Talis
1768 2801 85 55 pru

172 2845 176 59 dentia
296 2845 176 59 multos
419 2845 194 59 habitus
560 2845 282 59 prudentiales
789 2845 106 59 in
842 2845 159 59 longo
948 2845 212 59 temporis
1107 2845 123 59 vsu
1177 2845 229 59 requirit,
1353 2845 159 59 quare
1459 2845 212 59 Periclem
1618 2845 106 59 M.
1671 2845 194 59 Tullium
1794 2845 53 59 &

168 2894 154 62 alios
270 2894 120 62 qui
339 2894 102 62 in
390 2894 154 62 rebus
492 2894 205 62 publicis
646 2894 188 62 oculati
783 2894 273 62 praesiderunt
1004 2894 222 62 prudentes
1175 2894 205 62 vocamus.
1329 2894 102 62 Et
1380 2894 120 62 hoc
1448 2894 171 62 innuit
1568 2894 256 62 Aristoteles
1756 2894 85 62 cum

177 2943 165 49 dicit,
292 2943 214 49 monastica
457 2943 214 49 prudentia
621 2943 132 49 sine
704 2943 148 49 aliis
803 2943 181 49 acquiri
935 2943 115 49 non
1001 2943 181 49 potest,
1132 2943 115 49 sic
1198 2943 132 49 quod
1281 2943 132 49 homo
1363 2943 214 49 prudentia
1528 2943 181 49 emicet.
1660 2943 132 49 Homo
1726 2943 115 49 tamen

173 2987 127 60 poent
257 2987 112 60 suum
328 2987 127 60 bonum
412 2987 211 60 particulare
581 2987 183 60 procurare
721 2987 84 60 ab
763 2987 127 60 aliis
848 2987 183 60 secretus,
988 2987 84 60 ac
1031 2987 112 60 sine
1101 2987 239 60 conversatione
1298 2987 98 60 cum
1354 2987 141 60 aliis,
1452 2987 155 60 attamen
1565 2987 155 60 prudens
1677 2987 98 60 non
1719 2987 127 60 euadet,

177 3031 122 57 sicut
259 3031 95 57 nec
313 3031 162 57 scientia
434 3031 176 57 solitarie
570 3031 203 57 acquiritur,
732 3031 135 57 ferrum
827 3031 108 57 enim
894 3031 122 57 ferro
975 3031 162 57 acuetur,
1097 3031 68 57 &
1124 3031 122 57 plura
1205 3031 176 57 lignicula
1341 3031 135 57 iuncta
1435 3031 149 57 actiuum
1543 3031 122 57 ignem
1625 3031 162 57 faciunt.
1733 3031 108 57 Quarta

163 3083 219 50 propositio.
338 3083 175 50 Loquendo
470 3083 87 50 de
513 3083 190 50 prudentia
659 3083 204 50 collectiue
820 3083 117 50 idem
893 3083 160 50 habitus
1009 3083 146 50 nunero
1111 3083 102 50 est
1170 3083 190 50 prudentia
1315 3083 73 50 &
1345 3083 190 50 facultas,
1490 3083 117 50 siue
1563 3083 204 50 prudentia,
1709 3083 146 50 ciuilis:

168 3134 133 52 esse
251 3134 149 52 tamen
351 3134 149 52 earum
451 3134 116 52 non
517 3134 133 52 idem
600 3134 133 52 est,
683 3134 116 52 hoc
750 3134 116 52 est
816 3134 249 52 denominatio
1016 3134 149 52 quare
1115 3134 216 52 prudentia
1281 3134 83 52 &
1314 3134 149 52 quare
1414 3134 183 52 ciuilis
1547 3134 216 52 prudentia
1697 3134 149 52 dicitur

161 3170 119 53 non
229 3170 119 53 est
297 3170 170 53 eadem.
416 3170 187 53 Dicitur
552 3170 136 53 enim
637 3170 238 53 prudentia,
824 3170 136 53 quia
909 3170 153 53 virum
1010 3170 221 53 denominat
1180 3170 289 53 perspicientem
1418 3170 119 53 sua
1486 3170 153 53 bona,
1588 3170 204 53 laborans
1741 3170 102 53 in
1775 3170 68 53 fa

156 3220 135 63 milia
246 3220 75 63 &
276 3220 180 63 ciuitate
411 3220 120 63 sibi
487 3220 120 63 bona
562 3220 180 63 virtutis
697 3220 180 63 acquirit
832 3220 75 63 &
862 3220 165 63 saepius
982 3220 180 63 fortunas
1118 3220 135 63 puero
1208 3220 105 63 sua
1268 3220 195 63 industria
1418 3220 75 63 &
1448 3220 165 63 labore.
1568 3220 150 63 Quinta
1659 3220 195 63 propositio.
