2346 3603
195 278 255 93 particularem
402 278 191 93 patiendi
545 278 191 93 exibant.
689 278 143 93 Alias
784 278 207 93 tetigimus
944 278 127 93 vnum
1023 278 143 93 actum
1119 278 223 93 voluntatis
1294 278 207 93 efficacis
1453 278 143 93 circa
1549 278 143 93 finem
1644 278 111 93 cum
1692 278 207 93 intellectus

197 356 191 66 iudicio,
340 356 143 66 alium
436 356 143 66 actum
531 356 223 66 voluntatis
707 356 255 66 particularem
914 356 239 66 naturaliter
1105 356 191 66 educere.
1248 356 159 66 Sicque
1360 356 239 66 efficaciter
1551 356 159 66 volens
1662 356 255 66 beatitudinem
1853 356 48 66 &

208 411 167 47 censens
329 411 121 47 esse
405 411 228 47 necessarium
587 411 167 47 perpeti
709 411 106 47 pro
770 411 121 47 fide
845 411 106 47 aut
906 411 182 47 alterius
1043 411 182 47 virtutis
1179 411 137 47 actu,
1271 411 243 47 necessitatur
1468 411 137 47 velle
1559 411 182 47 ceruicem
1696 411 167 47 tyranno
1802 411 91 47 sub¬-

195 455 144 55 dere.
291 455 112 55 Sic
355 455 160 55 volens
467 455 272 55 consequentiam
691 455 128 55 esse
771 455 144 55 bonam
867 455 112 55 cum
931 455 256 55 antecedentis
1139 455 208 55 volitione
1299 455 192 55 sequitur
1443 455 208 55 naturalis
1603 455 176 55 volitio
1715 455 176 55 consequen

193 504 122 55 tis.
269 504 92 55 In
315 504 153 55 morali
422 504 229 55 philosophia
606 504 138 55 trita
697 504 107 55 est
758 504 168 55 lectio,
881 504 168 55 Habitum
1003 504 138 55 vnius
1095 504 183 55 virtutis
1232 504 183 55 mediante
1370 504 122 55 actu
1447 504 107 55 suo
1508 504 168 55 elicito
1630 504 76 55 &
1661 504 199 55 prudentia
1798 504 92 55 pri¬-

196 556 110 57 mum
259 556 142 57 actum
354 556 189 57 alterius
496 556 189 57 virtutis
638 556 221 57 occurrente
811 556 173 57 materia
937 556 221 57 producere.
1111 556 95 57 Et
1158 556 110 57 non
1221 556 142 57 solum
1316 556 110 57 hoc
1379 556 142 57 verum
1473 556 126 57 est:
1552 556 110 57 sed
1615 556 126 57 sola
1694 556 110 57 pia
1741 556 158 57 voluntas

198 594 114 56 cum
263 594 244 56 intellectus
458 594 179 56 iudicio
588 594 130 56 sine
669 594 195 56 alterius
815 594 195 56 virtutis
962 594 195 56 concursu
1108 594 228 56 occurrente
1287 594 179 56 materia
1417 594 146 56 actum
1514 594 81 56 &
1547 594 163 56 quidem
1660 594 195 56 intensum
1790 594 98 56 pro¬-

201 642 146 56 ducit
298 642 179 56 grandem
428 642 114 56 vel
493 642 179 56 maximum
623 642 195 56 secundum
769 642 227 56 voluntatis
947 642 195 56 conatum.
1094 642 195 56 Dilectio
1240 642 114 56 dei
1305 642 195 56 inclinat
1451 642 97 56 ad
1499 642 276 56 beneuolentiam
1727 642 130 56 eius
1808 642 81 56 &
1824 642 65 56 ad

201 691 91 52 ei
246 691 91 52 in
292 691 168 52 omnibus
414 691 213 52 placendum.
582 691 107 52 Sic
643 691 122 52 vnus
719 691 137 52 actus
810 691 137 52 malus
902 691 198 52 inclinat,
1054 691 137 52 licet
1145 691 107 52 non
1206 691 213 52 necessitet
1374 691 91 52 in
1420 691 137 52 alium
1511 691 137 52 malum
1603 691 152 52 actum,
1709 691 91 52 vt
1755 691 137 52 odium
1831 691 61 52 So

204 737 152 58 cratis
310 737 91 58 ad
356 737 182 58 nolendum
493 737 91 58 ei
538 737 182 58 quicquam
675 737 137 58 boni,
766 737 106 58 sed
827 737 91 58 ad
873 737 182 58 volendum
1009 737 122 58 illi
1085 737 213 58 incommoda.
1253 737 122 58 Vnus
1329 737 122 58 ergo
1405 737 137 58 actus
1496 737 213 58 nonnumquam
1663 737 91 58 ad
1709 737 137 58 alium
1785 737 106 58 neces

196 786 155 59 sitat.
305 786 186 59 Interdum
445 786 124 59 vero
523 786 202 59 facilitat
678 786 109 59 aut
740 786 249 59 difficultat,
942 786 109 59 sed
1005 786 140 59 istud
1098 786 109 59 non
1160 786 109 59 est
1222 786 186 59 commune.
1362 786 233 59 Aristoteles
1549 786 140 59 omnes
1642 786 140 59 tales
1720 786 186 59 omnifariam

199 827 170 59 virtute
322 827 201 59 praeditos
477 827 108 59 non
539 827 93 59 ab
585 827 93 59 re
632 827 201 59 putasset:
786 827 201 59 speciales
941 827 124 59 enim
1018 827 108 59 dei
1080 827 186 59 auxilium
1219 827 77 59 &
1250 827 217 59 charitatis
1420 827 247 59 proprietatem
1622 827 201 59 ignorauit
1776 827 93 59 in
1807 827 93 59 tem¬-

196 881 162 55 pestate
314 881 118 55 illa
388 881 103 55 qua
447 881 147 55 vixit.
550 881 221 55 virgunculae
726 881 191 55 martyrium
873 881 103 55 non
932 881 118 55 sunt
1006 881 162 55 passae,
1124 881 103 55 nec
1182 881 147 55 motiua
1286 881 88 55 ad
1330 881 103 55 sic
1389 881 236 55 existimandum
1580 881 162 55 habuit:
1698 881 103 55 hoc
1757 881 118 55 dico
1815 881 74 55 pro

196 924 90 61 eo
241 924 75 61 &
271 924 210 61 positionis
436 924 255 61 consummatione
645 924 90 61 ad
690 924 105 61 hoc
750 924 120 61 quod
825 924 120 61 homo
900 924 165 61 dicatur
1020 924 150 61 aliqua
1124 924 165 61 virtute
1244 924 195 61 illustris
1394 924 240 61 inclytusque,
1589 924 180 61 virtutum
1708 924 195 61 cardinaliam

195 974 76 52 &
225 974 121 52 quae
301 974 91 52 in
346 974 212 52 quotidiano
512 974 106 52 vsu
573 974 121 52 sunt
648 974 212 52 requiritur
815 974 272 52 glutinamentum,
1041 974 106 52 sic
1102 974 121 52 quod
1177 974 197 52 immobilis
1329 974 76 52 &
1359 974 151 52 semper
1465 974 136 52 recte
1555 974 121 52 stas
1631 974 121 52 more
1707 974 181 52 quadrati
1828 974 60 52 in

196 1021 99 54 via
252 1021 169 54 virtutis
379 1021 155 54 maneat,
492 1021 99 54 nec
548 1021 85 54 ad
591 1021 155 54 dextrum
704 1021 113 54 puer
774 1021 183 54 quacumque
915 1021 197 54 procellosa
1070 1021 197 54 tempestate
1225 1021 197 54 discendat.
1380 1021 85 54 Et
1423 1021 85 54 ad
1465 1021 99 54 hoc
1521 1021 183 54 faciundum
1662 1021 85 54 de
1705 1021 155 54 communi
1803 1021 85 54 lege

193 1070 170 50 virtutum
320 1070 155 50 cumulus
433 1070 212 50 requiritur,
603 1070 113 50 quia
673 1070 85 50 ab
716 1070 99 50 vno
772 1070 170 50 vitiorum
900 1070 127 50 flatu
984 1070 141 50 virtus
1083 1070 113 50 vna,
1154 1070 71 50 &
1182 1070 85 50 ab
1225 1070 113 50 alio
1295 1070 113 50 alia
1366 1070 170 50 habentem
1493 1070 184 50 protegit.
1635 1070 99 50 Sic
1691 1070 113 50 quod
1762 1070 85 50 si
1790 1070 99 50 trium

202 1115 203 48 virtutum
354 1115 253 48 cardinalium
557 1115 186 48 habitus
692 1115 253 48 excellenter
895 1115 220 48 habeantur
1063 1115 101 48 in
1114 1115 287 48 conditionatis
1351 1115 186 48 quartae
1486 1115 270 48 sufficienter
1705 1115 101 48 ab
1739 1115 152 48 infesto

188 1159 148 65 hoste
286 1159 246 65 protegetur:
483 1159 230 65 occurrente
664 1159 131 65 enim
746 1159 181 65 materia
877 1159 164 65 illius
992 1159 197 65 materiae
1140 1159 181 65 habitus
1271 1159 230 65 voluntatis
1452 1159 197 65 conamine
1599 1159 230 65 coalescit.
1780 1159 99 65 Et
1813 1159 82 65 si¬-

195 1209 173 58 concedo
321 1209 142 58 posse
416 1209 126 58 esse
495 1209 126 58 vnam
573 1209 189 58 virtutem
715 1209 126 58 sine
794 1209 142 58 alia,
889 1209 95 58 at
936 1209 126 58 illa
1015 1209 110 58 est
1078 1209 236 58 imperfecta,
1267 1209 79 58 &
1298 1209 189 58 nouitiis
1440 1209 95 58 in
1487 1209 173 58 scholam
1613 1209 142 58 morum
1692 1209 205 58 conueniens:

196 1257 114 60 sed
261 1257 146 60 nulla
358 1257 114 60 est
423 1257 163 60 virtus
537 1257 179 60 emicans
667 1257 81 60 &
700 1257 179 60 egregia
830 1257 130 60 sine
911 1257 179 60 aliarum
1041 1257 228 60 societate:
1220 1257 81 60 &
1253 1257 114 60 hoc
1318 1257 130 60 alii
1399 1257 211 60 tenebrose
1562 1257 179 60 innuunt
1676 1257 211 60 connexionem

193 1307 203 61 ponentes
346 1307 102 61 in
396 1307 152 61 gradu
498 1307 271 61 temperantiae
718 1307 85 61 &
752 1307 203 61 heroico:
905 1307 119 61 sed
972 1307 136 61 sine
1057 1307 186 61 illorum
1193 1307 186 61 graduum
1328 1307 186 61 peritia
1464 1307 136 61 quos
1548 1307 169 61 nondum
1667 1307 237 61 attigimus,
1836 1307 68 61 ne

200 1354 168 59 gocium
318 1354 118 59 est
385 1354 253 59 conspicuum.
588 1354 118 59 Hoc
655 1354 101 59 in
706 1354 168 59 mentem
824 1354 185 59 reuoco,
958 1354 168 59 nullus
1076 1354 219 59 absolutus
1245 1354 185 59 logicus
1380 1354 253 59 existimatur
1582 1354 118 59 qui
1649 1354 101 59 in
1683 1354 202 59 insolubili

192 1401 219 54 exponibili
364 1401 109 54 vel
427 1401 234 54 obligatione
614 1401 172 54 vulgari
739 1401 250 54 illaqueatur:
942 1401 94 54 si
989 1401 219 54 praesidens
1161 1401 94 54 in
1207 1401 125 54 vito
1286 1401 203 54 stramineo
1442 1401 94 54 in
1489 1401 172 54 cauillo
1614 1401 141 54 coram
1692 1401 187 54 multitudi¬-

192 1447 98 59 ne
241 1447 245 59 irretiatur,
436 1447 114 59 cum
502 1447 196 59 cachinno
648 1447 196 59 regentes
795 1447 147 59 inter
893 1447 228 59 prandendum
1072 1447 245 59 susurrantes
1268 1447 179 59 dicunt:
1399 1447 114 59 non
1464 1447 114 59 est
1529 1447 196 59 logicus:
1676 1447 114 59 sic
1741 1447 98 59 de
1774 1447 114 59 abso¬-

200 1489 129 59 lute
281 1489 194 59 studioso
426 1489 146 59 dicas
523 1489 81 59 &
556 1489 146 59 omnia
636 1489 146 59 lucida.

194 1518 79 72 ⁋
226 1518 95 72 Et
273 1518 126 72 quia
352 1518 190 72 interdum
495 1518 206 72 quaeritur
653 1518 142 72 vtrum
748 1518 206 72 Sapientia
906 1518 111 72 sit
969 1518 206 72 prudentia
1127 1518 253 72 praestantior
1333 1518 95 72 an
1380 1518 174 72 contra.
1507 1518 95 72 In
1554 1518 158 72 primis
1665 1518 142 72 scito
1760 1518 126 72 quod
1823 1518 63 72 ha

195 1586 148 56 bitus
293 1586 180 56 superne
424 1586 180 56 infusos
555 1586 115 56 hic
621 1586 279 56 praescindimus
851 1586 82 56 &
883 1586 197 56 loquimur
1031 1586 131 56 more
1113 1586 279 56 Aristotelico,
1342 1586 180 56 suppono
1474 1586 148 56 etiam
1572 1586 246 56 Aristotelem
1769 1586 82 56 &
1785 1586 115 56 omnes

185 1634 168 54 graues
303 1634 252 54 philosophos
505 1634 202 54 posuisse
656 1634 151 54 vitam
757 1634 135 54 esse
841 1634 135 54 post
925 1634 135 54 hanc
1009 1634 168 54 vitam,
1127 1634 118 54 non
1194 1634 151 54 tamen
1295 1634 320 54 resurrectionem.
1564 1634 135 54 quam
1649 1634 84 54 e
1682 1634 135 54 solo
1749 1634 135 54 lumine

183 1684 145 53 fidei
280 1684 210 53 haurimus.
441 1684 210 53 Sapientes
603 1684 97 53 in
651 1684 161 53 decimo
764 1684 210 53 Ethicorum
925 1684 113 53 dei
990 1684 161 53 amicos
1103 1684 210 53 existimat
1264 1684 81 53 &
1297 1684 97 53 ei
1345 1684 129 53 quam
1426 1684 323 53 acceptatissimos:
1700 1684 161 53 quorum
1797 1684 97 53 ple¬-

181 1725 137 59 rique
272 1725 152 59 durius
378 1725 91 59 in
424 1725 106 59 hac
485 1725 182 59 miseriae
621 1725 137 59 valle
712 1725 228 59 tractantur,
895 1725 76 59 &
925 1725 91 59 in
971 1725 182 59 caelesti
1107 1725 228 59 efferuntur:
1290 1725 167 59 proinde
1411 1725 91 59 in
1457 1725 152 59 futuro
1563 1725 152 59 seculo
1669 1725 122 59 post
1730 1725 152 59 corporis

184 1769 247 56 resolutionem
384 1769 154 56 probis
493 1769 124 56 erit
570 1769 170 56 merces:
693 1769 185 56 improbis
832 1769 139 56 dirum
925 1769 232 56 supplicium.
1111 1769 108 56 His
1172 1769 232 56 praelibatis
1358 1769 201 56 respondeo
1512 1769 124 56 quod
1589 1769 201 56 Sapientia
1744 1769 108 56 est
1790 1769 93 56 pru¬-

185 1819 159 55 dentia
296 1819 271 55 praestantior.
519 1819 127 55 haec
599 1819 127 55 enim
678 1819 111 55 est
742 1819 239 55 Aristotelis
933 1819 95 55 in
981 1819 191 55 naturali
1124 1819 159 55 lumine
1235 1819 175 55 egregie
1363 1819 207 55 loquentis
1522 1819 207 55 sententia
1681 1819 191 55 superius
1824 1819 95 55 in

188 1867 107 57 hoc
249 1867 138 57 sexto
341 1867 184 57 dicebat.
479 1867 199 57 Sapientia
632 1867 107 57 est
693 1867 230 57 intellectus
877 1867 77 57 &
908 1867 184 57 scientia
1046 1867 77 57 &
1076 1867 92 57 vt
1122 1867 138 57 caput
1214 1867 169 57 habens,
1337 1867 77 57 &
1367 1867 184 57 scientia
1505 1867 352 57 honorabilissimorum:
1796 1867 92 57 per¬-

191 1910 119 56 inde
266 1910 89 56 ac
310 1910 89 56 si
355 1910 104 56 sic
414 1910 179 56 diceret.
548 1910 119 56 Illa
623 1910 164 56 notitia
742 1910 104 56 est
801 1910 253 56 praestantior,
1010 1910 119 56 quae
1084 1910 179 56 nobilius
1218 1910 134 56 habet
1307 1910 194 56 obiectum,
1456 1910 134 56 primo
1546 1910 89 56 de
1590 1910 149 56 anima:
1694 1910 89 56 at
1724 1910 164 56 sapientia

193 1956 105 54 est
253 1956 210 54 huiusmodi:
418 1956 165 54 igitur.
538 1956 135 54 Minor
628 1956 150 54 patet:
733 1956 120 54 quia
808 1956 195 54 sapientia
958 1956 135 54 circa
1048 1956 150 54 primum
1153 1956 180 54 motorem,
1288 1956 105 54 hoc
1348 1956 105 54 est
1408 1956 135 54 deum,
1498 1956 135 54 circa
1588 1956 270 54 intelligentias
1813 1956 75 54 &
1828 1956 60 54 or

183 2004 117 52 bes
250 2004 218 52 caelestes
418 2004 218 52 versatur,
585 2004 167 52 louem.
702 2004 234 52 Mercurium,
886 2004 84 52 &
920 2004 184 52 Venerem
1054 2004 184 52 hominum
1188 2004 184 52 monstra
1322 2004 84 52 &
1355 2004 201 52 figmenta
1506 2004 234 52 existimans
1690 2004 100 52 de
1724 2004 167 52 caelesti

182 2054 112 57 bus
246 2054 208 57 loquitur.
406 2054 208 57 Prudentia
567 2054 128 57 vero
647 2054 144 57 circa
743 2054 176 57 humanos
872 2054 144 57 actus
968 2054 192 57 insudat:
1112 2054 128 57 modo
1192 2054 192 57 absurdum
1337 2054 112 57 est
1401 2054 112 57 hos
1465 2054 241 57 caelestibus
1657 2054 208 57 conferre,
1802 2054 80 57 vti

185 2107 232 53 Aristoteles
370 2107 186 53 superius
510 2107 201 53 innuebat.
665 2107 124 53 Item
742 2107 232 53 Aristoteles
928 2107 93 53 in
974 2107 217 53 sapientiae
1145 2107 170 53 actibus
1269 2107 232 53 felicitatem
1454 2107 139 53 ponit
1547 2107 93 53 vt
1594 2107 93 53 in
1640 2107 155 53 decimo
1749 2107 108 53 deo
1795 2107 93 53 pro¬-

198 2149 136 55 pitio
289 2149 212 55 videbitur.
455 2149 91 55 Et
500 2149 91 55 in
546 2149 181 55 prooemio
682 2149 242 55 metaphysicae
878 2149 106 55 eam
939 2149 181 55 caeteris
1075 2149 166 55 artibus
1196 2149 197 55 praefert.
1347 2149 181 55 (Extendo
1483 2149 106 55 hic
1543 2149 136 55 artem
1634 2149 91 55 ad
1679 2149 136 55 omnem
1755 2149 136 55 habitum

188 2198 257 53 intellectualem
402 2198 143 53 dicens
502 2198 86 53 vt
545 2198 114 53 homo
616 2198 129 53 liber
702 2198 100 53 sui
759 2198 129 53 causa
845 2198 71 53 &
874 2198 100 53 non
931 2198 171 53 alterius
1059 2198 114 53 est:
1131 2198 100 53 sic
1188 2198 214 53 metaphysica
1359 2198 100 53 est
1416 2198 171 53 scientia
1545 2198 143 53 libera
1645 2198 71 53 &
1674 2198 114 53 ipsa
1745 2198 114 53 sola
1802 2198 86 53 sui¬-

189 2246 104 55 met
248 2246 133 55 causa
337 2246 119 55 est.
412 2246 133 55 illic
501 2246 104 55 eam
560 2246 148 55 maxime
664 2246 208 55 honorandam
827 2246 74 55 &
857 2246 163 55 diuinam
975 2246 193 55 appellat:
1124 2246 178 55 dicitque
1257 2246 252 55 necessariores
1465 2246 148 55 quidem
1569 2246 133 55 omnes
1658 2246 119 55 sunt
1732 2246 133 55 ipsa,
1806 2246 74 55 di¬-

193 2297 137 53 gnior
284 2297 122 53 vero
361 2297 153 53 nulla.
468 2297 168 53 Optimus
590 2297 137 53 finis
681 2297 107 53 est
743 2297 137 53 solum
834 2297 153 53 scire,
941 2297 168 53 secundo
1063 2297 260 53 metaphysicae,
1277 2297 122 53 ergo
1353 2297 168 53 oportet
1476 2297 183 53 naturali
1613 2297 153 53 ordine
1720 2297 92 53 vt
1751 2297 137 53 pruden¬-

203 2340 113 57 tiae
273 2340 71 57 &
302 2340 169 57 caeterae
429 2340 169 57 virtutes
556 2340 85 57 ad
598 2340 99 57 eam
655 2340 198 57 ordinentur
810 2340 99 57 vel
866 2340 184 57 ediuerso,
1008 2340 169 57 secundum
1135 2340 99 57 non
1191 2340 99 57 est
1248 2340 169 57 dicendum
1375 2340 113 57 ergo
1445 2340 155 57 primum.
1558 2340 127 57 Sicut
1643 2340 85 57 in
1685 2340 141 57 maiore
1784 2340 127 57 mundo

187 2383 103 66 est
246 2383 118 66 ordo
320 2383 88 66 ad
364 2383 177 66 optimum,
497 2383 118 66 item
570 2383 147 66 minore
674 2383 133 66 mundo
762 2383 88 66 in
806 2383 147 66 homine
909 2383 103 66 est
968 2383 103 66 vna
1027 2383 147 66 virtus
1130 2383 177 66 suprema,
1263 2383 88 66 ad
1307 2383 118 66 quam
1381 2383 177 66 reliquae
1514 2383 221 66 ordinantur.
1690 2383 88 66 In
1720 2383 162 66 nouissimo

189 2436 147 59 capite
292 2436 132 59 huius
381 2436 132 59 libri
469 2436 103 59 hoc
528 2436 221 59 Aristoteles
704 2436 250 59 expressissime
911 2436 147 59 tenet.
1014 2436 162 59 Insuper
1131 2436 177 59 cognitio
1264 2436 103 59 qua
1323 2436 118 59 deus
1396 2436 191 59 cognoscit
1543 2436 88 59 se
1588 2436 74 59 &
1617 2436 88 59 se
1661 2436 177 59 diligit,
1779 2436 103 59 perfo

197 2473 144 63 ctiori
297 2473 115 63 modo
369 2473 86 63 se
413 2473 130 63 habet
499 2473 115 63 quam
571 2473 216 63 cognoscendo
744 2473 187 63 creaturas
887 2473 72 63 &
916 2473 101 63 eas
974 2473 216 63 producendo.
1147 2473 86 63 In
1190 2473 144 63 priore
1290 2473 115 63 enim
1362 2473 115 63 stat
1434 2473 115 63 eius
1506 2473 202 63 beatitudo:
1665 2473 101 63 non
1722 2473 130 63 autem
1809 2473 86 63 in
1837 2473 58 63 ra

189 2522 132 55 tione
277 2522 176 55 notitiae
409 2522 234 55 creaturarum.
599 2522 176 55 Primaria
731 2522 205 55 intentione
892 2522 234 55 contemplatur
1083 2522 176 55 seipsum,
1214 2522 205 55 secundaria
1375 2522 205 55 creaturas:
1537 2522 132 55 sicut
1624 2522 132 55 dicit
1698 2522 190 55 commentator

194 2569 182 61 secundo
327 2569 149 61 caeli
426 2569 199 61 commento
575 2569 166 61 decimo
691 2569 166 61 tertio
807 2569 83 61 &
840 2569 149 61 xvii.
939 2569 132 61 Ergo
1022 2569 132 61 pari
1105 2569 182 61 ratione
1237 2569 182 61 notitia
1370 2569 116 61 qua
1436 2569 132 61 deum
1519 2569 248 61 cognoscimus
1717 2569 116 61 est
1767 2569 116 61 perfe

190 2621 146 57 ctior
287 2621 195 57 notitia,
434 2621 114 57 qua
499 2621 212 57 creaturam
662 2621 293 57 deprehendimus,
906 2621 130 57 quia
987 2621 98 57 in
1036 2621 114 57 hoc
1101 2621 130 57 deum
1182 2621 212 57 aemulamur
1345 2621 130 57 quod
1426 2621 277 57 perfectissimo
1654 2621 130 57 modo
1736 2621 98 57 se
1768 2621 114 57 habet

191 2664 141 59 sese
279 2664 299 59 contemplando.
525 2664 88 59 ⁋
561 2664 176 59 Contra
684 2664 141 59 hanc
772 2664 281 59 conclusionem
1000 2664 264 59 argumentor.
1211 2664 176 59 Primum
1334 2664 141 59 sic.
1422 2664 229 59 Prudentia
1598 2664 229 59 denominat
1756 2664 123 59 virum

192 2707 192 67 meliorem
336 2707 128 67 quam
416 2707 256 67 metaphysica:
624 2707 128 67 quia
703 2707 128 67 sine
783 2707 208 67 prudentia
943 2707 128 67 nemo
1023 2707 112 67 est
1087 2707 144 67 bonus
1183 2707 128 67 vir,
1263 2707 144 67 neque
1359 2707 144 67 bonus
1455 2707 144 67 ciuis
1550 2707 176 67 septimo
1662 2707 224 67 politicorum,

186 2764 127 56 sine
265 2764 238 56 metaphysica
456 2764 190 56 plerique
598 2764 127 56 sunt
677 2764 143 56 boni:
773 2764 174 56 igitur.
899 2764 174 56 Secundo
1026 2764 79 56 &
1058 2764 143 56 ratio
1153 2764 79 56 a
1185 2764 158 56 priore
1296 2764 111 56 non
1359 2764 158 56 multum
1470 2764 222 56 discrepat)
1644 2764 174 56 prudens
1771 2764 111 56 non
1819 2764 63 56 sa

191 2810 141 58 piens
286 2810 110 58 est
348 2810 157 58 melior
458 2810 236 58 metaphysico
647 2810 110 58 non
709 2810 204 58 prudente,
866 2810 126 58 ergo
945 2810 204 58 prudentia
1102 2810 110 58 est
1165 2810 236 58 metaphysica
1353 2810 267 58 praestantior.
1573 2810 251 58 Consequentia
1761 2810 126 58 patet:

188 2856 134 64 quia
272 2856 201 64 nobilior
423 2856 168 64 virtus
540 2856 235 64 nobiliorem
725 2856 302 64 accidentaliter
976 2856 184 64 hominem
1110 2856 235 64 denominat.
1294 2856 235 64 Antecedens
1479 2856 168 64 patet:
1596 2856 134 64 quia
1680 2856 184 64 prudens
1797 2856 84 64 non

182 2906 262 58 metaphysicus
395 2906 115 58 est
460 2906 147 58 bonus
558 2906 131 58 homo
640 2906 246 58 simpliciter
837 2906 131 58 nemo
919 2906 115 58 est
984 2906 180 58 prudens
1115 2906 131 58 nisi
1197 2906 147 58 bonus
1295 2906 98 58 ex
1345 2906 229 58 philosophi
1525 2906 180 58 litera:
1656 2906 98 58 at
1688 2906 197 58 metaphysi¬-

182 2951 115 61 cus
247 2951 115 61 non
313 2951 180 61 prudens
444 2951 115 61 est
509 2951 115 61 non
575 2951 164 61 bonus:
689 2951 164 61 patet,
804 2951 131 61 quia
886 2951 131 61 sine
968 2951 213 61 prudentia
1132 2951 115 61 non
1197 2951 246 61 acquiruntur
1394 2951 180 61 morales
1525 2951 213 61 virtutes.
1688 2951 164 61 Tertio
1787 2951 98 61 illa

196 2993 143 60 virtus
296 2993 100 60 est
353 2993 243 60 praestantior,
553 2993 128 60 cuius
638 2993 171 60 proprius
767 2993 71 60 &
795 2993 214 60 principalis
966 2993 171 60 effectus
1095 2993 100 60 est
1152 2993 157 60 melior:
1266 2993 128 60 finis
1352 2993 200 60 sapientiae
1509 2993 100 60 est
1566 2993 128 60 scire
1652 2993 157 60 tantum:
1752 2993 128 60 secundo

185 3046 284 63 metaphysicae:
419 3046 150 63 finis
520 3046 234 63 prudentiae
704 3046 184 63 operari
837 3046 84 63 &
871 3046 134 63 bene
954 3046 167 63 viuere
1071 3046 201 63 secundum
1222 3046 167 63 totum.
1339 3046 100 63 Ad
1389 3046 167 63 primum
1506 3046 251 63 respondetur
1707 3046 134 63 quod
1774 3046 100 63 Ari¬-

187 3094 181 65 stoteles
322 3094 90 65 in
368 3094 166 65 septimo
488 3094 226 65 politicorum
669 3094 181 65 loquitur
804 3094 90 65 de
849 3094 211 65 felicitate
1015 3094 196 65 politica,
1165 3094 105 65 non
1226 3094 90 65 de
1271 3094 211 65 felicitate
1436 3094 241 65 simpliciter,
1632 3094 120 65 haec
1707 3094 120 65 enim
1783 3094 90 65 in
1813 3094 90 65 spe¬-

190 3138 212 61 culatione,
357 3138 121 61 illa
432 3138 121 61 vero
508 3138 91 61 in
554 3138 212 61 prudentiae
721 3138 182 61 operibus
857 3138 212 61 consistit.
1024 3138 167 61 Concedo
1145 3138 136 61 tamen
1236 3138 121 61 quod
1312 3138 197 61 prudentia
1464 3138 106 61 est
1524 3138 152 61 melior
1630 3138 91 61 ad
1676 3138 121 61 bene
1737 3138 136 61 operan¬-

198 3186 109 52 dum
261 3186 125 52 quam
339 3186 250 52 metaphysica:
542 3186 94 52 at
589 3186 94 52 ex
636 3186 125 52 illo
714 3186 109 52 non
777 3186 234 52 concluditur
964 3186 125 52 eius
1042 3186 141 52 super
1136 3186 250 52 metaphysicen
1339 3186 250 52 praestantia.
1542 3186 109 52 Hoc
1605 3186 125 52 enim
1683 3186 141 52 calle
1761 3186 125 52 proba¬-

192 3227 109 58 res
255 3227 187 58 ordinata
395 3227 94 58 ad
442 3227 141 58 finem
536 3227 187 58 praeesse
677 3227 125 58 ipsi
755 3227 141 58 fini.
848 3227 203 58 Prudentia
1004 3227 265 58 adminiculatur
1223 3227 94 58 ad
1270 3227 125 58 bene
1348 3227 219 58 operandum:
1520 3227 109 58 non
1582 3227 109 58 sic
1645 3227 109 58 est
1707 3227 94 58 de
1738 3227 141 58 notitia

191 3281 200 71 intuitiua
344 3281 108 71 dei
406 3281 77 71 &
437 3281 123 71 eius
514 3281 215 71 dilectione
683 3281 92 71 in
729 3281 169 71 patria,
852 3281 123 71 quae
929 3281 108 71 est
990 3281 123 71 ipsa
1067 3281 200 71 charitate
1221 3281 154 71 infusa
1328 3281 261 71 praestantior,
1544 3281 123 71 quam
1621 3281 154 71 tamenn
1728 3281 154 71 primae
1820 3281 62 71 ad
