2327 3601
412 264 236 74 Corinthios.
601 264 142 74 xiii.
696 264 205 74 Apostolus
853 264 205 74 tantopere
1011 264 173 74 effert.
1137 264 110 74 Sic
1200 264 94 74 de
1247 264 220 74 felicitate
1420 264 236 74 Aristotelis
1609 264 157 74 dicas.
1719 264 189 74 Ordinata
1861 264 126 74 enim
1940 264 173 74 propter
2050 264 63 74 fi

401 324 121 59 nem
470 324 138 59 sunt
556 324 155 59 aliis
659 324 310 59 imperfectiora,
918 324 103 59 vt
970 324 155 59 patet
1073 324 190 59 secundo
1211 324 259 59 Physicorum,
1418 324 86 59 &
1452 324 155 59 primo
1555 324 86 59 &
1590 324 172 59 decimo
1711 324 241 59 Ethicorum.
1900 324 138 59 Hanc
1969 324 138 59 proba¬-

410 372 167 61 tionem
527 372 100 61 in
578 372 201 61 prooemio
728 372 268 61 metaphysicae
946 372 201 61 innuebat
1096 372 251 61 Aristoteles
1297 372 218 61 inquiens.
1464 372 284 61 Necessariores
1699 372 167 61 quidem
1816 372 167 61 omnes,
1933 372 184 61 dignior
2050 372 67 61 ve

406 417 99 56 ro
456 417 149 56 nulla
555 417 99 56 vt
605 417 198 56 superius
754 417 264 56 allegauimus.
968 417 149 56 Etiam
1068 417 132 56 nego
1150 417 182 56 maiorem
1283 417 165 56 illius
1398 417 231 56 argumenti,
1580 417 99 56 vt
1630 417 116 56 mox
1696 417 99 56 in
1745 417 215 56 solutione
1911 417 182 56 secundi
2026 417 83 56 pa¬-

404 462 167 54 tebit.
521 462 83 54 ⁋
555 462 100 54 Ad
605 462 134 54 quod
688 462 250 54 respondendo
888 462 150 54 casum
989 462 117 54 non
1055 462 200 54 admitto.
1206 462 167 54 Nullus
1322 462 134 54 enim
1406 462 117 54 est
1473 462 134 54 vere
1556 462 267 54 metaphysicus
1773 462 134 54 nisi
1857 462 234 54 affectibus
2024 462 83 54 cor

405 513 161 62 poreis
517 513 80 62 &
550 513 193 62 mundanis
694 513 225 62 illecebris
871 513 257 62 conculcatis.
1080 513 96 62 Ex
1128 513 241 62 creaturarum
1321 513 161 62 nanque
1434 513 177 62 notitia
1562 513 96 62 in
1611 513 113 62 dei
1675 513 209 62 perfectam
1836 513 193 62 notitiam
1964 513 145 62 deueni¬-

401 561 138 57 mus,
487 561 155 57 sicut
590 561 172 57 innuit
711 561 224 57 Apostolus
883 561 103 57 ad
934 561 189 57 Romanos
1072 561 155 57 primo
1175 561 86 57 &
1210 561 207 57 secundo.
1365 561 121 57 Sic
1434 561 155 57 recte
1537 561 172 57 innuit
1657 561 258 57 philosophus
1864 561 241 57 segregando
2036 561 69 57 im

404 608 267 59 perfectiones
621 608 217 59 creaturae
788 608 83 59 a
822 608 150 59 primo
922 608 184 59 motore:
1055 608 83 59 &
1089 608 267 59 perfectiones
1306 608 250 59 creaturarum
1506 608 134 59 ipsi
1590 608 284 59 communicando.
1823 608 117 59 Qui
1890 608 134 59 opes
1973 608 83 59 &
1990 608 117 59 cadu¬-

411 657 97 59 ca
459 657 195 59 fortunae
606 657 130 59 bona
687 657 114 59 aut
752 657 162 59 foedas
865 657 227 59 voluptates
1044 657 244 59 multifacit,
1239 657 97 59 is
1288 657 130 59 sane
1369 657 195 59 secundum
1515 657 244 59 philosophos
1710 657 114 59 nec
1775 657 114 59 est
1840 657 260 59 metaphysicus
2035 657 81 59 nec

406 703 128 57 eius
486 703 160 57 ianuam
599 703 193 57 olfacere
743 703 193 57 idoneus.
887 703 209 57 Sapientia
1048 703 225 57 prudentiam
1224 703 80 57 &
1256 703 193 57 virtutes
1401 703 225 57 acquisitas
1577 703 96 57 in
1626 703 144 57 apice
1722 703 273 57 praesupponit.
1947 703 112 57 Vna
1995 703 112 57 noti¬-

409 749 115 53 tia
474 749 147 53 primi
572 749 180 53 motoris
703 749 131 53 haud
785 749 196 53 sufficit
932 749 147 53 virum
1031 749 229 53 denominare
1211 749 229 53 sapientem:
1391 749 115 53 sed
1456 749 131 53 ille
1538 749 115 53 qui
1604 749 229 53 sublimiter
1784 749 147 53 talia
1882 749 147 53 multa
1964 749 147 53 callet.

415 795 225 55 Quisquiliae
595 795 135 55 illae
685 795 120 55 quas
760 795 120 55 alii
835 795 90 55 in
879 795 90 55 eo
924 795 135 55 libro
1014 795 195 55 implicant
1164 795 225 55 metaphysica
1344 795 120 55 sunt
1419 795 195 55 indignae,
1569 795 150 55 vtpote
1674 795 90 55 de
1718 795 240 55 distinctione
1913 795 210 55 relationis
2063 795 45 55 a

405 842 230 54 fundamento
585 842 82 54 &
618 842 197 54 termino,
766 842 82 54 &
799 842 99 54 de
848 842 181 54 verboso
980 842 197 54 triplici
1128 842 131 54 modo
1210 842 247 54 relationum,
1407 842 99 54 de
1457 842 263 54 vniuocatione
1670 842 164 54 entis,
1785 842 82 54 &
1818 842 197 54 caeteris
1966 842 99 54 id
1999 842 115 54 genus

409 897 153 55 nugis.
516 897 184 55 Notitiae
654 897 123 55 vero
731 897 123 55 quae
807 897 92 55 in
853 897 153 55 primum
961 897 184 55 motorem,
1099 897 123 55 quem
1175 897 107 55 nos
1237 897 123 55 deum
1314 897 184 55 vocamus,
1452 897 77 55 &
1482 897 92 55 in
1528 897 276 55 intelligentias
1758 897 153 55 orbium
1866 897 199 55 motrices,
2019 897 77 55 &
2050 897 92 55 in

410 942 167 57 corpora
531 942 197 57 caelestia
683 942 212 57 diriguntur
850 942 243 57 metaphysicae
1047 942 137 57 sunt.
1138 942 197 57 Similiter
1290 942 182 57 notitiae
1426 942 228 57 creaturarum
1608 942 106 57 pro
1669 942 152 57 quanto
1775 942 91 57 ad
1821 942 121 57 haec
1896 942 197 57 propinque
2048 942 106 57 ad¬

417 988 295 56 miniculantur.
659 988 156 56 Opera
763 988 156 56 primi
868 988 191 56 motoris
1006 988 104 56 in
1058 988 277 56 superioribus
1284 988 243 56 maximopere
1474 988 208 56 emicant:
1630 988 139 56 quia
1717 988 156 56 caeli
1821 988 208 56 enarrant
1960 988 156 56 gloriam

407 1033 129 54 dei:
487 1033 113 54 non
552 1033 161 54 angeli
665 1033 145 54 solum
761 1033 97 54 vt
810 1033 129 54 alii
890 1033 209 54 exponunt,
1051 1033 113 54 sed
1116 1033 209 54 caelestia
1277 1033 129 54 illa
1357 1033 177 54 corpora
1486 1033 97 54 ad
1534 1033 193 54 literam:
1679 1033 81 54 &
1711 1033 145 54 opera
1808 1033 161 54 manuum
1921 1033 129 54 eius
1985 1033 129 54 annun¬-

420 1079 127 59 ciat
499 1079 254 59 firmamentum.
705 1079 222 59 Speculando
880 1079 111 59 tot
943 1079 206 59 caelestes
1102 1079 143 59 motus
1197 1079 95 59 in
1244 1079 158 59 octauo
1355 1079 143 59 caelo
1450 1079 254 59 stellarumque
1656 1079 174 59 naturas
1783 1079 143 59 tanta
1878 1079 143 59 serie
1958 1079 158 59 tantoque

411 1127 210 76 splendore
572 1127 81 76 a
605 1127 145 76 primo
702 1127 162 76 motore
815 1127 210 76 ordinata.
976 1127 129 76 dico
1057 1127 129 76 ergo
1138 1127 129 76 quod
1219 1127 162 76 nullus
1332 1127 129 76 nisi
1412 1127 194 76 heroicus
1558 1127 178 76 meretur
1687 1127 129 76 dici
1768 1127 145 76 talis
1865 1127 97 76 de
1913 1127 113 76 quo
1962 1127 145 76 amplius

411 1174 108 57 in
465 1174 180 57 decimo
591 1174 180 57 dicere
700 1174 234 57 proponimus.

413 1202 82 78 ⁋
445 1202 99 78 At
495 1202 197 78 fortasse
643 1202 165 78 dicis,
758 1202 99 78 si
807 1202 132 78 nemo
890 1202 132 78 nisi
972 1202 148 78 bonus
1071 1202 263 78 metaphysicus
1284 1202 165 78 fuerit
1400 1202 82 78 &
1433 1202 181 78 malitia
1564 1202 197 78 excaecat
1712 1202 132 78 eius
1794 1202 247 78 intellectum
1992 1202 82 78 a
2008 1202 99 78 pro¬-

423 1270 148 61 runda
521 1270 164 61 talium
636 1270 279 61 speculatione:
866 1270 131 61 ergo
948 1270 181 61 malitia
1079 1270 197 61 excaecat
1227 1270 246 61 intellectum
1424 1270 148 61 circa
1523 1270 279 61 speculabilia:
1753 1270 148 61 cuius
1851 1270 213 61 oppositum
1999 1270 115 61 innue

413 1318 114 50 bat
478 1318 245 50 Aristoteles
674 1318 212 50 superius,
837 1318 114 50 hoc
902 1318 163 50 sexto.
1016 1318 228 50 Responsio.
1196 1318 163 50 Aliqua
1310 1318 130 50 sunt
1391 1318 261 50 speculabilia
1603 1318 196 50 suprema,
1750 1318 163 50 quorum
1864 1318 196 50 notitiam
1995 1318 114 50 habe¬-

417 1369 96 56 re
465 1369 191 56 nequimus
608 1369 127 56 nisi
688 1369 112 56 per
752 1369 143 56 media
847 1369 207 56 ordinata:
1007 1369 80 56 &
1038 1369 223 56 affectibus
1214 1369 239 56 suppositis,
1405 1369 80 56 &
1437 1369 191 56 fortunis
1580 1369 191 56 calcatis
1724 1369 80 56 &
1756 1369 96 56 in
1803 1369 175 56 talibus
1915 1369 207 56 potissimum.

421 1408 177 53 malitia
549 1408 193 53 excaecat
694 1408 257 53 intellectum,
902 1408 144 53 sicut
999 1408 193 53 expresse
1143 1408 209 53 Apostolus
1304 1408 96 53 ad
1352 1408 177 53 Romanos
1480 1408 160 53 dicit.
1592 1408 209 53 Propterea
1753 1408 160 53 quidem
1865 1408 112 53 sua
1913 1408 209 53 stoliditate

420 1456 166 72 deorum
537 1456 266 72 pluralitatem
753 1456 200 72 ponebant
903 1456 83 72 &
936 1456 200 72 mortales
1086 1456 116 72 pro
1152 1456 150 72 deis)
1252 1456 216 72 colebant,
1418 1456 116 72 non
1485 1456 200 72 potentes
1635 1456 116 72 cum
1701 1456 233 72 Aristotele
1884 1456 83 72 &
1917 1456 200 72 reliquis
2050 1456 67 72 ve

414 1505 95 51 re
462 1505 237 51 philosophis
652 1505 190 51 vnitatem
794 1505 111 51 dei
857 1505 79 51 &
889 1505 174 51 similia
1016 1505 142 51 scitu
1111 1505 222 51 dignissima
1269 1505 190 51 attingere.

429 1534 80 72 ⁋
461 1534 96 72 Ad
509 1534 176 72 tertium
637 1534 128 72 dico
717 1534 128 72 quod
797 1534 144 72 maior
892 1534 112 72 est
956 1534 144 72 vera:
1052 1534 96 72 at
1100 1534 144 72 finis
1196 1534 224 72 sapientiae
1372 1534 112 72 est
1436 1534 128 72 fine
1516 1534 224 72 intrinseco
1692 1534 224 72 prudentiae
1867 1534 176 72 melior.
1979 1534 144 72 Pruden¬-

427 1601 114 59 tia
492 1601 130 59 enim
573 1601 179 59 ordinat
703 1601 130 59 sibi
784 1601 146 59 finem
882 1601 244 59 extrinsecum
1077 1601 195 59 supremum
1223 1601 130 59 opus
1304 1601 244 59 sapientiae,
1499 1601 81 59 &
1532 1601 179 59 ordinat
1662 1601 260 59 conducibilia
1873 1601 98 59 ad
1922 1601 146 59 illum
2003 1601 114 59 finem

429 1653 249 54 attingendum,
631 1653 109 54 qui
694 1653 140 54 alios
787 1653 140 54 fines
880 1653 93 54 ei
927 1653 249 54 subordinatos
1129 1653 202 54 continet:
1284 1653 140 54 sicut
1377 1653 140 54 finis
1470 1653 186 54 supremus
1610 1653 186 54 caeteros
1750 1653 140 54 fines
1843 1653 93 54 in
1890 1653 109 54 eum
1937 1653 186 54 ordinatos.

421 1693 75 70 ⁋
451 1693 90 70 Ex
496 1693 105 70 his
556 1693 180 70 sequitur
692 1693 120 70 quod
767 1693 226 70 intellectus
947 1693 271 70 contemplatiuus
1173 1693 105 70 est
1233 1693 256 70 praestabilior
1443 1693 211 70 intellectu
1609 1693 165 70 actiuo.
1729 1693 105 70 Hoc
1789 1693 105 70 est
1849 1693 195 70 nobiliori
1985 1693 135 70 acciden

424 1745 95 51 ti
472 1745 221 51 redunitur:
645 1745 79 51 &
677 1745 111 51 hoc
740 1745 126 51 modo
819 1745 111 51 est
882 1745 190 51 nobilior
1025 1745 142 51 licet
1119 1745 158 51 reipsa
1230 1745 111 51 sit
1293 1745 126 51 idem
1372 1745 237 51 intellectus
1546 1745 142 51 numero.

422 1771 84 80 ⁋
456 1771 168 80 Contra
573 1771 117 80 hoc
640 1771 252 80 corollarium
842 1771 101 80 ex
892 1771 168 80 dictis
1010 1771 185 80 sequens
1144 1771 117 80 sic
1211 1771 252 80 argumentor.
1412 1771 134 80 Illa
1496 1771 168 80 virtus
1614 1771 117 80 est
1681 1771 285 80 praestabilior
1916 1771 134 80 quae
1983 1771 134 80 melio¬-

429 1838 121 44 rem
498 1838 173 44 animae
619 1838 242 44 particulam
809 1838 225 44 perficit.
982 1838 225 44 prudentia
1155 1838 156 44 autem
1259 1838 121 44 est
1328 1838 242 44 huiusmodi,
1518 1838 190 44 igitur.
1656 1838 277 44 Consequentia
1881 1838 156 44 patet
1985 1838 121 44 cum
2037 1838 86 44 ma¬-

427 1879 158 56 iore.
533 1879 158 56 Minor
638 1879 211 56 bifariam
796 1879 228 56 probatur,
972 1879 158 56 primo
1077 1879 140 56 sic,
1165 1879 158 56 lllud
1270 1879 123 56 est
1340 1879 193 56 hominis
1481 1879 193 56 optimum
1621 1879 140 56 quod
1709 1879 123 56 per
1779 1879 211 56 malitiam
1920 1879 193 56 corrumpi¬-

419 1929 132 61 tur,
501 1929 82 61 &
534 1929 115 61 per
600 1929 280 61 bestialitatem
831 1929 264 61 extinguitur:
1045 1929 115 61 sed
1111 1929 132 61 pars
1193 1929 165 61 animae
1308 1929 115 61 per
1374 1929 231 61 prudentiam
1556 1929 280 61 perfectibilis
1786 1929 132 61 est,
1869 1929 214 61 huiusmodi
2017 1929 99 61 igi¬-

419 1977 134 61 tur.
503 1977 150 61 Maior
603 1977 150 61 huius
703 1977 234 61 syllogismi
887 1977 184 61 patebit
1020 1977 100 61 in
1070 1977 184 61 septimo
1204 1977 167 61 libro:
1321 1977 83 61 &
1354 1977 150 61 minor
1454 1977 100 61 in
1504 1977 117 61 hoc
1571 1977 150 61 sexto
1671 1977 217 61 iampridem
1838 1977 184 61 patuit.
1972 1977 117 61 Per
2022 1977 100 61 tem¬-

437 2027 223 45 perantiam
608 2027 137 45 enim
694 2027 257 45 conseruatur
900 2027 223 45 prudentia
1071 2027 86 45 &
1105 2027 120 45 per
1174 2027 309 45 intemperantiam
1431 2027 274 45 corrumpitur.
1654 2027 206 45 Secundo,
1808 2027 223 45 prudentia
1963 2027 154 45 praeci¬-

439 2072 107 54 pit
500 2072 230 54 sapientiae:
684 2072 122 54 ergo
760 2072 107 54 est
821 2072 184 54 respectu
959 2072 122 54 eius
1036 2072 291 54 architectonica.
1280 2072 214 54 Antecedens
1449 2072 138 54 patet
1540 2072 92 54 in
1586 2072 199 54 principio
1739 2072 138 54 huius
1831 2072 153 54 sexti,
1938 2072 77 54 &
1969 2072 92 54 in
2000 2072 122 54 tertio

435 2116 98 55 de
484 2116 147 55 anima
582 2116 196 55 superius
729 2116 262 55 recitauimus.
942 2116 131 55 Pars
1024 2116 131 55 vero
1106 2116 246 55 speculatiua
1302 2116 147 55 nihil
1401 2116 164 55 mouet:
1515 2116 196 55 practica
1663 2116 147 55 autem
1761 2116 147 55 mouet
1859 2116 196 55 caeteras
1990 2116 131 55 poten¬-

421 2166 156 55 tias.
525 2166 243 55 Responsio.
716 2166 260 55 Aristoteles
924 2166 104 55 in
976 2166 191 55 septimo
1115 2166 226 55 Ethicorum
1289 2166 156 55 vocat
1393 2166 191 55 optimum
1532 2166 104 55 in
1584 2166 174 55 homine
1705 2166 156 55 totam
1810 2166 174 55 partem
1914 2166 208 55 rationalem

430 2215 230 61 distinctam
610 2215 164 61 contra
725 2215 164 61 partem
840 2215 246 61 sensitiuam,
1036 2215 115 61 sic
1102 2215 131 61 quod
1184 2215 115 61 non
1250 2215 230 61 distinguit
1430 2215 98 61 in
1479 2215 164 61 partem
1594 2215 262 61 prudentialem
1807 2215 82 61 &
1840 2215 279 61 sapientialem.
2053 2215 66 61 Et

428 2258 133 56 dico
512 2258 150 56 primo
611 2258 133 56 quod
695 2258 133 56 illa
778 2258 166 56 animae
894 2258 133 56 pars
977 2258 266 56 prudentialis
1194 2258 250 56 corrumpitur
1393 2258 116 56 per
1460 2258 316 56 intemperantiam.
1726 2258 100 56 Et
1776 2258 100 56 ex
1826 2258 250 56 consequenti
2009 2258 116 56 quan¬-

435 2309 113 57 tum
500 2309 97 57 ad
548 2309 162 57 partem
662 2309 275 57 sapientialem,
889 2309 130 57 quae
970 2309 162 57 partem
1083 2309 259 57 prudentialem
1294 2309 275 57 praesupponit,
1520 2309 130 57 dico
1601 2309 178 57 secundo
1731 2309 130 57 quod
1812 2309 146 57 licet
1909 2309 194 57 iudicium
2055 2309 97 57 in

444 2358 248 56 geometricis
643 2358 83 56 &
676 2358 265 56 arithmeticis
891 2358 199 56 habeatur
1040 2358 265 56 qualecunque,
1255 2358 132 56 sane
1338 2358 149 56 etiam
1437 2358 265 56 imperfectum:
1653 2358 116 56 non
1719 2358 149 56 tamen
1818 2358 99 56 in
1868 2358 248 56 sublimibus:
2050 2358 66 56 ea

439 2402 170 65 propter
562 2402 139 65 scite
654 2402 170 65 dicebat
778 2402 231 65 Hipocrates,
963 2402 108 65 Eos
1024 2402 170 65 homines
1148 2402 108 65 qui
1209 2402 154 65 ventri
1317 2402 170 65 student
1441 2402 108 65 non
1502 2402 123 65 esse
1579 2402 216 65 caelestes,
1749 2402 139 65 neque
1842 2402 123 65 bene
1919 2402 154 65 valere
2011 2402 108 65 corpo

433 2456 108 58 re:
494 2456 186 58 eorumque
634 2456 155 58 animas
742 2456 139 58 nimio
835 2456 201 58 sanguine,
989 2456 139 58 nimia
1082 2456 155 58 sagina
1190 2456 124 58 esse
1268 2456 247 58 praepeditas,
1469 2456 93 58 ac
1515 2456 93 58 si
1561 2456 124 58 luto
1639 2456 155 58 forent
1747 2456 232 58 implicitae:
1932 2456 77 58 &
1948 2456 170 58 propterea

437 2497 127 58 nihil
522 2497 141 58 tenue,
621 2497 127 58 nihil
705 2497 170 58 caeleste
833 2497 170 58 meditari
960 2497 141 58 posse.
1059 2497 85 58 Et
1101 2497 99 58 ita
1158 2497 99 58 est
1214 2497 85 58 de
1257 2497 184 58 plerisque
1398 2497 127 58 aliis
1483 2497 212 58 sceleribus,
1653 2497 113 58 quae
1723 2497 113 58 viri
1794 2497 226 58 conscientiam
1964 2497 155 58 lacerant,

438 2544 81 55 &
470 2544 130 55 hinc
552 2544 130 55 inde
633 2544 244 55 distrahunt.
829 2544 98 55 Ad
877 2544 147 55 aliam
975 2544 195 55 rationem
1122 2544 98 55 de
1171 2544 212 55 praecepto
1333 2544 244 55 prudentiae,
1529 2544 130 55 sane
1610 2544 163 55 nequeo
1724 2544 195 55 admirari
1871 2544 147 55 quare
1968 2544 98 55 in
2001 2544 114 55 tali¬-

440 2590 119 61 bus
508 2590 220 61 confidant
677 2590 119 61 cum
745 2590 136 61 hanc
830 2590 203 61 rationem
982 2590 254 61 philosophus
1186 2590 169 61 capite
1304 2590 169 61 finali
1423 2590 153 61 huius
1525 2590 153 61 libri
1626 2590 220 61 diluerit:
1796 2590 169 61 nihilo
1915 2590 153 61 tamen
1999 2590 119 61 minus

432 2632 150 66 adhuc
533 2632 201 66 paululum
683 2632 234 66 respondere
867 2632 134 66 haud
951 2632 201 66 pigebit.
1101 2632 134 66 Ipsa
1185 2632 117 66 est
1252 2632 201 66 vtcunque
1402 2632 268 66 praeceptiua,
1619 2632 100 66 vt
1670 2632 134 66 ante
1753 2632 251 66 narrauimus,
1937 2632 184 66 voluntati

436 2691 105 57 qua
496 2691 224 57 intellectus
675 2691 105 57 est
735 2691 194 57 inferior.
884 2691 164 57 Secundo
1003 2691 119 57 nego
1078 2691 119 57 quod
1153 2691 209 57 sapientiae
1317 2691 224 57 praecipiat,
1496 2691 105 57 sed
1556 2691 119 57 ipsa
1630 2691 164 57 tanquam
1750 2691 164 57 ancilla
1869 2691 209 57 sapientiae
2019 2691 105 57 mini¬-

433 2733 157 65 strat,
543 2733 94 65 de
591 2733 142 65 vitae
685 2733 236 65 necessariis
874 2733 236 65 prouidendo:
1063 2733 126 65 quia
1142 2733 236 65 impossibile
1331 2733 110 65 est
1394 2733 157 65 omnino
1504 2733 205 65 pauperem.
1662 2733 268 65 philosophari.
1882 2733 189 65 Aquilas,
2024 2733 94 65 vt
2055 2733 79 65 di¬-

430 2782 108 61 xi,
491 2782 201 61 altissime
646 2782 186 61 volitans
785 2782 93 61 in
831 2782 139 61 terra
924 2782 108 61 pro
986 2782 124 61 esca
1063 2782 216 61 descendit,
1233 2782 77 61 &
1264 2782 139 61 rerum
1357 2782 247 61 sufficientia
1558 2782 232 61 impedimenta
1744 2782 155 61 studii
1852 2782 170 61 tollit,
1975 2782 155 61 quibus
2068 2782 62 61 po

445 2828 147 57 sitis
543 2828 131 57 acri
624 2828 180 57 ingenio
755 2828 163 57 probus
870 2828 114 57 vir
935 2828 98 57 ad
984 2828 245 57 speculandum
1180 2828 163 57 suapte
1295 2828 163 57 natura
1409 2828 114 57 est
1474 2828 196 57 idoneus.
1621 2828 147 57 Omnes
1719 2828 180 57 homines
1850 2828 163 57 natura
1965 2828 147 57 scire
2046 2828 82 57 de¬-

437 2876 208 63 siderant
593 2876 156 63 primo
697 2876 295 63 metaphysicae.
939 2876 104 63 Et
991 2876 243 63 officiorum
1182 2876 156 63 primo
1286 2876 208 63 Tullius,
1442 2876 156 63 omnes
1546 2876 139 63 enim
1632 2876 208 63 trahimur
1788 2876 260 63 naturaliter
1996 2876 87 63 &
2014 2876 121 63 duci¬-

438 2929 110 52 mur
501 2929 95 52 ad
549 2929 221 52 agnitiones
722 2929 79 52 &
754 2929 205 52 scientiae
911 2929 252 52 cupiditatem.
1116 2929 126 52 Dixi
1195 2929 174 52 probus:
1322 2929 95 52 si
1369 2929 126 52 enim
1448 2929 158 52 auarus
1558 2929 158 52 fuerit
1669 2929 142 52 circa
1763 2929 205 52 scientias
1921 2929 189 52 pecuniae
2047 2929 79 52 lu¬-

436 2969 201 59 cratiuas
587 2969 134 59 sese
671 2969 185 59 obruet,
805 2969 101 59 vt
856 2969 151 59 circa
956 2969 151 59 legum
1057 2969 185 59 griphos
1191 2969 201 59 insontes
1342 2969 185 59 saepius
1477 2969 185 59 vexando
1611 2969 117 59 pro
1678 2969 201 59 marsupio
1829 2969 218 59 implendo.
1997 2969 101 59 Et
2030 2969 101 59 bre¬-

441 3020 156 63 uiter
544 3020 156 63 verum
648 3020 311 63 liberalissimum
907 3020 86 63 a
942 3020 207 63 mundanis
1097 3020 156 63 curis
1201 3020 190 63 semotum
1339 3020 259 63 metaphysica
1547 3020 225 63 requirit:
1719 3020 156 63 cuius
1823 3020 207 63 obiectum
1978 3020 138 63 quia
2048 3020 86 63 est

449 3071 221 57 purissimum
623 3071 331 57 sublimissimumque,
907 3071 316 57 proportionabilem
1175 3071 237 57 intellectum
1365 3071 237 57 efflagitat:
1554 3071 110 57 qui
1617 3071 95 57 in
1664 3071 252 57 speculatione
1870 3071 110 57 non
1933 3071 158 57 sistit
2027 3071 95 57 cur¬-

431 3122 127 64 sum
503 3122 163 64 suum,
612 3122 163 64 verum
720 3122 108 64 in
774 3122 181 64 primum
901 3122 199 64 motorem
1045 3122 253 64 efferendum
1244 3122 127 64 per
1317 3122 253 64 voluntatem
1515 3122 235 64 procedit:
1696 3122 163 64 etiam
1805 3122 108 64 in
1859 3122 145 64 puro
1949 3122 181 64 lumine
2058 3122 72 64 na

440 3160 164 71 turali
554 3160 245 71 procedendo.
750 3160 114 71 Hoc
816 3160 147 71 autem
914 3160 164 71 latius
1028 3160 114 71 (si
1094 3160 131 71 fata
1176 3160 180 71 sinant)
1306 3160 98 71 in
1355 3160 180 71 decimum
1486 3160 213 71 recludere
1633 3160 213 71 proponimus.
