2421 3608
439 224 208 89 promptum
595 224 122 89 est
664 224 174 89 vbique
786 224 122 89 est
855 224 87 89 a
890 224 243 89 notioribus
1081 224 260 89 inchoandum.
1289 224 208 89 Bifarium
1446 224 156 89 autem
1550 224 174 89 aliqua
1671 224 191 89 notiora
1810 224 226 89 dicuntur,
1984 224 139 89 vnon
2053 224 87 89 mo¬-

450 297 95 56 do
498 297 252 56 simpliciter,
702 297 110 56 hoc
765 297 110 56 est
828 297 110 56 quo
891 297 95 56 ad
939 297 189 56 naturam.
1080 297 95 56 in
1128 297 173 56 talibus
1254 297 79 56 a
1285 297 142 56 causa
1380 297 95 56 ad
1427 297 189 56 effectum
1569 297 79 56 &
1600 297 79 56 a
1632 297 158 56 priori
1742 297 95 56 ad
1789 297 205 56 posterius
1931 297 205 56 proceditur.

450 345 138 54 Talia
542 345 231 54 simpliciter
726 345 123 54 sunt
803 345 184 54 notiora,
941 345 138 54 sicut
1034 345 138 54 causa
1126 345 184 54 effectum
1264 345 215 54 praecedit,
1433 345 108 54 ita
1495 345 169 54 parilis
1618 345 92 54 in
1664 345 169 54 talibus
1787 345 108 54 est
1848 345 261 54 demonstratio.
2048 345 92 54 Alia

448 390 133 57 sunt
531 390 149 57 nobis
631 390 149 57 nota:
730 390 83 57 &
764 390 149 57 nobis
863 390 216 57 principia
1029 390 133 57 nota
1112 390 116 57 non
1178 390 149 57 sunt,
1278 390 83 57 a
1311 390 149 57 nobis
1411 390 232 57 notioribus
1593 390 100 57 ad
1643 390 216 57 principia
1809 390 265 57 discurrimus.
2024 390 100 57 In
2058 390 66 57 Ma

436 431 236 68 thematicis
621 431 152 68 autem
722 431 152 68 eadem
823 431 135 68 sunt
908 431 152 68 nobis
1009 431 135 68 nota
1093 431 84 68 &
1127 431 202 68 naturae.
1278 431 101 68 In
1329 431 202 68 naturali
1480 431 84 68 &
1514 431 168 68 morali
1632 431 253 68 philosophia
1834 431 236 68 frequenter
2002 431 135 68 princi

443 479 118 69 pia
511 479 135 69 sunt
595 479 237 69 ignotiora.
781 479 135 69 hinc
866 479 254 69 corollarium
1069 479 237 69 suboritur,
1255 479 220 69 inquiens,
1424 479 186 69 proinde
1559 479 186 69 moribus
1694 479 203 69 educatum
1847 479 135 69 esse
1931 479 186 69 oportet
2049 479 85 69 eum

446 527 110 67 qui
509 527 95 67 in
557 527 110 67 hac
620 527 126 67 arte
698 527 95 67 de
746 527 221 67 honestate,
919 527 189 67 iustitia
1061 527 79 67 &
1093 527 126 67 omni
1171 527 158 67 ciuili
1282 527 189 67 ratione,
1424 527 110 67 hoc
1487 527 110 67 est
1550 527 173 67 morali,
1676 527 110 67 est
1739 527 221 67 auditurus.
1912 527 110 67 Est
1975 527 126 67 enim
2038 527 95 67 prin

443 581 186 61 cipium:
579 581 136 61 esse
663 581 169 61 supple
782 581 136 61 bene
867 581 203 61 educatum
1019 581 102 61 in
1070 581 203 61 moribus.
1223 581 119 61 Nam
1291 581 220 61 principia
1460 581 102 61 ex
1511 581 102 61 se
1562 581 85 61 &
1596 581 119 61 non
1663 581 119 61 per
1731 581 136 61 alia
1816 581 220 61 principia
1968 581 153 61 cognita

446 619 126 69 esse
525 619 174 69 debent.
652 619 95 69 Et
699 619 111 69 cui
762 619 111 69 hoc
825 619 253 69 sufficienter
1031 619 237 69 constiterit
1220 619 190 69 inquirit
1362 619 95 69 in
1410 619 158 69 cassum
1520 619 111 69 cur
1583 619 205 69 principia
1741 619 126 69 vera
1820 619 142 69 sint.
1915 619 190 69 Sufficit
2041 619 95 69 tibi

443 667 232 55 cognoscere
626 667 249 55 reubarbarum
825 667 133 55 esse
908 667 232 55 purgatiuum
1090 667 215 55 cholerae,
1256 667 133 55 esto
1338 667 133 55 quod
1421 667 99 55 te
1471 667 166 55 lateat
1587 667 182 55 quomodo
1720 667 199 55 choleram
1869 667 182 55 purgat.
1985 667 149 55 ldenti¬-

434 712 121 65 dem
503 712 156 65 satis
607 712 121 65 est
676 712 242 65 cognoscere
867 712 329 65 concupiscentiam
1144 712 208 65 effrenem
1300 712 121 65 per
1369 712 277 65 abstinentiam
1594 712 139 65 esse
1681 712 242 65 domabilem,
1871 712 156 65 licet
1975 712 173 65 causam
2079 712 52 65 a

442 766 174 61 priore
564 766 174 61 minime
686 766 244 61 cognoscas.
878 766 105 61 In
930 766 297 61 mathematicis,
1174 766 244 61 dignitates
1366 766 87 61 a
1401 766 174 61 seipso
1523 766 192 61 iuuenis
1663 766 209 61 geometra
1819 766 157 61 capit
1924 766 105 61 vt
1976 766 140 61 omne
2046 766 70 61 to

438 816 114 51 tum
503 816 114 51 est
568 816 114 51 sua
632 816 146 51 parte
730 816 162 51 maius.
843 816 227 51 Petitiones
1022 816 97 51 ab
1070 816 130 51 ipso
1152 816 195 51 monitore
1298 816 211 51 percipit.
1460 816 97 51 at
1509 816 114 51 qui
1573 816 130 51 bene
1655 816 178 51 moribus
1784 816 227 51 institutus
1963 816 130 51 est,
2044 816 114 51 aut

444 857 112 66 iam
508 857 143 66 huius
603 857 207 66 doctrinae
763 857 207 66 principia
922 857 159 66 tenet,
1034 857 112 66 aut
1097 857 207 66 facillime
1257 857 80 66 a
1289 857 143 66 recte
1384 857 175 66 docente
1512 857 207 66 recipiet.
1671 857 112 66 Qui
1735 857 143 66 autem
1830 857 143 66 neque
1926 857 207 66 principia
2069 857 64 66 ha

441 904 129 68 bet,
522 904 146 68 neque
619 904 97 68 ea
667 904 162 68 facile
780 904 81 68 a
813 904 194 68 tradente
958 904 194 68 recipit,
1104 904 162 68 audiat
1217 904 194 68 Hesiodum
1362 904 113 68 qui
1427 904 178 68 inquit,
1556 904 194 68 Leonardo
1686 904 210 68 interprete.

550 953 194 66 Optimus
691 953 141 66 ille
780 953 176 66 quidem
903 953 123 66 qui
974 953 123 66 per
1044 953 141 66 sese
1132 953 159 66 omnia
1221 953 176 66 noscens:

549 1001 227 54 Praeceptor
727 1001 130 54 suus
809 1001 130 54 ipse
890 1001 130 54 sibi
971 1001 179 54 meliora
1085 1001 162 54 peregit.

541 1031 139 77 Ille
628 1031 157 77 bonus
732 1031 192 77 rursum:
872 1031 192 77 monitus
1011 1031 122 77 qui
1081 1031 157 77 recta
1168 1031 192 77 sequatur.

549 1091 111 67 Qui
613 1091 143 67 neque
708 1091 143 67 recta
804 1091 159 67 videt,
915 1091 143 67 neque
1011 1091 159 67 credit
1122 1091 143 67 recta
1202 1091 159 67 monenti:

540 1144 114 54 Hic
605 1144 146 54 solus
702 1144 146 54 nulla
800 1144 146 54 parte
897 1144 163 54 vtilis
1011 1144 130 54 esse
1076 1144 179 54 probatur.

544 1168 178 88 Quidam
669 1168 125 88 sic
740 1168 320 88 interpretantur
1007 1168 142 88 haec
1096 1168 196 88 Hesiodi
1220 1168 178 88 carmina.

552 1236 190 62 Optimus
690 1236 104 62 is
742 1236 138 62 sese
828 1236 121 62 qui
897 1236 156 62 nouit
1001 1236 173 62 cuncta
1105 1236 190 62 magistro,

551 1280 256 60 Prospiciens
756 1280 154 60 rerum
858 1280 171 60 fines:
978 1280 188 60 meliora
1097 1280 188 60 sequutus.

546 1334 195 54 Dignum
683 1334 176 54 laude
800 1334 176 54 virum
917 1334 234 54 parentem
1093 1334 176 54 recta
1190 1334 176 54 monenti

555 1381 213 54 Credimus:
719 1381 131 54 ille
801 1381 148 54 autem
899 1381 131 54 sibi
981 1381 115 54 qui
1047 1381 115 54 non
1112 1381 213 54 consulit,
1277 1381 82 54 &
1293 1381 82 54 qui

560 1423 178 66 Alterius
694 1423 193 66 praecepta
842 1423 133 66 fugit
931 1423 133 66 nulli
1020 1423 148 66 vtilis
1124 1423 104 66 est
1168 1423 89 66 vir.

461 1442 84 92 ⁋
495 1442 217 92 Dubitatur
662 1442 100 92 an
712 1442 100 92 in
762 1442 201 92 fortunis
913 1442 217 92 consistat
1080 1442 234 92 beatitudo.
1264 1442 251 92 Respondetur
1464 1442 134 92 quod
1548 1442 201 92 duplices
1698 1442 134 92 sunt
1782 1442 150 92 opes,
1882 1442 100 92 vt
1932 1442 150 92 patet
2016 1442 117 92 primo

471 1520 221 63 politicae,
645 1520 189 63 scilicet
786 1520 205 63 naturales
944 1520 79 63 &
975 1520 268 63 artificiales.
1196 1520 110 63 Per
1259 1520 126 63 opes
1338 1520 205 63 naturales
1495 1520 158 63 homini
1605 1520 221 63 subuenitur
1779 1520 95 63 ad
1826 1520 189 63 defectus
1952 1520 173 63 naturales

450 1567 227 60 tollendos,
628 1567 243 60 quemadmodum
822 1567 130 60 sunt
904 1567 162 60 cibus,
1017 1567 162 60 potus,
1130 1567 194 60 amictus,
1276 1567 81 60 &
1309 1567 178 60 caetera
1438 1567 97 60 id
1487 1567 162 60 genus.
1600 1567 130 60 Opes
1681 1567 259 60 artificiales
1892 1567 97 60 ab
1941 1567 162 60 humana
2038 1567 97 60 arte

451 1612 109 62 ob
505 1612 199 62 facilem
650 1612 163 62 rerum
759 1612 217 62 venalium
921 1612 308 62 commutationem
1175 1612 290 62 inueniuntur,
1410 1612 109 62 vt
1464 1612 235 62 pecuniae.
1645 1612 127 62 Hoc
1718 1612 253 62 praelibato
1899 1612 235 62 respondetur

446 1661 118 62 per
514 1661 135 62 hanc
598 1661 286 62 conclusionem.
833 1661 185 62 Hominis
968 1661 219 62 felicitas
1137 1661 118 62 non
1204 1661 219 62 consistit
1372 1661 101 62 in
1423 1661 185 62 opibus.
1557 1661 236 62 Ostenditur
1743 1661 135 62 haec
1827 1661 236 62 conclusio.
2012 1661 118 62 Nam
2063 1661 67 62 si

449 1708 100 63 in
499 1708 117 63 eis
566 1708 267 63 consisteret,
783 1708 234 63 potissimum
967 1708 100 63 in
1017 1708 251 63 naturalibus
1218 1708 234 63 haberetur:
1402 1708 117 63 sed
1469 1708 117 63 hoc
1535 1708 134 63 non,
1619 1708 134 63 ergo
1703 1708 217 63 beatitudo
1870 1708 117 63 non
1936 1708 184 63 habetur
2070 1708 100 63 in

448 1750 189 56 opibus.
585 1750 154 56 Tenet
688 1750 275 56 consequentia
911 1750 86 56 a
946 1750 137 56 tota
1031 1750 275 56 conditionali
1255 1750 120 56 cum
1323 1750 275 56 destructione
1546 1750 275 56 consequentis
1770 1750 103 56 ad
1821 1750 292 56 destructionem
2044 1750 86 56 an¬-

460 1811 270 49 tecedentis.
676 1811 216 49 Probatur
838 1811 126 49 iam
910 1811 180 49 minor,
1036 1811 234 49 huiusmodi
1216 1811 144 49 opes
1307 1811 252 49 quaeruntur
1505 1811 108 49 ad
1559 1811 198 49 hominis
1703 1811 324 49 manutenentiam,
1973 1811 90 49 &
2009 1811 108 49 ob
2045 1811 90 49 eum

463 1847 168 64 tanquam
585 1847 92 64 ad
631 1847 137 64 finem
722 1847 229 64 ordinantur:
905 1847 168 64 proinde
1027 1847 107 64 non
1088 1847 168 64 possunt
1210 1847 122 64 esse
1286 1847 122 64 eius
1363 1847 153 64 finis.
1469 1847 92 64 Et
1515 1847 92 64 ex
1561 1847 122 64 illo
1637 1847 183 64 sequitur
1774 1847 122 64 quod
1851 1847 122 64 opes
1912 1847 214 64 artificiales

453 1895 116 73 non
520 1895 183 73 possunt
653 1895 249 73 felicitatem
852 1895 266 73 constituere.
1068 1895 149 73 porro
1168 1895 149 73 illae
1267 1895 116 73 non
1334 1895 233 73 quaeruntur
1516 1895 133 73 nisi
1599 1895 183 73 propter
1732 1895 233 73 naturales.
1915 1895 183 73 Pecunia
2031 1895 100 73 enim

444 1940 204 53 emuntur
593 1940 130 53 res
667 1940 111 53 ad
722 1940 204 53 humanam
870 1940 167 53 vitam
963 1940 259 53 necessariae.

460 1963 86 87 ⁋
494 1963 171 87 Contra
614 1963 120 87 hoc
682 1963 257 87 argumentor.
888 1963 137 87 Opes
974 1963 103 87 in
1025 1963 188 87 hominis
1162 1963 188 87 affectu
1299 1963 257 87 dominantur:
1504 1963 103 87 at
1556 1963 223 87 beatitudo
1727 1963 103 87 in
1778 1963 137 87 tali
1864 1963 240 87 consistit,
2035 1963 103 87 igi¬-

462 2032 133 65 tur.
546 2032 150 65 Maior
646 2032 167 65 patet,
763 2032 267 65 Ecclesiastes
979 2032 183 65 decimo.
1113 2032 200 65 Pecuniae
1263 2032 200 65 obediunt
1413 2032 167 65 omnia.
1530 2032 250 65 Respondetur
1730 2032 133 65 quod
1813 2032 200 65 opinione
1947 2032 183 65 stultorum

446 2086 154 60 nummo
548 2086 154 60 omnia
651 2086 171 60 parent
770 2086 171 60 saltem
890 2086 256 60 corporalia,
1095 2086 85 60 &
1129 2086 137 60 eius
1214 2086 256 60 illecebrae,
1419 2086 120 60 non
1487 2086 154 60 tamen
1590 2086 273 60 spiritualia.
1812 2086 273 60 Prouerbiorum
2017 2086 120 60 deci¬-

442 2124 237 66 moseptimo
624 2124 146 66 Quid
716 2124 201 66 prodest
862 2124 183 66 stulto
990 2124 219 66 diuitias
1154 2124 183 66 habere
1282 2124 128 66 cum
1355 2124 256 66 sapientiam
1556 2124 164 66 emere
1665 2124 128 66 non
1738 2124 201 66 posset?
1884 2124 237 66 Sapientes
2049 2124 91 66 non

461 2179 139 62 plus
547 2179 156 62 iusto
652 2179 226 62 extollunt
825 2179 226 62 pecuniam:
999 2179 174 62 quorum
1121 2179 208 62 iudicium
1277 2179 104 62 in
1329 2179 122 62 hac
1399 2179 156 62 parte
1503 2179 156 62 solum
1607 2179 122 62 est
1676 2179 278 62 trutinandum.
1902 2179 156 62 Sicut
2006 2179 104 62 in
2041 2179 87 62 sa¬-

448 2230 162 57 porum
556 2230 269 57 discretione
771 2230 233 57 eligendus
951 2230 126 57 est
1022 2230 144 57 ille
1112 2230 126 57 qui
1184 2230 162 57 habet
1291 2230 215 57 eorundem
1453 2230 179 57 gustum
1561 2230 215 57 moderatum.

458 2248 87 87 ⁋
492 2248 226 87 Dubitatur
666 2248 104 87 an
719 2248 104 87 in
771 2248 209 87 corporis
927 2248 157 87 forma
1032 2248 226 87 consistat
1206 2248 244 87 beatitudo.
1397 2248 261 87 Respondetur
1606 2248 226 87 negatiue.
1780 2248 174 87 fiuxus
1902 2248 139 87 enim
1989 2248 87 87 &
2006 2248 122 87 cadu¬-

456 2318 111 61 cus
520 2318 111 61 est
583 2318 175 61 hominis
710 2318 159 61 decor:
822 2318 79 61 &
853 2318 111 61 non
917 2318 111 61 est
981 2318 95 61 in
1028 2318 207 61 potestate
1187 2318 207 61 habentis.
1346 2318 159 61 aliqui
1458 2318 191 61 studiosi
1601 2318 127 61 sunt
1680 2318 175 61 defoeto
1807 2318 175 61 corpore
1934 2318 79 61 &
1966 2318 207 61 languido:

463 2369 113 56 nec
527 2369 178 56 possunt
657 2369 129 56 opem
737 2369 129 56 illi
818 2369 194 56 afferre.
963 2369 210 56 Beatitudo
1125 2369 113 56 est
1189 2369 97 56 in
1238 2369 178 56 hominis
1367 2369 210 56 facultate
1529 2369 145 56 sita.
1625 2369 129 56 Item
1706 2369 178 56 secundm
1835 2369 258 56 beatitudinem
2029 2369 97 56 homo

459 2413 163 63 beluas
573 2413 261 63 transcendit:
785 2413 114 63 sed
851 2413 114 63 eas
916 2413 98 63 in
965 2413 196 63 corporis
1112 2413 245 63 praestantia
1308 2413 114 63 non
1374 2413 180 63 anteit:
1504 2413 163 63 homine
1619 2413 131 63 enim
1700 2413 229 63 clephantus
1880 2413 114 63 aut
1945 2413 163 63 ceruus
2043 2413 82 63 est

456 2459 200 56 viuacior
606 2459 83 56 &
640 2459 233 56 robustior,
823 2459 83 56 &
856 2459 133 56 homo
939 2459 100 56 in
989 2459 250 56 pernicitate
1189 2459 83 56 a
1223 2459 167 56 timido
1339 2459 183 56 lepore:
1472 2459 100 56 in
1522 2459 167 56 robore
1639 2459 83 56 a
1672 2459 150 56 leone
1772 2459 217 56 vincitur:
1939 2459 133 56 quia
2005 2459 117 56 tamen

449 2503 136 65 bona
534 2503 204 65 corporis
687 2503 102 65 ad
738 2503 170 65 animam
857 2503 221 65 immediate
1027 2503 238 65 conducunt,
1214 2503 204 65 fortunis
1368 2503 238 65 praestant.
1555 2503 204 65 Secundum
1708 2503 153 65 illud
1810 2503 306 65 ecclesiastici,
2048 2503 85 65 tri

455 2557 175 67 gesimo.
583 2557 112 67 Non
646 2557 112 67 est
710 2557 160 67 census
822 2557 144 67 supra
918 2557 160 67 censum
1029 2557 175 67 salutis
1157 2557 207 67 corporis.
1316 2557 144 67 Etiam
1412 2557 207 67 saepicule
1572 2557 160 67 corpus
1683 2557 223 67 speciosum,
1859 2557 112 67 est
1923 2557 175 67 occasio
2034 2557 96 67 rui¬-

451 2606 121 58 nae,
526 2606 136 58 patet
617 2606 90 58 in
662 2606 166 58 vtroque
767 2606 106 58 sexu.

460 2624 88 83 ⁋
496 2624 229 83 Dubitatur
672 2624 106 83 an
725 2624 229 83 beatitudo
902 2624 106 83 in
955 2624 229 83 honoribus
1131 2624 247 83 consistat.
1325 2624 265 83 Respondetur
1537 2624 229 83 negatiue.
1713 2624 159 83 Honor
1819 2624 141 83 enim
1908 2624 124 83 est
1978 2624 141 83 quid
2049 2624 88 83 ex¬-

452 2700 220 50 trinsecum
621 2700 102 50 in
672 2700 237 50 honorante:
858 2700 85 50 &
892 2700 169 50 alicui
1011 2700 220 50 exhibetur
1180 2700 102 50 ob
1231 2700 288 50 excellentiam,
1468 2700 85 50 &
1502 2700 119 50 est
1569 2700 169 50 signum
1688 2700 271 50 excellentiae
1908 2700 169 50 ipsius
2010 2700 119 50 hono¬-

456 2747 157 52 rati:
560 2747 140 52 modo
648 2747 192 52 hominis
787 2747 244 52 praeconium
979 2747 244 52 potissimum
1172 2747 244 52 attenditur
1364 2747 157 52 circa
1468 2747 297 52 beatitudinem,
1713 2747 140 52 quae
1800 2747 122 52 est
1870 2747 192 52 hominis
1992 2747 140 52 perfe¬-

452 2793 146 58 ctum
543 2793 183 58 bonum,
671 2793 128 58 non
744 2793 146 58 enim
835 2793 238 58 appetitur
1018 2793 164 58 honor
1128 2793 146 58 nisi
1219 2793 201 58 propter
1365 2793 311 58 excellentiam.
1621 2793 219 58 Quaerunt
1786 2793 146 58 enim
1877 2793 201 58 homines
2005 2793 128 58 hono¬-

460 2842 114 52 rem
525 2842 81 52 a
557 2842 260 52 sapientibus,
768 2842 162 52 quorum
882 2842 227 52 opinatione
1060 2842 130 52 sese
1141 2842 178 52 credunt
1271 2842 243 52 excellentes
1466 2842 81 52 &
1498 2842 195 52 felices.
1644 2842 162 52 Contra
1758 2842 146 52 istud
1855 2842 243 52 argumentor.
2034 2842 97 52 Bea¬-

456 2878 163 60 titudo
570 2878 114 60 est
635 2878 196 60 praemium
782 2878 212 60 virtutis,
945 2878 98 60 ex
994 2878 114 60 hoc
1059 2878 163 60 primo:
1173 2878 98 60 at
1222 2878 147 60 honos
1320 2878 114 60 est
1385 2878 196 60 virtutis
1532 2878 196 60 praemium
1678 2878 98 60 vt
1727 2878 98 60 in
1776 2878 163 60 quarto
1890 2878 147 60 libro
1972 2878 163 60 enuclea¬-

453 2923 170 64 bitur.
572 2923 85 64 ⁋
606 2923 204 64 Secundo.
759 2923 153 64 Illud
861 2923 136 64 quod
946 2923 204 64 conuenit
1099 2923 119 64 deo
1167 2923 85 64 &
1201 2923 357 64 excellentissimis,
1507 2923 170 64 maxime
1626 2923 187 64 videtur
1762 2923 136 64 esse
1847 2923 238 64 beatitudo:
2034 2923 102 64 at
2068 2923 68 64 ho

454 2984 123 54 nos
525 2984 123 54 est
595 2984 245 54 huiusmodi.
787 2984 193 54 igitur.
928 2984 280 54 Consequentia
1156 2984 158 54 tenet
1261 2984 123 54 cum
1331 2984 193 54 maiore.
1471 2984 158 54 Minor
1576 2984 175 54 patet.
1699 2984 175 54 primae
1822 2984 105 54 ad
1874 2984 228 54 Timotheum
2032 2984 105 54 pri¬-

448 3027 106 57 mo
501 3027 124 57 vbi
572 3027 159 57 dicit
679 3027 177 57 Doctor
803 3027 213 57 gentium.
962 3027 142 57 Soli
1051 3027 124 57 deo
1121 3027 159 57 honor
1228 3027 89 57 &
1263 3027 195 57 gloria,
1405 3027 106 57 vt
1458 3027 106 57 in
1511 3027 159 57 prima
1617 3027 195 57 horarum
1759 3027 213 57 quotidie
1918 3027 177 57 secudm
2025 3027 106 57 vsum

449 3065 191 63 Romanum
588 3065 209 63 legimus.
744 3065 191 63 Priorem
883 3065 261 63 obiectionem
1092 3065 174 63 quarto
1214 3065 226 63 Ethicorum
1387 3065 174 63 diluit
1509 3065 278 63 philosophus.
1735 3065 156 63 Honos
1839 3065 122 63 non
1909 3065 122 63 est
1961 3065 174 63 praemium

449 3122 231 60 sufficiens
630 3122 214 60 virtutis,
794 3122 99 60 ob
844 3122 132 60 quod
926 3122 198 60 studiosi
1074 3122 231 60 operantur,
1255 3122 99 60 ac
1305 3122 181 60 honorem
1436 3122 99 60 ab
1486 3122 214 60 hominibus
1651 3122 132 60 loco
1733 3122 181 60 praemii
1865 3122 231 60 acceptant,
2029 3122 99 60 quia

459 3169 284 63 praestantius
690 3169 267 63 conferendum
904 3169 124 63 non
975 3169 196 63 habent.
1117 3169 89 63 ⁋
1152 3169 107 63 Ad
1206 3169 213 63 secundum
1366 3169 267 63 respondetur
1579 3169 142 63 quod
1668 3169 196 63 caducus
1810 3169 160 63 honor
1917 3169 196 63 debetur
2041 3169 89 63 su¬-

461 3209 158 71 perbis
572 3209 95 71 in
619 3209 253 71 excellentiae
825 3209 253 71 testimonium,
1030 3209 111 71 non
1094 3209 126 71 quod
1173 3209 142 71 honor
1267 3209 206 71 exhibitus
1426 3209 111 71 eos
1489 3209 285 71 excellentiores
1710 3209 174 71 efficiat.
