2332 3590
204 282 76 81 ⁋
234 282 122 81 Alia
310 282 213 81 conclusio.
477 282 152 81 Facile
584 282 243 81 incontinenti
781 282 213 81 persuaderi
949 282 152 81 potest
1055 282 91 81 ne
1101 282 122 81 male
1177 282 137 81 agat,
1268 282 228 81 difficulter
1450 282 122 81 vero
1526 282 243 81 intemperato.
1709 282 167 81 Probatio¬-

206 355 234 56 Incontinens
394 355 109 56 non
456 355 234 56 prosequitur
643 355 296 56 superabundantes
893 355 218 56 voluptates
1065 355 203 56 corporis:
1221 355 94 56 ex
1267 355 94 56 eo
1314 355 125 56 quod
1392 355 109 56 sit
1455 355 94 56 ei
1502 355 203 56 persuasum
1658 355 109 56 eas
1720 355 125 56 esse
1782 355 94 56 pro¬-

198 388 217 66 sequendas,
369 388 109 66 cum
431 388 140 66 tales
524 388 217 66 illecebras
695 388 248 66 relinquendas
896 388 124 66 esse
974 388 186 66 censeat:
1113 388 248 66 intemperatus
1315 388 124 66 vero
1392 388 202 66 persuasus
1547 388 109 66 eas
1609 388 202 66 sectatur.
1764 388 93 66 In
1795 388 78 66 in¬-

202 447 226 52 continente
379 447 194 52 iudicium
525 447 113 52 est
589 447 210 52 incolume:
751 447 242 52 intemperati
945 447 129 52 vero
1025 447 226 52 principium
1203 447 113 52 est
1267 447 226 52 corruptum.
1445 447 210 52 Existimat
1607 447 129 52 enim
1687 447 178 52 erronee
1800 447 81 52 vo¬-

200 483 177 75 luptates
333 483 206 75 corporales
495 483 118 75 esse
568 483 250 75 prosequendas.
774 483 206 75 Principium
936 483 147 75 virtus
1039 483 191 75 conseruat
1186 483 177 75 scilicet
1319 483 235 75 temperantia,
1510 483 118 75 quod
1584 483 147 75 vitium
1687 483 177 75 eneruat.
1804 483 74 75 Lo¬-

205 540 147 54 quitur
308 540 88 54 de
352 540 191 54 principio
499 540 88 54 in
544 540 206 54 agibilibus
705 540 176 54 scilicet
838 540 88 54 de
882 540 132 54 fine.
970 540 147 54 Virtus
1073 540 118 54 ergo
1147 540 118 54 tale
1220 540 206 54 principium
1382 540 191 54 conseruat
1529 540 88 54 vt
1573 540 221 54 temperantia
1750 540 118 54 siue
1808 540 74 54 na¬-

201 586 175 52 turalis
328 586 175 52 virtus,
456 586 159 52 quando
567 586 111 52 non
631 586 175 52 ponitur
758 586 159 52 vitium
869 586 95 52 in
917 586 127 52 ipsa
997 586 207 52 potentia:
1156 586 111 52 sed
1220 586 191 52 malitia.
1363 586 111 52 hoc
1426 586 111 52 est
1490 586 175 52 grandis
1617 586 143 52 culpa
1713 586 143 52 facit
1792 586 80 52 ho¬-

199 625 139 60 minem
291 625 154 60 errare
399 625 139 60 circa
491 625 200 60 principia
646 625 216 60 agibilium,
815 625 77 60 &
846 625 154 60 postea
954 625 247 60 intemperatus
1154 625 108 60 est
1216 625 247 60 incurabilis,
1416 625 123 60 quia
1493 625 139 60 errat
1586 625 139 60 circa
1663 625 200 60 principium,

205 675 135 55 sicut
295 675 225 55 febricitans
475 675 135 55 circa
564 675 150 55 potum,
669 675 150 55 acetum
774 675 120 55 vino
849 675 195 55 praefert:
999 675 195 55 propterea
1148 675 105 55 non
1208 675 150 55 potest
1313 675 180 55 reuocari
1448 675 75 55 a
1478 675 105 55 suo
1538 675 165 55 errore:
1657 675 135 55 sicut
1732 675 120 55 errani

198 717 143 67 circa
293 717 270 67 propositiones
516 717 95 67 in
564 717 270 67 mathematicis:
786 717 79 67 &
818 717 223 67 circatalia
993 717 207 67 principia
1152 717 270 67 contemplatiua
1374 717 111 67 non
1438 717 159 67 potest
1549 717 191 67 corrigi,
1692 717 127 67 quia
1756 717 111 67 nihil

207 762 101 63 est
264 762 159 63 clarius
380 762 130 63 illis
467 762 203 63 principiis
626 762 159 63 illorum
742 762 203 63 probatiuum
901 762 101 63 per
959 762 116 63 quod
1032 762 145 63 potest
1133 762 188 63 reuocari:
1278 762 101 63 sic
1336 762 87 63 in
1379 762 188 63 proposito
1524 762 145 63 errans
1625 762 130 63 circa
1712 762 130 63 finem
1785 762 72 63 est

194 815 294 67 incorrigibilis.
441 815 139 67 Menti
534 815 201 67 commendes
688 815 139 67 illud
781 815 124 67 quod
858 815 93 67 in
905 815 155 67 tertio
1013 815 216 67 dicebatur,
1183 815 155 67 qualis
1291 815 232 67 vnusquisque
1477 815 108 67 est
1538 815 139 67 talis
1631 815 124 67 sibi
1708 815 139 67 finis
1786 815 77 67 vi¬-

199 858 148 70 detur:
303 858 133 70 adhuc
392 858 133 70 lumen
481 858 252 70 incontinentis
689 858 89 70 in
733 858 178 70 tenebras
866 858 104 70 non
926 858 104 70 est
985 858 208 70 conversum:
1148 858 193 70 propterea
1297 858 148 70 dicit.
1400 858 104 70 Est
1460 858 133 70 alius
1549 858 178 70 scilicet
1667 858 193 70 intemperans

206 905 91 60 ob
251 905 274 60 perturbationem
480 905 76 60 a
510 905 137 60 recta
601 905 167 60 ratione
723 905 213 60 discedens,
890 905 122 60 quem
967 905 228 60 perturbatio
1149 905 183 60 superat,
1286 905 91 60 vt
1332 905 107 60 non
1393 905 137 60 recte
1484 905 137 60 agat.
1575 905 107 60 sed
1621 905 228 60 incontinentem

195 951 108 57 non
256 951 170 57 vincit:
380 951 93 57 vt
427 951 93 57 ei
473 951 201 57 persuasum
628 951 108 57 sit
690 951 170 57 sectari
813 951 155 57 foedas
922 951 232 57 illecebras,
1107 951 139 57 quare
1200 951 108 57 est
1262 951 232 57 intemperato
1448 951 139 57 minus
1541 951 155 57 malus.
1649 951 108 57 Nec
1711 951 108 57 est
1757 951 93 57 sim¬-

193 996 185 69 pliciter
331 996 77 69 &
362 996 123 69 sine
439 996 154 69 addito
547 996 185 69 dicendus
685 996 169 69 prauus,
808 996 108 69 cum
870 996 246 69 conscientiam
1070 996 169 69 habeat,
1193 996 77 69 &
1224 996 108 69 sit
1285 996 215 69 sanabilis:
1455 996 108 69 sed
1516 996 92 69 ei
1563 996 154 69 partim
1655 996 200 69 ignoscendum

206 1043 130 61 est.
287 1043 130 61 Ecce
368 1043 163 61 quonam
482 1043 146 61 pacto
580 1043 179 61 iuuenum
710 1043 244 61 infirmitati
905 1043 179 61 humanae
1035 1043 244 61 philosophus
1230 1043 276 61 condescendit.
1458 1043 228 61 Coseruatur
1637 1043 130 61 enim
1718 1043 98 61 in
1750 1043 98 61 ipso

204 1093 108 52 quod
271 1093 94 52 est
325 1093 148 52 optimum
433 1093 162 52 scilicet
554 1093 189 52 principium
702 1093 81 52 in
743 1093 189 52 agibilibus
891 1093 162 52 scilicet
1012 1093 135 52 finis.
1106 1093 162 52 dexterae
1228 1093 108 52 enim
1295 1093 81 52 de
1335 1093 108 52 fine
1403 1093 162 52 iudicat.
1524 1093 121 52 Alius
1605 1093 108 52 aute
1672 1093 162 52 scilicet
1780 1093 81 52 con¬-

203 1134 160 63 tinens,
320 1134 102 63 est
378 1134 116 63 huic
450 1134 218 63 contrarius,
625 1134 102 63 qui
683 1134 73 63 a
712 1134 131 63 recti
799 1134 160 63 ratione
915 1134 102 63 non
974 1134 203 63 exorbitat.
1133 1134 87 63 Ex
1177 1134 102 63 his
1235 1134 145 63 liquet
1337 1134 116 63 hunc
1410 1134 232 63 continentiae
1598 1134 160 63 habitum
1715 1134 116 63 esse
1773 1134 87 63 stu¬-

203 1184 167 62 diosum,
325 1184 76 62 &
355 1184 167 62 habitum
477 1184 274 62 incontinentiae
705 1184 122 62 esse
781 1184 198 62 improbum.
933 1184 198 62 Trepidant
1086 1184 137 62 multi
1177 1184 152 62 timore
1284 1184 107 62 vbi
1344 1184 107 62 non
1405 1184 107 62 est
1466 1184 137 62 timor
1558 1184 107 62 non
1618 1184 183 62 audentes
1740 1184 122 62 incon¬-

204 1223 189 63 tinentiae
350 1223 160 63 habitum
466 1223 203 63 appellare,
625 1223 102 63 sed
683 1223 261 63 dispositionem,
901 1223 102 63 cum
959 1223 189 63 quaelibet
1104 1223 116 63 pars
1177 1223 160 63 habitus
1293 1223 247 63 quantuncumque
1496 1223 174 63 pusilla,
1626 1223 102 63 sit
1684 1223 174 63 habitus.
1800 1223 73 63 Est

201 1276 127 56 enim
280 1276 190 56 qualitas
423 1276 190 56 conflata
566 1276 95 56 ex
613 1276 190 56 partibus
756 1276 174 56 eiusdem
882 1276 190 56 rationis
1025 1276 111 56 tam
1088 1276 95 56 ex
1136 1276 143 56 parte
1231 1276 222 56 qualitatis
1405 1276 127 56 quam
1469 1276 158 56 habitus.

203 1318 84 72 ⁋
237 1318 218 72 Dubitatur
404 1318 151 72 circa
505 1318 167 72 dicta,
622 1318 184 72 quomodo
756 1318 268 72 intemperatus
974 1318 117 72 non
1041 1318 167 72 habeat
1158 1318 301 72 perturbationes
1409 1318 117 72 ita
1476 1318 234 72 vehementes
1660 1318 100 72 in
1694 1318 167 72 oblecta¬-

209 1383 134 46 menta
298 1383 134 46 sicut
388 1383 238 46 incontinens.
581 1383 134 46 Ratio
671 1383 104 46 est
730 1383 194 46 appetitus
879 1383 208 46 sensitiuus
1043 1383 253 46 incontinentis
1251 1383 179 46 virtutum
1385 1383 164 46 expers,
1505 1383 208 46 vehementer
1668 1383 179 46 habentem
1802 1383 89 46 in

206 1419 243 57 oblectamenta
403 1419 167 57 trahit.
524 1419 91 57 Et
570 1419 121 57 quia
646 1419 106 57 per
706 1419 152 57 rectum
813 1419 182 57 iudicium
949 1419 137 57 saepe
1040 1419 152 57 numero
1146 1419 182 57 abstinet
1283 1419 167 57 obiecta
1404 1419 121 57 plus
1480 1419 152 57 mouent
1586 1419 212 57 potentiam.
1738 1419 121 57 Inten¬-

192 1459 176 69 peratus
320 1459 96 69 in
368 1459 144 69 gradu
464 1459 208 69 appetitus
624 1459 208 69 sensitiui
784 1459 224 69 desiderium
960 1459 224 69 praeuenit,
1137 1459 96 69 vt
1185 1459 160 69 quidam
1297 1459 288 69 conterraneorum
1537 1459 128 69 mihi
1617 1459 144 69 false
1697 1459 160 69 Parisius

193 1508 151 53 dixit.
299 1508 151 53 Magnus
405 1508 121 53 erat
481 1508 151 53 aestus
587 1508 91 53 ac
632 1508 197 53 insolitus
784 1508 91 53 in
829 1508 151 53 quadam
935 1508 182 53 aestate,
1071 1508 197 53 quaerebar
1223 1508 121 53 illi
1299 1508 136 53 quare
1389 1508 121 53 plus
1465 1508 91 53 in
1511 1508 121 53 illo
1586 1508 167 53 feruore
1692 1508 167 53 sitiebam:

203 1556 290 62 pollicebaturque
447 1556 91 62 se
492 1556 122 62 mihi
569 1556 198 62 perbellam
721 1556 168 62 regulam
843 1556 91 62 me
889 1556 244 62 praeseruandi
1087 1556 76 62 a
1117 1556 122 62 siti
1193 1556 183 62 daturum,
1331 1556 107 62 cui
1392 1556 259 62 plausibiliter
1605 1556 198 62 acquieui.
1742 1556 122 62 Tandem

203 1607 155 50 normam
312 1607 186 50 exponens
452 1607 109 50 ait
514 1607 124 50 quod
591 1607 124 50 ipse
669 1607 140 50 omnem
762 1607 171 50 futuram
886 1607 140 50 sitim
979 1607 279 50 praesentiebat,
1212 1607 78 50 &
1243 1607 186 50 antequam
1382 1607 217 50 aduentaret
1553 1607 186 50 tabernam
1692 1607 186 50 petebat,
1816 1607 47 50 &

202 1657 135 46 vinum
292 1657 180 46 meracius
427 1657 165 46 hausit,
548 1657 150 46 sicque
653 1657 135 46 sitis
743 1657 210 46 praepedita
908 1657 105 46 non
968 1657 210 46 oriebatur,
1134 1657 195 46 iussitque
1284 1657 150 46 ridens
1389 1657 105 46 ita
1449 1657 180 46 facerem.
1584 1657 135 46 Tales
1675 1657 105 46 (vt
1720 1657 150 46 superius

203 1687 100 60 in
253 1687 201 60 literali
404 1687 251 60 expositione
605 1687 234 60 meminimus)
789 1687 167 60 exiles
907 1687 285 60 delectationes
1141 1687 100 60 in
1191 1687 134 60 potu
1275 1687 184 60 habent,
1409 1687 151 60 recte
1509 1687 201 60 dicitur.
1660 1687 167 60 Nescit
1761 1687 100 60 homo

207 1738 126 60 quid
286 1738 158 60 dulcis
397 1738 142 60 habet
492 1738 221 60 dulcedinis
666 1738 142 60 esca.
760 1738 111 60 Qui
824 1738 174 60 numquam
950 1738 174 60 didicit
1077 1738 126 60 quid
1156 1738 126 60 fuit
1235 1738 126 60 ipsa
1314 1738 158 60 fames.
1424 1738 190 60 Secundo,
1566 1738 126 60 vnus
1646 1738 142 60 actus
1725 1738 126 60 incon¬-

206 1782 190 57 tinentis
349 1782 111 57 vel
412 1782 143 57 actus
507 1782 127 57 eius
586 1782 222 57 communiter
761 1782 254 57 contingentes
967 1782 127 57 sunt
1046 1782 222 57 deteriores
1220 1782 127 57 quam
1299 1782 143 57 actus
1395 1782 174 57 similes
1521 1782 254 57 intemperati.
1711 1782 143 57 Monstro

196 1829 120 58 id,
265 1829 258 58 incontinens
471 1829 172 58 contra
591 1829 137 58 suam
677 1829 275 58 conscientiam
900 1829 189 58 peccat,
1038 1829 120 58 non
1106 1829 155 58 autem
1209 1829 292 58 intemperatus.
1450 1829 172 58 Seruus
1570 1829 155 58 autem
1673 1829 172 58 sciens
1776 1829 86 58 vo¬-

200 1885 209 48 luntatem
356 1885 174 48 domini
479 1885 122 48 sui
548 1885 87 48 &
583 1885 122 48 non
653 1885 192 48 faciens
792 1885 139 48 eam,
880 1885 174 48 plagis
1002 1885 227 48 vapulabit
1176 1885 192 48 multis.
1316 1885 174 48 Lucae.

191 1895 78 89 ⁋
223 1895 172 89 Secundo
348 1895 219 89 dubitatur,
519 1895 94 89 an
566 1895 203 89 continens
722 1895 125 89 plus
801 1895 172 89 meretur
925 1895 125 89 quam
1004 1895 234 89 temperatus,
1191 1895 78 89 &
1222 1895 172 89 videtur
1347 1895 125 89 quod
1425 1895 125 89 sic.
1503 1895 156 89 Virtus
1613 1895 125 89 enim
1691 1895 109 89 est
1738 1895 109 89 circa

207 1976 186 53 difficile.
353 1976 67 53 .
380 1976 186 53 Ethicorum.
526 1976 200 53 Difficilius
686 1976 120 53 autem
766 1976 93 53 est
819 1976 200 53 continentem
979 1976 213 53 continentiae
1152 1976 120 53 actum
1232 1976 147 53 seruare
1339 1976 107 53 quam
1405 1976 213 53 temperantiae
1579 1976 186 53 temperato,
1725 1976 107 53 ergo
1778 1976 67 53 &c.

199 2025 133 47 Dicit
288 2025 118 47 quod
362 2025 222 47 difficultas
539 2025 89 47 ex
583 2025 177 47 appetitu
716 2025 192 47 sensitiuo
864 2025 103 47 aut
923 2025 118 47 eius
997 2025 207 47 cupiditate
1159 2025 207 47 proueniens
1322 2025 103 47 non
1381 2025 133 47 auget
1470 2025 177 47 meritum,
1603 2025 103 47 sed
1647 2025 192 47 difficultas

211 2065 192 55 obiecti.
355 2065 80 55 ⁋
387 2065 144 55 Alios
483 2065 96 55 in
531 2065 112 55 hoc
595 2065 144 55 alias
691 2065 224 55 carpsimus,
867 2065 128 55 nunc
947 2065 160 55 paucis
1060 2065 256 55 praetereundo
1268 2065 208 55 respondeo
1428 2065 144 55 primo
1524 2065 96 55 ad
1572 2065 192 55 secundam
1700 2065 144 55 dubita¬-

201 2108 174 57 tionem,
328 2108 126 57 quod
406 2108 205 57 continens
564 2108 126 57 plus
643 2108 174 57 meretur
770 2108 126 57 quam
848 2108 221 57 temperatus
1022 2108 189 57 operando
1164 2108 142 57 circa
1259 2108 126 57 suam
1338 2108 205 57 materiam:
1496 2108 126 57 quia
1575 2108 142 57 circa
1669 2108 142 57 aliud
1748 2108 95 57 obie

204 2158 129 59 ctum
285 2158 194 59 alienum:
430 2158 242 59 impertinens
623 2158 113 59 est
688 2158 129 59 hunc
769 2158 129 59 plus
849 2158 161 59 mereri
962 2158 129 59 quam
1043 2158 145 59 illum
1140 2158 113 59 aut
1204 2158 178 59 contra.
1334 2158 178 59 Regulam
1463 2158 210 59 generalem
1624 2158 145 59 pono,
1705 2158 145 59 quemad¬-

197 2205 144 58 modum
293 2205 240 58 difficultas
485 2205 224 58 proueniens
661 2205 96 58 ex
709 2205 144 58 parte
805 2205 176 58 obiecti
933 2205 144 58 auget
1029 2205 176 58 meritum
1157 2205 80 58 &
1189 2205 144 58 facit
1285 2205 144 58 actum
1381 2205 128 58 esse
1461 2205 288 58 laudabiliorem,
1701 2205 112 58 ita
1749 2205 96 58 difi

201 2255 195 56 ficultas
347 2255 98 56 ex
396 2255 146 56 parte
493 2255 211 56 appetitus
656 2255 114 56 aut
721 2255 293 56 qualitercumque
965 2255 228 56 intrinseca
1144 2255 228 56 proueniens
1323 2255 146 56 actus
1420 2255 163 56 laudem
1534 2255 211 56 promouet.
1696 2255 130 56 Modo
1761 2255 98 56 sine

207 2302 145 49 culpa
304 2302 162 49 ipsius
417 2302 194 49 habentes
562 2302 194 49 habetur.
708 2302 145 49 Eadem
805 2302 113 49 est
869 2302 145 49 ratio
966 2302 145 49 sicut
1063 2302 97 49 ex
1112 2302 145 49 parte
1209 2302 178 49 obiecti
1338 2302 81 49 &
1370 2302 113 49 hoc
1435 2302 162 49 semper
1548 2302 162 49 voluit
1645 2302 210 49 Aristoteles

206 2344 99 51 in
256 2344 199 51 secundo,
405 2344 83 51 &
438 2344 99 51 in
488 2344 116 51 hoc
554 2344 199 51 septimo:
703 2344 149 51 quare
802 2344 149 51 reges
901 2344 215 51 Scytharum
1067 2344 83 51 &
1100 2344 132 51 male
1183 2344 132 51 nati
1265 2344 83 51 &
1298 2344 99 51 ab
1348 2344 232 51 vnguiculis
1530 2344 182 51 taliter
1662 2344 182 51 educati
1778 2344 83 51 non

206 2391 124 58 sunt
283 2391 279 58 incontinentes,
515 2391 77 58 &
546 2391 108 58 sic
608 2391 217 58 communiter
779 2391 201 58 mulieres,
934 2391 201 58 signanter
1088 2391 124 58 male
1166 2391 93 58 in
1212 2391 170 58 iuuenta
1336 2391 232 58 institutae.
1522 2391 93 58 Et
1569 2391 124 58 idem
1646 2391 108 58 est
1708 2391 93 58 de
1739 2391 124 58 habitu

204 2430 97 62 ex
252 2430 146 62 vitio
350 2430 211 62 acquisito
512 2430 211 62 signanter
674 2430 130 62 post
755 2430 259 62 poenitudinem
966 2430 178 62 malorum
1096 2430 178 62 actuum:
1226 2430 130 62 quia
1307 2430 114 62 iam
1371 2430 178 62 taliter
1501 2430 227 62 habituatus
1663 2430 195 62 satiffecit

209 2491 113 48 pro
274 2491 162 48 virili
387 2491 97 48 de
436 2491 113 48 sui
501 2491 178 48 habitus
630 2491 146 48 fonte
728 2491 243 48 temperatus,
922 2491 146 48 tamen
1019 2491 113 48 est
1084 2491 227 48 continenti
1262 2491 178 48 melior,
1392 2491 113 48 cum
1457 2491 97 48 in
1506 2491 97 48 eo
1554 2491 146 48 omnia
1651 2491 130 48 sint
1716 2491 130 48 pacata

204 2526 84 58 &
238 2526 151 58 multa
339 2526 168 58 merita
456 2526 101 58 in
506 2526 269 58 acceptatione
725 2526 168 58 diuina
842 2526 185 58 habeat:
977 2526 84 58 &
1010 2526 118 58 sit
1077 2526 101 58 in
1128 2526 285 58 tranquilliore
1363 2526 151 58 statu
1464 2526 84 58 &
1497 2526 134 58 bono
1581 2526 151 58 portu
1665 2526 185 58 vicinior.

201 2574 222 59 Continens
371 2574 153 59 autem
474 2574 153 59 inter
576 2574 187 59 Scyllam
712 2574 85 59 &
746 2574 222 59 Charybdim
917 2574 256 59 periculosum
1121 2574 187 59 nauigat
1258 2574 187 59 aequor:
1394 2574 85 59 &
1428 2574 119 59 est
1496 2574 187 59 simile.
1632 2574 136 59 Male
1701 2574 153 59 educan¬-

206 2615 124 56 tus
277 2615 177 56 Scytha
401 2615 142 56 plus
489 2615 195 56 meretur
631 2615 142 56 quam
719 2615 248 56 Anachorita
914 2615 177 56 eundem
1038 2615 142 56 diem
1126 2615 230 56 ieiunans,
1303 2615 142 56 quem
1392 2615 159 56 longe
1498 2615 106 56 in
1551 2615 230 56 meritorum
1710 2615 142 56 cumulo

205 2658 245 70 insequitur.
400 2658 147 70 Forte
498 2658 163 70 dicis,
612 2658 245 70 Temperantia
808 2658 163 70 gradus
922 2658 114 70 est
987 2658 163 70 melior
1101 2658 261 70 continentia:
1313 2658 179 70 proinde
1444 2658 277 70 intemperantia
1672 2658 114 70 est
1721 2658 130 70 incon¬-

212 2710 208 51 tinentia
367 2710 225 51 deterior.
540 2710 173 51 Semper
661 2710 190 51 meliori
800 2710 190 51 virtuti
938 2710 156 51 peius
1042 2710 173 51 vitium
1163 2710 242 51 opponitur.
1353 2710 86 51 ⁋
1388 2710 156 51 Dico,
1492 2710 104 51 id
1544 2710 121 51 non
1613 2710 173 51 vbique
1717 2710 138 51 verum.

212 2756 191 52 Inimici
351 2756 139 52 amor
438 2756 122 52 est
508 2756 157 52 amore
612 2756 157 52 amici
716 2756 157 52 magis
821 2756 261 52 meritorius,
1030 2756 87 52 &
1065 2756 174 52 purior
1186 2756 104 52 in
1239 2756 157 52 deum:
1343 2756 87 52 &
1378 2756 157 52 tamen
1482 2756 157 52 odium
1587 2756 157 52 amici
1691 2756 122 52 est
1744 2756 104 52 odio

206 2804 184 52 inimici
340 2804 218 52 deterius.
508 2804 201 52 Secundo,
659 2804 251 52 temperantia
860 2804 151 52 actus
961 2804 117 52 non
1028 2804 117 52 est
1095 2804 251 52 continentia
1296 2804 184 52 melior,
1430 2804 184 52 quantum
1564 2804 101 52 ad
1614 2804 184 52 meritum
1732 2804 117 52 sicut

205 2849 105 56 in
258 2849 264 56 dubitatione
469 2849 211 56 sequenti
627 2849 123 56 mox
697 2849 211 56 dicemus,
856 2849 141 56 quae
943 2849 123 56 cum
1014 2849 141 56 ista
1101 2849 246 56 consuitur.
1295 2849 88 56 ⁋
1330 2849 105 56 Ad
1383 2849 211 56 secundam
1541 2849 281 56 dubitationem
1752 2849 105 56 dico

207 2895 156 57 etiam
311 2895 294 57 incontinentem
553 2895 139 57 plus
640 2895 191 57 peccare
778 2895 156 57 circa
882 2895 173 57 eandem
1003 2895 208 57 materiam
1159 2895 139 57 quam
1246 2895 294 57 intemperatum:
1488 2895 191 57 attamen
1627 2895 121 57 est
1696 2895 104 57 in
1731 2895 121 57 dete¬-

204 2942 142 58 riori
299 2942 126 58 casu
378 2942 110 58 cum
441 2942 237 58 difficulter
630 2942 110 58 sit
693 2942 252 58 emendabilis,
898 2942 79 58 &
930 2942 110 58 sic
993 2942 110 58 est
1056 2942 142 58 peior
1150 2942 268 58 incontinenti:
1371 2942 126 58 adde
1450 2942 126 58 quod
1529 2942 173 58 saepius
1655 2942 95 58 in
1687 2942 173 58 demerito¬-

204 2997 119 49 rum
272 2997 170 49 cumulo
391 2997 102 49 ob
442 2997 204 49 defectum
596 2997 273 49 poenitudinis
817 2997 273 49 illaqueatus,
1039 2997 85 49 &
1073 2997 119 49 sic
1141 2997 119 49 est
1209 2997 273 49 incontinenti
1430 2997 221 49 deterior.
1601 2997 102 49 Ex
1652 2997 119 49 his
1703 2997 153 49 Aristo¬-

210 3033 154 55 telem
313 3033 257 55 intelligere
518 3033 171 55 potes.
638 3033 154 55 Licet
741 3033 274 55 intemperatus
963 3033 103 55 ex
1015 3033 120 55 sua
1083 3033 154 55 culpa
1186 3033 274 55 conscientiam
1409 3033 223 55 violauit,
1580 3033 154 55 cuius
1666 3033 188 55 conscien¬-

209 3082 125 63 tia
280 3082 160 63 primo
387 3082 142 63 erat
476 3082 267 63 semilacera,
690 3082 178 63 postea
814 3082 196 63 prorsus
956 3082 267 63 conculcata:
1170 3082 89 63 &
1206 3082 125 63 sic
1277 3082 107 63 ex
1330 3082 125 63 sua
1401 3082 160 63 culpa
1508 3082 231 63 agendorum
1668 3082 178 63 ignoran¬-

202 3130 143 53 tiam
292 3130 250 53 contraxit:
488 3130 89 53 &
524 3130 125 53 per
596 3130 250 53 consequens
792 3130 125 53 non
864 3130 125 53 est
936 3130 268 53 excusandus.
1150 3130 179 53 Nihilo
1276 3130 161 53 tamen
1383 3130 161 53 minus
1490 3130 268 53 incontinens
1687 3130 161 53 crebri¬-

210 3171 113 77 ter
274 3171 177 77 grauius
403 3171 129 77 quam
483 3171 257 77 intemperatus
692 3171 177 77 peccat,
821 3171 145 77 etiam
917 3171 129 77 ante
998 3171 273 77 poenitentiam,
1223 3171 129 77 quia
1303 3171 145 77 omnia
1400 3171 129 77 illa
1480 3171 145 77 solum
1577 3171 161 77 finite
1673 3171 177 77 aggrauant

195 3221 228 76 peccatum
347 3221 266 76 intemperati.
