2309 3603
892 264 200 104 Lib.
1017 264 200 104 VII.
1142 264 250 104 Tract.
1316 264 150 104 I.
1391 264 200 104 Cap.
1491 264 125 104 IX.

769 351 245 96 Vaerendum
957 351 132 96 est
1033 351 188 96 autem.
1165 351 169 96 Vtrum
1278 351 113 96 is
1334 351 132 96 sit
1409 351 245 96 continens
1598 351 132 96 qui
1673 351 188 96 quauis
1805 351 113 96 in
1861 351 226 96 ratione,
2012 351 113 96 ele¬-

773 434 171 62 ctione
893 434 103 62 ve
944 434 205 62 perstat,
1098 434 103 62 an
1149 434 103 62 is
1200 434 120 62 qui
1269 434 103 62 in
1320 434 154 62 recta
1423 434 239 62 persistit?
1611 434 103 62 Et
1662 434 154 62 vtrum
1765 434 103 62 is
1816 434 120 62 sit
1868 434 239 62 incontinens,

773 495 126 66 qui
845 495 126 66 non
917 495 215 66 permanet
1078 495 108 66 in
1132 495 179 66 quauis
1257 495 233 66 electione
1437 495 251 66 rationeue:
1634 495 108 66 an
1688 495 108 66 is
1741 495 126 66 qui
1813 495 233 66 persistit
1992 495 108 66 in
2028 495 90 66 ra¬-

758 540 186 84 tione
882 540 186 84 falsa
1007 540 103 84 &
1048 540 269 84 electione
1255 540 145 84 non
1338 540 207 84 recta:
1483 540 310 84 quemadmodum
1731 540 186 84 antea
1834 540 290 84 dubitauimus.

772 613 110 57 An
827 613 129 57 per
900 613 221 57 accidens
1066 613 184 57 quidem
1195 613 110 57 in
1250 613 202 57 quauis,
1397 613 129 57 per
1471 613 110 57 se
1526 613 166 57 autem
1637 613 110 57 in
1692 613 202 57 ratione
1839 613 166 57 vera,
1931 613 184 57 rectaque

717 654 242 77 electione
904 654 168 77 alter
1015 654 223 77 perstat,
1183 654 168 77 alter
1295 654 130 77 non
1369 654 223 77 perstat.
1537 654 130 77 Nam
1611 654 112 77 si
1667 654 223 77 quispiam
1835 654 130 77 hoc
1909 654 112 77 ob
1965 654 130 77 hoc
2021 654 93 77 ex¬-

448 713 175 77 petit,
570 713 122 77 aut
640 713 227 77 sequitur:
814 713 122 77 per
884 713 105 77 se
937 713 175 77 quidem
1059 713 122 77 hoc
1129 713 192 77 expetit
1269 713 157 77 atque
1373 713 227 77 sequitur,
1548 713 122 77 per
1618 713 210 77 accidens
1775 713 157 77 autem
1880 713 157 77 ipsum
1967 713 140 77 prius.

446 767 109 78 At
500 767 145 78 quod
591 767 127 78 est
663 767 127 78 per
736 767 127 78 se,
808 767 109 78 id
862 767 272 78 simpliciter
1080 767 145 78 esse
1170 767 217 78 dicimus,
1333 767 163 78 quare
1442 767 145 78 fit,
1532 767 109 78 vt
1587 767 181 78 aliquo
1714 767 181 78 quidem
1840 767 145 78 modo
1931 767 181 78 quauis
2040 767 72 78 in

448 817 231 68 opinione,
626 817 213 68 absolute
785 817 160 68 autem
892 817 106 68 in
945 817 160 68 vera,
1051 817 160 68 alter
1158 817 248 68 persistat,
1353 817 160 68 alter
1459 817 124 68 non
1530 817 248 68 persistat.
1725 817 142 68 Sunt
1814 817 160 68 autem
1920 817 177 68 quidam
2044 817 106 68 in

457 875 211 71 opinione
616 875 299 71 persistentes,
862 875 141 71 quos
950 875 246 71 pertinaces
1144 875 246 71 appellant.
1338 875 106 71 hi
1390 875 123 71 non
1461 875 141 71 nisi
1549 875 123 71 cum
1619 875 282 71 difficultate
1848 875 211 71 dimoueri
2006 875 88 71 a
2024 875 88 71 sua

462 931 251 70 sententia
655 931 232 70 possunt.
829 931 116 70 Et
887 931 193 70 simile
1023 931 193 70 quidem
1158 931 155 70 quid
1255 931 193 70 habent
1390 931 135 70 cum
1468 931 290 70 continente,
1700 931 174 70 sicut
1816 931 97 70 &
1855 931 232 70 prodigus
2009 931 97 70 cum

455 983 236 77 liberali,
636 983 91 77 &
673 983 163 77 audax
782 983 127 77 cum
854 983 272 77 confidente.
1072 983 145 77 Sunt
1163 983 163 77 autem
1272 983 109 77 in
1326 983 182 77 multis
1453 983 109 77 ab
1508 983 145 77 illo
1599 983 218 77 diuersi:
1762 983 236 77 continens
1944 983 145 77 enim
2016 983 91 77 non

453 1038 171 69 mutat
567 1038 266 69 sententiam
777 1038 114 69 ob
834 1038 362 69 perturbationem,
1138 1038 171 69 atque
1252 1038 305 69 cupiditatem.
1500 1038 133 69 Nam
1576 1038 133 69 cum
1652 1038 266 69 acciderit,
1862 1038 209 69 facilem
1995 1038 114 69 sese

459 1094 197 78 offeret
603 1094 161 78 recta
710 1094 287 78 persuadenti.
943 1094 143 78 Illi
1033 1094 143 78 vero
1123 1094 126 78 non
1194 1094 90 78 a
1230 1094 197 78 ratione
1374 1094 233 78 mutantur.
1553 1094 126 78 Nam
1625 1094 269 78 cupiditates
1840 1094 215 78 capiunt,
1983 1094 126 78 atque

461 1149 86 72 a
495 1149 275 72 voluptatibus
718 1149 206 72 plerique
873 1149 223 72 ducuntur.
1045 1149 137 72 Sunt
1130 1149 155 72 autem
1233 1149 103 72 ii
1285 1149 258 72 pertinaces,
1491 1149 120 72 qui
1560 1149 137 72 suae
1645 1149 137 72 sunt
1731 1149 240 72 sententiae
1920 1149 86 72 &
1954 1149 120 72 qui
2006 1149 103 72 sunt

461 1211 204 69 indocti,
614 1211 102 69 ac
665 1211 204 69 rustici,
818 1211 153 69 atque
920 1211 136 69 suae
1005 1211 238 69 sententiae
1192 1211 204 69 homines,
1345 1211 102 69 ob
1396 1211 238 69 voluptatem
1583 1211 153 69 atque
1685 1211 187 69 dolorem
1821 1211 136 69 sunt
1889 1211 221 69 pertinaces:

463 1263 194 74 gaudent
605 1263 141 74 enim
693 1263 230 74 vincentes
870 1263 106 74 si
923 1263 124 74 non
994 1263 88 74 e
1029 1263 124 74 sua
1100 1263 230 74 sententia
1276 1263 265 74 dissuasione
1488 1263 141 74 vlla
1577 1263 283 74 dimoueantur:
1807 1263 88 74 &
1842 1263 194 74 dolent,
1983 1263 106 74 si
2019 1263 88 74 sua

454 1318 137 64 sint
540 1318 171 64 irrita
659 1318 206 64 decreta.
814 1318 154 64 Quare
916 1318 171 64 potius
1036 1318 137 64 sunt
1122 1318 291 64 incontinenti,
1362 1318 137 64 quam
1447 1318 240 64 continenti
1636 1318 206 64 similes.
1790 1318 137 64 Sunt
1875 1318 154 64 etiam
1978 1318 120 64 qui
2029 1318 86 64 non

457 1387 109 57 ob
511 1387 326 57 incontinentiam
782 1387 109 57 in
837 1387 235 57 sententia
1018 1387 127 57 non
1090 1387 271 57 persistunt:
1307 1387 109 57 vt
1361 1387 271 57 Neoptolemus
1578 1387 145 57 apud
1669 1387 235 57 Sophoclem
1850 1387 109 57 in
1886 1387 235 57 Philoctete.

458 1441 204 59 quamquam
611 1441 102 59 ob
662 1441 238 59 voluptatem
849 1441 119 59 non
916 1441 238 59 persistit,
1103 1441 119 59 sed
1171 1441 221 59 honestum.
1341 1441 136 59 Erat
1426 1441 136 59 enim
1511 1441 204 59 honestum
1664 1441 136 59 illi
1748 1441 136 59 vera
1833 1441 170 59 loqui:
1952 1441 102 59 ab
1986 1441 136 59 Vlysse

456 1494 164 62 autem
565 1494 182 62 fuerat
693 1494 146 62 illi
784 1494 237 62 persuasum
967 1494 219 62 mentiri.
1131 1494 182 62 Etenim
1259 1494 128 62 non
1331 1494 164 62 omnis
1441 1494 128 62 qui
1514 1494 201 62 propter
1660 1494 255 62 voluptatem
1861 1494 219 62 quippiam
2007 1494 109 62 agit

455 1544 272 62 intemperans
672 1544 145 62 est,
763 1544 127 62 aut
835 1544 181 62 prauus
962 1544 127 62 aut
1034 1544 290 62 incontinens:
1270 1544 127 62 sed
1342 1544 127 62 qui
1415 1544 145 62 agit
1505 1544 109 62 ob
1560 1544 199 62 turpem.
1704 1544 127 62 Cum
1777 1544 163 62 autem
1886 1544 127 62 sit
1958 1544 91 62 &
1976 1544 145 62 quidam

460 1595 178 65 talis,
585 1595 107 65 vt
639 1595 161 65 minus
746 1595 143 65 quam
835 1595 214 65 oporteat
995 1595 214 65 corporis
1156 1595 196 65 gaudeat
1299 1595 303 65 voluptatibus,
1548 1595 125 65 non
1620 1595 250 65 persistens
1816 1595 107 65 in
1869 1595 196 65 ratione
1994 1595 125 65 inter

470 1651 146 77 hunc
561 1651 91 77 &
597 1651 328 77 incontinentem,
871 1651 182 77 medius
999 1651 146 77 ipse
1090 1651 237 77 continens
1273 1651 274 77 collocatur.
1492 1651 274 77 Incontinens
1711 1651 146 77 enim
1802 1651 128 77 non
1875 1651 237 77 persistit
2039 1651 73 77 in

456 1705 206 84 ratione:
610 1705 137 84 quia
696 1705 155 84 magis
799 1705 137 84 quam
885 1705 189 84 oportet
1023 1705 275 84 voluptatibus
1246 1705 258 84 delectatur,
1452 1705 120 84 hic
1521 1705 137 84 vero
1607 1705 120 84 non
1675 1705 223 84 permanet.
1847 1705 137 84 quia
1933 1705 155 84 minus
2019 1705 103 84 quam

454 1772 202 57 oportet
601 1772 184 57 eisdem
729 1772 202 57 gaudet.
876 1772 110 57 At
931 1772 239 57 continens
1115 1772 220 57 perstat,
1280 1772 92 57 &
1317 1772 110 57 ob
1372 1772 202 57 neutrum
1518 1772 257 57 sententiam
1720 1772 184 57 mutat?
1849 1772 202 57 Oportet
1977 1772 129 57 autem

464 1811 109 75 si
518 1811 272 75 continentia
736 1811 127 75 sit
809 1811 254 75 studiosum,
1008 1811 200 75 habitus
1153 1811 127 75 hos
1226 1811 218 75 vtrosque
1389 1811 254 75 contrarios
1589 1811 218 75 improbos
1752 1811 163 75 esse,
1861 1811 272 75 quemadmodum
2061 1811 54 75 &

469 1869 231 76 videntur.
647 1869 124 76 Sed
718 1869 142 76 quia
807 1869 231 76 perpaucis
985 1869 160 76 alter
1092 1869 231 76 hominibus
1269 1869 178 76 inest,
1394 1869 196 76 raroque
1536 1869 196 76 admodum
1678 1869 124 76 fit
1749 1869 107 76 vt
1803 1869 267 76 temperantia
1998 1869 107 76 soli

461 1924 237 70 contrarium
647 1924 304 70 intemperantiae
900 1924 135 70 esse
985 1924 203 70 videtur,
1137 1924 118 70 sic
1205 1924 84 70 &
1238 1924 253 70 continentia
1441 1924 135 70 soli
1526 1924 304 70 incontinentiae
1779 1924 220 70 aduersari
1931 1924 169 70 putetur.

467 1975 102 80 At
518 1975 136 80 vero
603 1975 119 80 cum
671 1975 102 80 ob
721 1975 288 80 similitudinem
959 1975 153 80 multa
1061 1975 220 80 dicantur,
1230 1975 170 80 factum
1349 1975 119 80 est
1417 1975 102 80 vt
1468 1975 220 80 temperans
1637 1975 119 80 per
1705 1975 288 80 similitudinem
1925 1975 187 80 continens

459 2043 215 59 dicatur.
620 2043 233 59 Continens
800 2043 143 59 enim
889 2043 161 59 talis
997 2043 143 59 est,
1087 2043 108 59 vt
1141 2043 161 59 nihil
1248 2043 197 59 praeter
1392 2043 215 59 rationem
1553 2043 108 59 ob
1607 2043 251 59 voluptatem
1804 2043 215 59 corporis
1966 2043 161 59 agat,
2055 2043 54 59 &

461 2089 223 68 temperans
632 2089 154 68 etiam
735 2089 154 68 talis
838 2089 137 68 est,
923 2089 120 68 sed
992 2089 137 68 ille
1077 2089 171 68 quidem
1197 2089 154 68 habet
1300 2089 171 68 prauas
1420 2089 274 68 cupiditates,
1643 2089 120 68 hic
1711 2089 154 68 autem
1814 2089 120 68 non
1882 2089 171 68 habet.
2002 2089 103 68 Et
2036 2089 86 68 hic

462 2145 159 84 quidem
573 2145 111 84 est
637 2145 159 84 talis,
748 2145 95 84 vt
796 2145 111 84 non
859 2145 222 84 delectetur
1034 2145 175 84 praeter
1161 2145 206 84 rationem:
1320 2145 127 84 ille
1399 2145 127 84 vero
1479 2145 143 84 talis
1574 2145 95 84 vt
1622 2145 222 84 delectetur
1796 2145 175 84 quidem,
1923 2145 111 84 sed
1987 2145 111 84 non
2035 2145 79 84 du¬-

468 2211 171 59 catur.
588 2211 188 59 Similes
725 2211 154 59 etiam
827 2211 137 59 sunt
913 2211 257 59 incontinens
1118 2211 86 59 &
1153 2211 274 59 intemperans,
1375 2211 120 59 qui
1443 2211 171 59 quidem
1563 2211 188 59 diuersi
1700 2211 154 59 sunt,
1803 2211 188 59 vterque
1940 2211 137 59 enim
2008 2211 103 59 cor¬-

462 2273 162 71 poris
570 2273 216 71 sequitur
732 2273 270 71 voluptates,
948 2273 126 71 sed
1020 2273 162 71 alter
1129 2273 90 71 &
1165 2273 216 71 oportere
1327 2273 162 71 putat
1435 2273 162 71 alter
1543 2273 126 71 non
1597 2273 144 71 putat.

596 2359 206 93 vaerendum
755 2359 111 93 est
818 2359 143 93 autem
913 2359 111 93 &c.
977 2359 95 93 In
1024 2359 111 93 hoc
1088 2359 127 93 nono
1167 2359 159 93 capite
1278 2359 174 93 quartam
1405 2359 254 93 dubitationem
1611 2359 95 93 in
1658 2359 159 93 fronte
1769 2359 143 93 libri
1864 2359 143 93 motam
1944 2359 174 93 explicat.

590 2446 116 55 vbi
657 2446 249 55 addubitatum
856 2446 133 55 fuit
939 2446 100 55 an
989 2446 249 55 incontinens
1189 2446 133 55 omni
1272 2446 233 55 opinationi
1454 2446 116 55 sit
1521 2446 249 55 immansiuus,
1720 2446 100 55 an
1770 2446 166 55 tantum
1886 2446 133 55 vere
1969 2446 83 55 &
1986 2446 133 55 incon¬-

583 2491 170 61 tinens
702 2491 102 61 ab
753 2491 136 61 omni
838 2491 204 61 opinione
991 2491 238 61 egressiuus
1178 2491 102 61 an
1229 2491 170 61 tantum
1348 2491 85 61 a
1381 2491 153 61 falsa
1483 2491 85 61 &
1517 2491 170 61 praua.
1636 2491 102 61 Et
1687 2491 187 61 quomodo
1823 2491 221 61 continens
1976 2491 136 61 habeat

461 2535 193 63 rationem
606 2535 161 63 medii.
719 2535 97 63 Et
767 2535 97 63 de
815 2535 258 63 similitudine
1025 2535 258 63 continentiae
1234 2535 81 63 &
1266 2535 274 63 temperantiae.
1492 2535 161 63 Accedo
1605 2535 97 63 ad
1653 2535 193 63 literam.
1798 2535 226 63 Quaerendum
1975 2535 129 63 esse
2039 2535 81 63 vi¬-

460 2585 144 56 detur
556 2585 144 56 vtrum
652 2585 96 56 is
699 2585 207 56 continens
859 2585 112 56 sit
923 2585 112 56 qui
987 2585 96 56 in
1035 2585 160 56 quauis
1146 2585 176 56 ratione
1274 2585 112 56 aut
1338 2585 207 56 electione
1498 2585 160 56 manet,
1609 2585 96 56 an
1657 2585 96 56 is
1705 2585 160 56 citius
1817 2585 112 56 qui
1881 2585 96 56 in
1928 2585 128 56 vera
1992 2585 128 56 tantum

460 2633 155 58 manet.
568 2633 93 58 Et
614 2633 93 58 ex
661 2633 186 58 opposito
800 2633 139 58 vtrum
893 2633 93 58 is
939 2633 108 58 sit
1001 2633 248 58 incontinens,
1202 2633 108 58 qui
1264 2633 108 58 non
1326 2633 93 58 in
1372 2633 155 58 quauis
1481 2633 170 58 ratione
1604 2633 93 58 ac
1651 2633 217 58 electione,
1821 2633 93 58 an
1867 2633 155 58 potius
1976 2633 108 58 qui
2038 2633 108 58 ma¬

466 2684 117 52 net
533 2684 100 52 in
583 2684 150 52 falsa
684 2684 217 52 electione
851 2684 84 52 &
884 2684 117 52 non
951 2684 150 52 recta
1051 2684 251 52 quemadmodum
1252 2684 201 52 superius
1402 2684 267 52 dubitauimus.
1620 2684 134 52 Huic
1703 2684 251 52 dubitationi
1904 2684 134 52 hanc
1971 2684 150 52 conclu¬-

456 2722 163 67 sionem
570 2722 260 67 hypotheticam
781 2722 244 67 responsalem
976 2722 163 67 ponit.
1090 2722 211 67 Continens
1253 2722 98 67 in
1302 2722 195 67 qualibet
1448 2722 195 67 opinione
1594 2722 130 67 siue
1676 2722 146 67 vera,
1773 2722 130 67 siue
1855 2722 146 67 falsa
1952 2722 114 67 per
2001 2722 114 67 acci¬-

467 2768 125 64 dens
545 2768 187 64 perstat,
686 2768 94 64 at
733 2768 109 64 per
795 2768 94 64 se
842 2768 78 64 &
873 2768 234 64 simpliciter
1060 2768 140 64 solum
1154 2768 172 64 perstat
1278 2768 94 64 in
1325 2768 140 64 vera.
1419 2768 94 64 At
1466 2768 234 64 incontinens
1653 2768 109 64 per
1715 2768 187 64 accidens
1855 2768 78 64 a
1887 2768 156 64 quauis
1980 2768 125 64 opina.

466 2824 141 61 tione
560 2824 204 61 discedit,
717 2824 94 61 ac
764 2824 235 61 simpliciter
953 2824 204 61 egreditur
1110 2824 78 61 a
1141 2824 141 61 vera.
1235 2824 126 61 Haec
1314 2824 204 61 conclusio
1471 2824 110 61 sic
1533 2824 204 61 probatur.
1690 2824 141 61 Sicut
1784 2824 141 61 illud
1879 2824 126 61 quod
1941 2824 173 61 quaeritur

470 2861 165 70 propter
590 2861 90 70 se
635 2861 135 70 primo
726 2861 105 70 per
786 2861 90 70 se
831 2861 211 70 quaeritur,
996 2861 75 70 &
1026 2861 135 70 illud
1117 2861 120 70 quod
1192 2861 195 70 quaeritur
1342 2861 105 70 per
1402 2861 180 70 accidens
1538 2861 165 70 propter
1658 2861 165 70 alterum
1778 2861 211 70 quaeritur,
1944 2861 90 70 vt
1989 2861 90 70 si
2019 2861 90 70 quis

467 2903 163 69 diligit
586 2903 133 69 vinum
674 2903 89 69 ob
719 2903 222 69 dulcedinem,
896 2903 89 69 is
941 2903 133 69 primo
1030 2903 74 69 &
1059 2903 104 69 per
1118 2903 89 69 se
1163 2903 163 69 diligit
1281 2903 148 69 dulce:
1385 2903 74 69 &
1414 2903 104 69 per
1474 2903 178 69 accidens
1607 2903 163 69 diligit
1725 2903 148 69 vinum:
1829 2903 148 69 simile
1932 2903 118 69 est,
1992 2903 118 69 Soera¬-

476 2955 103 57 tes
535 2955 177 57 diligens
668 2955 177 57 inimicum
801 2955 162 57 propter
919 2955 118 57 deum
992 2955 133 57 primo
1081 2955 74 57 &
1110 2955 103 57 per
1169 2955 88 57 se
1214 2955 162 57 diligit
1331 2955 133 57 deum:
1420 2955 74 57 &
1449 2955 177 57 inimicum
1582 2955 103 57 per
1641 2955 177 57 accidens
1774 2955 177 57 diligit.
1907 2955 74 57 &
1936 2955 88 57 si
1966 2955 147 57 quispiam

464 3001 108 61 fel
525 3001 123 61 loco
602 3001 154 61 mellis
710 3001 92 61 ob
756 3001 169 61 coloris
879 3001 261 61 similitudinem
1094 3001 169 61 eligat,
1217 3001 215 61 existimans
1386 3001 108 61 fel
1448 3001 123 61 esse
1525 3001 123 61 mel,
1602 3001 138 61 palam
1694 3001 108 61 est
1755 3001 123 61 quod
1832 3001 138 61 primo
1924 3001 169 61 quaerit
2032 3001 77 61 hoc

463 3048 164 65 propter
583 3048 119 65 quod
657 3048 149 65 eligit
762 3048 179 65 alterum.
896 3048 119 65 Vnde
971 3048 105 65 per
1031 3048 90 65 se
1075 3048 90 65 is
1120 3048 164 65 quaerit
1240 3048 75 65 &
1270 3048 149 65 eligit
1374 3048 105 65 mel
1434 3048 105 65 per
1494 3048 179 65 accidens
1628 3048 134 65 autem
1718 3048 164 65 quaerit
1837 3048 75 65 &
1867 3048 149 65 eligit
1972 3048 119 65 fel.
2031 3048 75 65 Per

463 3088 80 65 se
503 3088 94 65 est
556 3088 161 65 praecise
677 3088 67 65 &
704 3088 214 65 pricipaliter
878 3088 174 65 intentum:
1012 3088 94 65 per
1066 3088 161 65 accidens
1186 3088 147 65 praeter
1294 3088 201 65 intentionem
1454 3088 134 65 valet:
1548 3088 107 65 quod
1615 3088 161 65 interdum
1736 3088 161 65 latenter
1856 3088 94 65 cum
1910 3088 94 65 per
1964 3088 80 65 se
1990 3088 121 65 intento

474 3136 295 60 conglutinatur.
719 3136 115 60 Nec
785 3136 180 60 oportet
915 3136 147 60 modos
1014 3136 245 60 perseitatis
1210 3136 147 60 primo
1308 3136 245 60 posteriorum
1505 3136 164 60 tactos
1619 3136 115 60 hic
1685 3136 180 60 rimari.
1815 3136 131 60 Pone
1897 3136 147 60 malum
1979 3136 131 60 sacer¬-

475 3183 131 60 dotem
563 3183 87 60 ex
607 3183 190 60 proposito
752 3183 204 60 deliberato
913 3183 117 60 quam
986 3183 175 60 ostentat
1117 3183 146 60 ostiam
1219 3183 102 60 non
1277 3183 233 60 consecrasse,
1467 3183 117 60 tunc
1540 3183 175 60 obiectum
1671 3183 102 60 per
1729 3183 190 60 orationis
1875 3183 117 60 meae
1948 3183 87 60 in
1977 3183 146 60 Euchari¬-

464 3227 112 83 stia
534 3227 98 83 est
590 3227 140 83 corpus
688 3227 168 83 Christi,
814 3227 168 83 obiectum
940 3227 98 83 per
996 3227 168 83 accidens
1122 3227 126 83 panis
1206 3227 112 83 ille
1276 3227 168 83 erectus.
1401 3227 140 83 Itidem
1499 3227 84 83 si
1541 3227 168 83 quispiam
1667 3227 140 83 falsam
1765 3227 182 83 rationem,
1905 3227 126 83 veram
1975 3227 140 83 arbitral
