2333 3596
160 244 225 123 signanter
333 244 191 123 debilis
472 244 225 123 consultat
645 244 104 123 de
697 244 173 123 agendo
818 244 104 123 ac
870 244 225 123 consilium
1044 244 156 123 ipsum
1148 244 260 123 aspernatur.
1356 244 208 123 Malignus
1512 244 156 123 autem
1616 244 139 123 siue
1685 244 156 123 intempa

173 323 143 88 ratus
269 323 239 88 assimilatur
460 323 207 88 ciuitati,
619 323 127 88 quae
699 323 175 88 legibus
826 323 175 88 quidem,
954 323 112 88 sed
1018 323 159 88 prauis
1129 323 175 88 vtitur.
1256 323 96 88 Ac
1304 323 239 88 continentia
1495 323 96 88 ac
1543 323 271 88 incontinentia
1750 323 96 88 cir¬-

175 363 103 100 ca
226 363 103 100 id
278 363 224 100 insudant.
450 363 121 100 Qua
519 363 172 100 vincit
640 363 190 100 habitum
778 363 293 100 multitudinis,
1019 363 172 100 patet,
1140 363 224 100 continens
1312 363 172 100 magis,
1433 363 258 100 incontinens
1639 363 155 100 minus
1725 363 121 100 perma

176 408 112 104 net
240 408 127 104 quam
319 408 207 104 multitudo
479 408 175 104 potest.
606 408 127 104 Vult
686 408 159 104 dicere
797 408 127 104 quod
877 408 143 104 licet
973 408 207 104 continens
1132 408 159 104 vtatur
1244 408 175 104 ratione
1371 408 127 104 quam
1451 408 159 104 habet,
1562 408 239 104 incontinens
1737 408 96 104 vero

173 463 129 92 non,
253 463 145 92 tamen
350 463 113 92 non
415 463 193 92 quilibet
560 463 193 92 excessus
705 463 81 92 a
737 463 145 92 recta
834 463 177 92 ratione
963 463 145 92 facit
1059 463 290 92 incontinentem.
1301 463 210 92 Continens
1462 463 210 92 persistit
1623 463 97 92 in
1672 463 145 92 recta
1752 463 81 92 ra¬-

173 502 152 103 tione
275 502 152 103 magis
376 502 135 103 quam
461 502 152 103 multi
562 502 203 103 possunt.
714 502 186 103 Superat
849 502 135 103 enim
934 502 254 103 cupiditates
1137 502 85 103 a
1171 502 169 103 quibus
1289 502 152 103 multi
1390 502 237 103 vincuntur,
1576 502 254 103 incontinens
1762 502 68 103 ve

174 575 102 70 ro
225 575 85 70 a
259 575 288 70 cupiditatibus
496 575 220 70 superatur
665 575 135 70 quas
749 575 152 70 multi
834 575 169 70 vincunt.

166 566 86 131 ⁋
200 566 138 131 Alia
286 566 241 131 conclusio.
475 566 292 131 Incontinentes
716 566 275 131 praeuolantes
940 566 138 131 (qua
1026 566 292 131 incontinentia
1266 566 275 131 melancholici
1490 566 206 131 laborant
1645 566 138 131 sunt
1714 566 120 131 minus

183 637 127 96 mali
262 637 79 96 &
294 637 254 96 curabiliores
500 637 127 96 quam
580 637 270 96 incontinentes
802 637 174 96 debiles
928 637 111 96 non
992 637 254 96 persistentes
1198 637 95 96 in
1245 637 285 96 consultatione.
1483 637 127 96 Haec
1563 637 206 96 conclusio
1721 637 95 96 in
1753 637 95 96 vir¬-

175 695 132 92 tute
258 695 132 92 ante
341 695 165 92 habita
456 695 132 92 est.
539 695 248 92 Probaturque
737 695 132 92 sic.
820 695 116 92 Qui
886 695 149 92 habet
985 695 198 92 rationem
1134 695 149 92 habet
1233 695 132 92 opem
1316 695 165 92 contra
1432 695 165 92 malum,
1547 695 99 92 vt
1597 695 198 92 debilis:
1729 695 116 92 prae¬-

180 740 174 90 uolans
302 740 157 90 autem
406 740 122 90 non
476 740 174 90 habet,
598 740 227 90 eapropter
772 740 157 90 magis
877 740 174 90 debili
999 740 227 90 imputatur
1173 740 105 90 si
1208 740 209 90 succumbat.

187 785 83 88 ⁋
221 785 132 88 Alia
303 785 231 88 conclusio.
485 785 281 88 Incontinentes
716 785 116 88 per
782 785 281 88 consuetudinem
1014 785 132 88 sunt
1096 785 264 88 curabiliores
1311 785 132 88 quam
1394 785 281 88 incontinentes
1625 785 116 88 per
1675 785 165 88 naturam.

181 832 289 92 Incontinentes
419 832 119 92 per
487 832 187 92 naturam
623 832 136 92 sunt
708 832 102 92 ex
759 832 238 92 influentia
946 832 153 92 caeli
1049 832 119 92 aut
1117 832 102 92 ex
1168 832 323 92 progenitoribus.
1440 832 153 92 Auiti
1542 832 136 92 enim
1627 832 153 92 mores
1729 832 102 92 in
1763 832 85 92 na¬-

180 877 122 89 tos
249 877 260 89 descendunt,
457 877 208 89 facilius
614 877 156 89 autem
718 877 122 89 est
787 877 295 89 consuetudinem
1030 877 139 89 quam
1117 877 191 89 naturam
1256 877 226 89 immutare.
1429 877 278 89 Assuetudinem
1655 877 174 89 mutare
1759 877 87 89 non

188 915 155 100 habet
291 915 293 100 difficultatem
533 915 138 100 nisi
619 915 138 100 quia
706 915 190 100 naturam
844 915 242 100 aemulatur:
1034 915 138 100 modo
1120 915 190 100 propter
1258 915 138 100 quod
1344 915 259 100 vnumquodque
1552 915 138 100 tale
1638 915 86 100 &
1672 915 155 100 illud
1759 915 86 100 ma¬-

192 964 127 92 gis,
271 964 143 92 primo
366 964 254 92 posteriorum.
573 964 95 92 Qu
620 964 222 92 consuetudo
794 964 174 92 similis
921 964 111 92 sit
985 964 174 92 naturae
1111 964 238 92 authoritate
1302 964 143 92 Eueni
1397 964 158 92 poetae
1508 964 158 92 probat
1603 964 174 92 dicentis.

180 1036 120 66 Est
249 1036 138 66 vsus
335 1036 172 66 longus
455 1036 120 66 mos
524 1036 103 66 ac
575 1036 224 66 meditatio
730 1036 155 66 crebra:

192 1070 142 81 Hunc
281 1070 178 81 tandem
406 1070 178 81 assero
530 1070 196 81 naturam
673 1070 249 81 mortalibus
850 1070 125 81 esse.

187 1088 84 110 ⁋
221 1088 152 110 Verum
322 1088 135 110 quid
407 1088 253 110 continentia
609 1088 287 110 incontinentia
845 1088 118 110 ve:
913 1088 135 110 quid
997 1088 135 110 item
1082 1088 236 110 constantia
1267 1088 84 110 &
1301 1088 219 110 mollitudo
1470 1088 84 110 &
1503 1088 118 110 qua
1571 1088 118 110 via
1638 1088 152 110 inter
1740 1088 101 110 se
1773 1088 68 110 se

189 1157 231 86 cernantur
367 1157 106 86 hi
420 1157 195 86 habitus
562 1157 124 86 iam
633 1157 195 86 vbertim
775 1157 177 86 dictum
899 1157 142 86 est.
988 1157 89 86 ⁋
1023 1157 160 86 Circa
1129 1157 160 86 totam
1236 1157 142 86 hanc
1325 1157 213 86 materiam
1484 1157 106 86 in
1537 1157 177 86 primis
1644 1157 195 86 dubitatus

189 1198 95 96 an
237 1198 126 96 quis
315 1198 158 96 potest
426 1198 126 96 esse
504 1198 205 96 continens
662 1198 126 96 sine
741 1198 158 96 munere
851 1198 126 96 dei,
930 1198 110 96 hoc
993 1198 110 96 est
1056 1198 189 96 speciali
1197 1198 110 96 dei
1260 1198 126 96 ope.
1339 1198 79 96 ⁋
1371 1198 173 96 Relicto
1497 1198 236 96 philosopho,
1686 1198 95 96 ad
1717 1198 126 96 theolo

199 1249 120 94 gos
267 1249 257 94 deueniendo,
473 1249 137 94 dico
559 1249 154 94 hosce
662 1249 154 94 super
765 1249 120 94 hoc
834 1249 189 94 negocio
971 1249 257 94 disceptare.
1177 1249 172 94 Partem
1297 1249 223 94 negatiuam
1469 1249 240 94 approbatis
1640 1249 206 94 doctoribus

199 1295 268 85 ecclesiaeque
417 1295 352 85 determinationibus
719 1295 268 85 conformiorem
937 1295 218 85 arbitror:
1105 1295 218 85 eapropter
1273 1295 117 85 eam
1340 1295 201 85 aemulari
1491 1295 117 85 par
1558 1295 134 85 est.
1642 1295 185 85 dicitur
1759 1295 101 85 enim

203 1336 241 89 Sapientiae
392 1336 190 89 octauo.
530 1336 121 89 Non
599 1336 172 89 possum
720 1336 138 89 esse
806 1336 224 89 continens
979 1336 138 89 nisi
1065 1336 138 89 deus
1151 1336 138 89 det.
1237 1336 138 89 Quod
1323 1336 172 89 verbum
1444 1336 241 89 occasionem
1634 1336 224 89 dubitandi
1789 1336 69 89 no

193 1382 126 95 bis
265 1382 108 95 in
319 1382 307 95 praesentiarum
572 1382 235 95 praebuit:
753 1382 90 95 &
789 1382 126 95 non
861 1382 145 95 modo
952 1382 163 95 circa
1060 1382 289 95 continentiam
1295 1382 253 95 verumetiam
1494 1382 163 95 circa
1602 1382 145 95 omne
1692 1382 163 95 bonum
1783 1382 72 95 id

203 1430 228 92 contingit.
382 1430 195 92 Probatur
528 1430 130 92 haec
609 1430 130 92 pars
690 1430 130 92 siue
772 1430 211 92 conclusio
934 1430 211 92 negatiua.
1097 1430 146 92 Illic
1194 1430 179 92 sapiens
1325 1430 114 92 non
1390 1430 195 92 loquitur
1536 1430 98 92 de
1585 1430 179 92 datione
1715 1430 81 92 &
1731 1430 130 92 patro¬-

206 1471 150 102 cinio
306 1471 216 102 generali,
472 1471 116 102 nam
539 1471 133 102 sine
622 1471 199 102 concursu
771 1471 116 102 dei
838 1471 199 102 generali
987 1471 249 102 incontinens
1187 1471 133 102 esse
1270 1471 166 102 potest
1386 1471 150 102 nemo,
1486 1471 199 102 siquidem
1635 1471 100 102 ad
1669 1471 199 102 cuiustibet

203 1521 120 99 rei
271 1521 257 99 substantiam
477 1521 137 99 deus
563 1521 223 99 concurrit
734 1521 103 99 vt
785 1521 103 99 ex
837 1521 206 99 symbolis
991 1521 223 99 edocemur,
1162 1521 120 99 est
1230 1521 137 99 enim
1316 1521 240 99 visibilium
1504 1521 86 99 &
1539 1521 274 99 inuisibilium
1744 1521 120 99 bono¬-

199 1568 127 100 rum
271 1568 91 100 &
308 1568 200 100 malorum
453 1568 182 100 actor.
580 1568 163 100 Aliud
689 1568 145 100 ergo
780 1568 218 100 auxilium
943 1568 127 100 dei
1016 1568 109 100 ad
1070 1568 163 100 bonum
1179 1568 254 100 requiritur
1379 1568 145 100 quam
1470 1568 109 100 ad
1524 1568 182 100 malum.
1651 1568 127 100 Hoc
1706 1568 163 100 tangens

200 1617 257 94 Augustinus
402 1617 110 94 in
457 1617 221 94 epistola
622 1617 110 94 ad
677 1617 221 94 Paulinum
843 1617 202 94 Nolanum
990 1617 239 94 episcopum
1174 1617 147 94 ait.
1266 1617 184 94 Quando
1394 1617 184 94 contra
1523 1617 276 94 tentationes
1725 1617 147 94 concu¬-

205 1659 290 99 piscentiasque
444 1659 222 99 illicitas
614 1659 239 99 dimicamus,
802 1659 188 99 quamuis
938 1659 153 99 illic
1040 1659 85 99 &
1075 1659 205 99 propriam
1228 1659 205 99 habeamus
1382 1659 239 99 voluntatem
1569 1659 119 99 non
1637 1659 153 99 tamen
1740 1659 102 99 ex
1774 1659 85 99 il¬-

204 1710 119 93 la,
272 1710 119 93 sed
340 1710 102 93 ex
391 1710 221 93 adiutorio
561 1710 119 93 dei
629 1710 187 93 nostram
764 1710 221 93 prouenire
934 1710 221 93 victoriam
1104 1710 221 93 arbitror.
1274 1710 187 93 Proinde
1410 1710 119 93 nec
1477 1710 204 93 constans
1630 1710 119 93 nec
1681 1710 187 93 continens

214 1752 158 100 potest
325 1752 142 100 stare
420 1752 190 100 inuictus
562 1752 95 100 in
609 1752 142 100 agone
704 1752 126 100 sine
783 1752 111 100 dei
846 1752 190 100 speciali
988 1752 126 100 ope.
1067 1752 95 100 Et
1115 1752 221 100 Augustinus
1288 1752 95 100 in
1336 1752 95 100 de
1383 1752 237 100 correctione
1573 1752 79 100 &
1604 1752 158 100 gratia
1699 1752 158 100 capitulo

219 1797 193 102 quarto.
360 1797 193 102 Liberum
500 1797 228 102 arbitrium
675 1797 105 102 ad
728 1797 158 102 malum
833 1797 228 102 sufficit:
1009 1797 105 102 ad
1061 1797 158 102 bonum
1166 1797 158 102 autem
1272 1797 158 102 parum
1377 1797 123 102 est
1447 1797 140 102 nisi
1535 1797 228 102 adiuuetur
1710 1797 105 102 ab
1745 1797 123 102 omni¬-

209 1842 195 102 potenti
351 1842 160 102 bono.
458 1842 106 102 Et
511 1842 177 102 doctor
635 1842 195 102 gentium
777 1842 106 102 ad
830 1842 195 102 Romanos
972 1842 160 102 nono.
1078 1842 142 102 Deus
1167 1842 213 102 operatur
1326 1842 106 102 in
1380 1842 160 102 nobis
1486 1842 160 102 velle
1592 1842 89 102 &
1628 1842 248 102 perficere.
1805 1842 71 102 Et

208 1898 171 96 primae
328 1898 103 96 ad
379 1898 239 96 Corinthios
567 1898 188 96 quarto.
703 1898 137 96 Quid
789 1898 154 96 habes
891 1898 137 96 quod
977 1898 120 96 non
1045 1898 239 96 accepisti.
1233 1898 103 96 Et
1284 1898 188 96 Ioannis
1421 1898 171 96 sexto.
1540 1898 137 96 Nemo
1626 1898 171 96 potest
1728 1898 137 96 venire

213 1936 97 90 ad
261 1936 97 90 me
310 1936 130 90 nisi
391 1936 146 90 pater
488 1936 194 90 traxerit
634 1936 162 90 illum.
747 1936 97 90 Ad
796 1936 113 90 hoc
861 1936 211 90 magister,
1023 1936 259 90 distinctione
1233 1936 194 90 vigesima
1379 1936 146 90 sexta
1476 1936 146 90 libri
1573 1936 178 90 secundi
1687 1936 178 90 sententia

209 1987 121 85 rum
278 1987 173 85 Patrum
399 1987 277 85 authoritates
625 1987 208 85 inducit,
780 1987 104 85 vt
832 1987 104 85 in
884 1987 173 85 eandem
1006 1987 312 85 distinctionem,
1266 1987 156 85 libro
1370 1987 191 85 secundo
1508 1987 173 85 fusius
1612 1987 260 85 monstrauimus.

217 2027 141 102 Haec
305 2027 194 102 vocatur
446 2027 176 102 gratia
569 2027 264 102 praeueniens
780 2027 106 102 ad
833 2027 176 102 bonum.
956 2027 123 102 Hoc
1027 2027 211 102 puerorum
1185 2027 194 102 libelli
1326 2027 211 102 indicant
1484 2027 211 102 quicquid
1642 2027 158 102 habes
1730 2027 141 102 meriti

213 2072 261 106 praeuentrix
421 2072 174 106 gratia
543 2072 174 106 donat,
664 2072 87 106 &
699 2072 209 106 Quicquid
856 2072 226 106 peccamus,
1029 2072 104 106 id
1082 2072 156 106 nobis
1186 2072 278 106 attribuamus.
1412 2072 226 106 Oppositum
1586 2072 139 106 erat
1672 2072 156 106 error
1759 2072 122 106 Pela¬-

219 2128 133 93 gii:
302 2128 149 93 cuius
402 2128 183 93 errores
535 2128 216 93 Gratianus
701 2128 199 93 allegat,
850 2128 133 93 ergo
933 2128 166 93 aliter
1050 2128 100 93 ad
1099 2128 149 93 bonum
1199 2128 166 93 aliter
1315 2128 100 93 ad
1365 2128 149 93 malum
1465 2128 133 93 deus
1531 2128 216 93 cooperatur.

223 2164 87 96 ⁋
257 2164 173 96 Contra
379 2164 139 96 hanc
465 2164 277 96 conclusionem
691 2164 243 96 argumentor
882 2164 139 96 sic.
968 2164 104 96 Ex
1020 2164 104 96 ea
1072 2164 208 96 sequitur
1228 2164 191 96 hominem
1367 2164 104 96 ad
1419 2164 260 96 impossibile
1627 2164 225 96 obligari,
1783 2164 87 96 con

221 2214 189 93 sequens
358 2214 120 93 est
427 2214 189 93 rationi
565 2214 292 93 dissentaneum,
805 2214 138 93 quia
891 2214 138 93 omne
977 2214 206 93 peccatum
1132 2214 120 93 est
1201 2214 275 93 voluntarium.
1424 2214 275 93 Consequentia
1648 2214 155 93 tamen
1733 2214 138 93 patet.

223 2262 139 95 quia
309 2262 208 95 quispiam
465 2262 191 95 tenetur
604 2262 191 95 elicere
743 2262 156 95 actum
847 2262 156 95 bonum
951 2262 139 95 quem
1038 2262 121 95 cum
1107 2262 243 95 influentia
1298 2262 104 95 de
1350 2262 208 95 generali
1506 2262 173 95 habere
1627 2262 191 95 nequit,
1749 2262 121 95 pona¬-

224 2318 119 79 tur
292 2318 136 79 deus
377 2318 256 79 specialiter
582 2318 119 79 non
650 2318 238 79 concurrere
837 2318 136 79 tunc
922 2318 187 79 habetur
1042 2318 204 79 propositum

231 2343 89 108 ⁋
267 2343 195 108 Secundo
409 2343 213 108 Socrates
568 2343 124 108 non
639 2343 284 108 necessitatur
869 2343 284 108 concupiscere
1100 2343 142 108 hanc
1189 2343 213 108 pulchram
1348 2343 230 108 foeminam,
1525 2343 142 108 ergo
1614 2343 177 108 potest
1738 2343 106 108 ab
1774 2343 106 108 eius

227 2415 221 81 cupiditate
401 2415 221 81 abstinere:
575 2415 126 81 ergo
654 2415 95 81 ad
701 2415 111 81 hoc
764 2415 190 81 speciali
907 2415 111 81 ope
970 2415 111 81 dei
1033 2415 111 81 non
1080 2415 111 81 eget.

229 2449 86 93 ⁋
263 2449 171 93 Tertio
383 2449 137 93 deus
469 2449 257 93 specialiter
674 2449 206 93 instigat
828 2449 103 93 in
880 2449 171 93 malum,
1000 2449 137 93 ergo
1085 2449 120 93 non
1154 2449 171 93 aliter
1274 2449 154 93 bonum
1376 2449 137 93 quam
1462 2449 103 93 ad
1513 2449 154 93 malum
1616 2449 257 93 cooperatur.
1804 2449 86 93 As¬-

226 2494 195 93 sumptum
368 2494 160 93 patet
475 2494 124 93 per
546 2494 160 93 illud
652 2494 142 93 quod
741 2494 249 93 scribitur.
936 2494 160 93 primo
1043 2494 302 93 Paralipomenum
1291 2494 195 93 quinto.
1433 2494 249 93 Suscitauit
1629 2494 195 93 dominus
1753 2494 142 93 spiri¬-

226 2539 120 93 tum
295 2539 240 93 Assyriorum
483 2539 155 93 regis
587 2539 172 93 contra
707 2539 189 93 Israel,
844 2539 86 93 &
879 2539 240 93 transtulit
1068 2539 155 93 Ruben
1171 2539 86 93 &
1205 2539 137 93 Gad.
1291 2539 103 93 At
1342 2539 120 93 rex
1411 2539 103 93 in
1463 2539 120 93 hoc
1531 2539 223 93 deliquit,
1686 2539 206 93 Hebraeorum

236 2585 207 88 fortunas
391 2585 224 88 depilans.
564 2585 173 88 Simile
685 2585 190 88 secundi
823 2585 293 88 Paralipomenum
1064 2585 293 88 vigesimoprimo
1306 2585 242 88 scribitur.
1496 2585 242 88 Suscitauit
1686 2585 138 88 deus
1755 2585 138 88 contra

228 2632 160 88 loram
335 2632 213 88 spiritum
495 2632 302 88 Philistinorum
744 2632 89 88 &
779 2632 196 88 Arabum,
922 2632 89 88 &
957 2632 267 88 ascenderunt
1171 2632 107 88 in
1224 2632 178 88 terram
1349 2632 160 88 luda,
1455 2632 89 88 &
1491 2632 302 88 dissipauerunt
1740 2632 142 88 eam.
1811 2632 71 88 Et

239 2678 168 87 Esaiae
357 2678 185 87 decimo.
492 2678 151 87 Assur
592 2678 151 87 virga
693 2678 185 87 furoris
828 2678 118 87 mei
895 2678 84 87 &
929 2678 185 87 baculus
1064 2678 135 87 ipse
1148 2678 135 87 est:
1232 2678 168 87 mittam
1350 2678 118 87 eum
1417 2678 168 87 contra
1535 2678 185 87 populum
1669 2678 185 87 furoris
1787 2678 101 87 mei.

236 2724 186 89 Mandabo
371 2724 135 89 illi
455 2724 101 89 vt
506 2724 186 89 auferat
641 2724 169 89 spolia
759 2724 84 89 &
793 2724 202 89 diripiat
945 2724 202 89 praedam:
1096 2724 84 89 &
1130 2724 152 89 ponat
1231 2724 118 89 eam
1299 2724 101 89 in
1349 2724 304 89 conculcationem
1602 2724 152 89 quasi
1703 2724 169 89 lutum.
1805 2724 84 89 Hoc

242 2774 101 84 vt
293 2774 269 84 commentarius
511 2774 185 84 exponit
645 2774 168 84 dictum
763 2774 118 84 est
830 2774 101 84 de
880 2774 235 84 Senacherib
1065 2774 134 84 rege
1149 2774 235 84 Assyriorum
1334 2774 168 84 contra
1451 2774 168 84 Israel
1569 2774 118 84 sub
1636 2774 202 84 Ezechia.
1770 2774 118 84 quar¬-

235 2820 101 91 ti
286 2820 169 91 Regum.
404 2820 169 91 xviii.
522 2820 84 91 ⁋
556 2820 101 91 Ad
606 2820 169 91 primum
725 2820 253 91 respondendo
927 2820 219 91 sequelam,
1096 2820 219 91 inficior.
1265 2820 135 91 Deus
1349 2820 135 91 enim
1433 2820 203 91 cuilibet
1585 2820 135 91 suum
1670 2820 203 91 speciale
1805 2820 84 91 au¬-

242 2865 158 87 xilium
353 2865 111 87 dat
416 2865 95 87 ad
464 2865 127 87 bene
543 2865 222 87 operandum,
717 2865 127 87 nisi
796 2865 127 87 quis
876 2865 127 87 illo
955 2865 206 87 abutatur,
1113 2865 79 87 &
1145 2865 127 87 illi
1224 2865 238 87 reluctetur:
1414 2865 143 87 quare
1509 2865 95 87 se
1556 2865 253 87 indignificat
1762 2865 95 87 ea
1794 2865 95 87 ope.

238 2908 137 96 Nemo
323 2908 171 96 potest
443 2908 188 96 aliquid
579 2908 188 96 operari
716 2908 137 96 sine
801 2908 119 96 dei
869 2908 205 96 concursu
1023 2908 205 96 generali
1176 2908 137 96 quod
1262 2908 171 96 semper
1381 2908 205 96 cuilibet
1535 2908 102 96 ad
1586 2908 154 96 bonum
1688 2908 85 96 &
1722 2908 154 96 malum
1808 2908 85 96 est

251 2961 196 81 paratum.
398 2961 114 81 Sic
463 2961 82 81 &
496 2961 98 81 de
545 2961 196 81 speciali
692 2961 131 81 dico
774 2961 131 81 nisi
856 2961 131 81 quis
937 2961 98 81 se
986 2961 131 81 illo
1068 2961 278 81 indignificet.
1297 2961 196 81 Speciale
1444 2961 180 81 hominem
1575 2961 98 81 ad
1624 2961 147 81 bonum
1722 2961 114 81 non
1771 2961 131 81 neces¬-

243 3004 144 86 sitat
339 3004 176 86 secundm
467 3004 160 86 legem,
579 3004 208 86 propterea
739 3004 128 86 homo
819 3004 96 86 eo
867 3004 144 86 vtens
963 3004 192 86 meretur.
1108 3004 160 86 Potest
1220 3004 144 86 tamen
1316 3004 192 86 quempiam
1460 3004 240 86 necessitate
1652 3004 96 86 si
1700 3004 192 86 voluerit
1828 3004 64 86 ad

240 3049 140 98 bene
327 3049 209 98 agendum.
484 3049 87 98 ⁋
519 3049 105 98 Ad
571 3049 209 98 secundum
728 3049 157 98 prima
833 3049 174 98 fronte
955 3049 192 98 videtur
1094 3049 105 98 ad
1147 3049 314 98 perseuerantiam
1408 3049 140 98 siue
1496 3049 262 98 constantiam
1705 3049 122 98 non
1757 3049 140 98 requi¬-

247 3098 90 88 ri
292 3098 105 88 dei
352 3098 179 88 speciale
486 3098 194 88 auxilium,
636 3098 120 88 quia
711 3098 105 88 cum
770 3098 179 88 generali
905 3098 75 88 &
935 3098 164 88 hominis
1055 3098 194 88 libertate
1204 3098 150 88 potest
1309 3098 105 88 non
1369 3098 150 88 agere,
1473 3098 164 88 alioqui
1593 3098 105 88 non
1653 3098 105 88 sit
1713 3098 150 88 liber.
1802 3098 90 88 Sec?

242 3140 114 91 est
307 3140 98 91 de
356 3140 130 91 actu
437 3140 260 91 continentiae
648 3140 277 91 difficiliore.
876 3140 114 91 qui
941 3140 146 91 actum
1039 3140 211 91 positiuum
1202 3140 211 91 moraliter
1364 3140 146 91 bonum
1462 3140 244 91 efflagitat.
1657 3140 179 91 Attamen
1787 3140 98 91 ob
1820 3140 81 91 pa¬-

247 3187 138 112 trum
333 3187 327 112 determinationes
608 3187 258 112 considerata
814 3187 172 112 nostra
935 3187 258 112 infirmitate
1141 3187 138 112 puto
1227 3187 206 112 auxilium
1382 3187 206 112 speciale
1537 3187 189 112 requiri
1674 3187 103 112 ad
1726 3187 120 112 hoc
1795 3187 103 112 vt
1829 3187 86 112 non
