2328 3587
413 266 139 83 Non
493 266 159 83 enim
592 266 339 83 generationes,
871 266 179 83 neque
991 266 139 83 cum
1070 266 299 83 generatione
1309 266 159 83 sunt
1409 266 199 83 omnes,
1548 266 139 83 sed
1628 266 299 83 operationes
1867 266 100 83 &
1907 266 199 83 finis.
2026 266 100 83 Nec

416 341 227 65 eueniunt
586 341 132 65 dum
662 341 189 65 fiunt,
794 341 132 65 sed
869 341 132 65 cum
945 341 132 65 fit
1020 341 170 65 vsus:
1133 341 132 65 nec
1209 341 189 65 omnium
1341 341 132 65 est
1417 341 170 65 finis
1530 341 170 65 aliud
1643 341 245 65 quicquam,
1832 341 132 65 sed
1907 341 170 65 earum
2021 341 151 65 quae

425 396 202 69 ducunt
566 396 121 69 ad
627 396 323 69 perfectionem
889 396 242 69 naturae.
1071 396 283 69 Quapropter
1293 396 101 69 &
1333 396 141 69 non
1414 396 162 69 bene
1515 396 162 69 sese
1616 396 202 69 habet,
1758 396 283 69 voluptatem
1959 396 162 69 dicere

422 445 299 81 generationem
665 445 150 81 esse
759 445 281 81 sensibilem,
983 445 131 81 sed
1058 445 224 81 dicendum
1226 445 131 81 est
1301 445 187 81 potius
1432 445 281 81 operationem
1657 445 150 81 eius
1750 445 206 81 habitus
1900 445 131 81 qui
1974 445 131 81 est
2031 445 94 81 se¬-

434 513 202 63 cundum
575 513 243 63 naturam,
757 513 101 63 &
798 513 142 63 pro
879 513 142 63 hoc
960 513 283 63 sensibilem
1182 513 162 63 sine
1284 513 324 63 impedimento.
1547 513 223 63 Videtur
1708 513 182 63 autem
1830 513 121 63 ex
1890 513 121 63 eo
1931 513 182 63 genera¬-

436 555 139 74 tio
515 555 218 74 quaedam
674 555 178 74 esse,
793 555 158 74 quia
892 555 139 74 est
971 555 218 74 proprie
1129 555 198 74 bonum.
1268 555 297 74 Operationem
1505 555 158 74 enim
1604 555 317 74 generationem
1862 555 158 74 esse
1941 555 178 74 existi¬-

429 614 173 73 mant,
544 614 134 73 est
621 614 173 73 autem
736 614 250 73 diuersum.
928 614 115 73 At
986 614 154 73 vero
1082 614 115 73 si
1139 614 269 73 voluptates
1351 614 154 73 esse
1447 614 192 73 prauas
1581 614 115 73 ex
1639 614 115 73 eo
1696 614 230 73 censent,
1869 614 154 73 quia
1946 614 173 73 nonnul¬-

429 666 136 63 lae
506 666 175 63 rerum
623 666 291 63 afferentium
856 666 272 63 voluptatem
1069 666 194 63 morbos
1205 666 272 63 efficiunt,
1418 666 155 63 idem
1515 666 116 63 de
1574 666 272 63 salubribus
1787 666 175 63 rebus
1884 666 233 63 censebunt,

437 728 245 57 Nonnullae
625 728 188 57 nanque
757 728 188 57 obsunt
889 728 282 57 pecuniariae
1115 728 151 57 rei.
1209 728 132 57 Hoc
1285 728 188 57 igitur
1416 728 169 57 pacto
1529 728 188 57 prauae
1661 728 151 57 sunt
1755 728 188 57 ambae.
1887 728 113 57 at
1944 728 132 57 non
2000 728 113 57 sunt

424 789 126 63 ob
487 789 231 63 idipsum
655 789 231 63 prauae.
823 789 147 63 Nam
907 789 189 63 obest
1033 789 252 63 interdum
1222 789 126 63 ad
1285 789 273 63 sanitatem
1495 789 105 63 &
1537 789 357 63 contemplatio.
1831 789 231 63 impedit
1978 789 147 63 autem

432 828 172 63 neque
547 828 268 63 prudentiam
757 828 172 63 neque
872 828 211 63 habitum
1025 828 172 63 vllum
1140 828 230 63 voluptas
1313 828 115 63 ea
1370 828 153 63 quae
1466 828 115 63 ab
1523 828 134 63 vno
1600 828 191 63 quoque
1734 828 191 63 prodit
1868 828 134 63 sed
1926 828 191 63 alienae.

428 889 140 71 Nam
508 889 140 71 eae
588 889 281 71 voluptates
809 889 160 71 quae
909 889 120 71 ad
970 889 381 71 contemplationem
1291 889 241 71 emergunt
1471 889 100 71 &
1511 889 321 71 disciplinam,
1772 889 261 71 conferunt
1953 889 160 71 potius

439 944 112 62 ad
495 944 335 62 contemplandum,
775 944 168 62 atque
886 944 261 62 discendum.
1091 944 112 62 Id
1147 944 242 62 praeterea
1333 944 149 62 quod
1426 944 205 62 dicitur
1575 944 186 62 nullam
1705 944 186 62 vllius
1836 944 168 62 artis
1947 944 149 62 opus
2022 944 93 62 vo¬-

432 996 207 71 luptatem
587 996 138 71 esse
673 996 121 71 cum
742 996 190 71 ratione
880 996 207 71 accidit.
1036 996 121 71 Nec
1105 996 138 71 enim
1191 996 138 71 vlla
1277 996 138 71 alia
1364 996 207 71 operatio
1519 996 155 71 artis
1623 996 138 71 est,
1709 996 121 71 sed
1778 996 242 71 potentiae,
1950 996 173 71 quamquam

435 1053 97 62 &
473 1053 290 62 vnguentaria
705 1053 135 62 ars
783 1053 97 62 &
821 1053 290 62 coquinaria,
1053 1053 271 62 voluptatis
1266 1053 155 62 esse
1362 1053 251 62 videntur.
1556 1053 290 62 Temperantem
1787 1053 174 62 autem
1903 1053 193 62 fugere
2019 1053 97 62 vo¬-

438 1110 243 67 luptatem,
625 1110 94 67 &
663 1110 243 67 prudentem
850 1110 168 67 sequi
962 1110 262 67 vacuitatem
1168 1110 224 67 doloris,
1336 1110 187 67 pueros
1467 1110 206 67 denique
1617 1110 224 67 persequi
1785 1110 243 67 beluasque
1954 1110 168 67 affici¬-

432 1168 178 67 entes
551 1168 138 67 res
630 1168 277 67 voluptate,
847 1168 178 67 eodem
966 1168 178 67 omnia
1084 1168 158 67 modo
1183 1168 277 67 soluuntur.
1400 1168 138 67 Nam
1479 1168 138 67 cum
1558 1168 277 67 voluptatum
1775 1168 138 67 (vt
1854 1168 198 67 dictum
1993 1168 158 67 est)

436 1226 155 60 aliae
539 1226 138 60 sint
625 1226 207 60 absolute
781 1226 172 60 bonae,
901 1226 155 60 aliae
1005 1226 121 60 non
1074 1226 155 60 bonae
1177 1226 155 60 tales
1280 1226 241 60 voluptates
1470 1226 121 60 tam
1539 1226 155 60 pueri
1642 1226 138 60 quam
1729 1226 172 60 beluae
1849 1226 293 60 persequuntur,
2073 1226 52 60 &

432 1273 170 64 harum
546 1273 284 64 indolentiam
772 1273 208 64 prudens
924 1273 151 64 quas
1018 1273 284 64 cupiditates
1245 1273 246 64 comitatur
1434 1273 95 64 &
1472 1273 189 64 dolor,
1604 1273 208 64 quaeque
1756 1273 227 64 corporis
1926 1273 170 64 sunt.
2020 1273 95 64 Hae

427 1334 188 60 nanque
559 1334 169 60 tales
671 1334 169 60 sunt,
784 1334 94 60 &
821 1334 169 60 harum
934 1334 338 60 exuperationes,
1215 1334 188 60 quibus
1347 1334 300 60 intemperans,
1591 1334 281 60 intemperans
1816 1334 150 60 est.
1891 1334 225 60 Quapropter

431 1387 132 81 has
506 1387 244 81 temperans
694 1387 188 81 fugit:
826 1387 132 81 nam
901 1387 150 81 sunt
995 1387 282 81 voluptates,
1220 1387 94 81 &
1239 1387 263 81 temperantis.

526 1471 120 62 TOn
594 1471 171 62 effici
714 1471 154 62 autem
817 1471 120 62 &c.
885 1471 103 62 In
936 1471 222 62 superiore
1108 1471 171 62 capite
1227 1471 188 62 aliorum
1364 1471 257 62 opinationem
1570 1471 240 62 recitauit,
1758 1471 120 62 hic
1826 1471 154 62 autem
1929 1471 137 62 suam
1997 1471 120 62 anne¬-

540 1524 148 50 ctit,
638 1524 148 50 dicit
737 1524 131 50 ergo
819 1524 164 50 primo.
933 1524 263 50 Superioribus
1147 1524 230 50 rationibus
1327 1524 82 50 a
1360 1524 181 50 priscis
1491 1524 181 50 allatis
1623 1524 115 50 non
1688 1524 115 50 est
1754 1524 213 50 conclusum
1918 1524 98 50 vt
1951 1524 164 50 voluptas

425 1562 155 59 bonum
528 1562 121 59 non
597 1562 138 59 sit,
683 1562 103 59 vt
735 1562 155 59 prima
838 1562 172 59 opinio
958 1562 293 59 praetendebat,
1200 1562 155 59 neque
1303 1562 207 59 ostensum
1458 1562 121 59 est
1527 1562 138 59 quod
1613 1562 121 59 non
1682 1562 121 59 sit
1750 1562 207 59 optimum,
1905 1562 121 59 hoc
1974 1562 121 59 est
2026 1562 86 59 sum

434 1616 124 53 mum
505 1616 177 53 bonum,
629 1616 142 53 quod
717 1616 195 53 secunda
859 1616 212 53 opinatio
1018 1616 301 53 praetendebat,
1266 1616 106 53 ex
1319 1616 159 53 hisce
1425 1616 212 53 dicendis
1584 1616 124 53 hoc
1655 1616 248 53 constabit.
1850 1616 195 53 Secunda
1973 1616 142 53 opinio

438 1664 187 50 absolute
579 1664 109 50 est
641 1664 125 50 vera
719 1664 94 50 in
766 1664 250 50 conclusione:
969 1664 125 50 ideo
1047 1664 156 50 contra
1157 1664 109 50 eam
1219 1664 141 50 nihil
1313 1664 94 50 se
1360 1664 187 50 dicturum
1500 1664 203 50 ostendit,
1656 1664 187 50 quamquam
1797 1664 94 50 ad
1844 1664 125 50 vnam
1922 1664 125 50 eius
1984 1664 125 50 ratio¬-

436 1709 115 58 nem
501 1709 247 58 inefficacem
699 1709 165 58 postea
815 1709 264 58 respondebit.
1029 1709 148 58 Etiam
1128 1709 297 58 praetermittit,
1375 1709 132 58 quia
1458 1709 132 58 illa
1540 1709 148 58 verum
1639 1709 231 58 concludit,
1821 1709 148 58 dicit
1920 1709 132 58 ante
1986 1709 115 58 ratio

432 1753 124 63 num
503 1753 248 63 solutionem
698 1753 142 63 quod
787 1753 142 63 boni
875 1753 248 63 communiter
1070 1753 177 63 sumpti
1194 1753 124 63 duo
1265 1753 142 63 sunt
1353 1753 195 63 genera:
1495 1753 195 63 quoddam
1637 1753 124 63 est
1708 1753 159 63 bonum
1814 1753 266 63 simpliciter
2009 1753 106 63 quod

436 1800 174 50 homini
558 1800 209 50 perfecto
715 1800 122 50 est
784 1800 174 50 bonum,
906 1800 105 50 vt
959 1800 244 50 speculari,
1151 1800 87 50 &
1186 1800 157 50 bonum
1290 1800 174 50 alicui
1412 1800 140 50 quod
1500 1800 244 50 imperfecto
1691 1800 174 50 homini
1813 1800 227 50 conducit.
1970 1800 140 50 Natura

430 1848 198 60 perfecto
579 1848 165 60 habitu
695 1848 198 60 decorata
844 1848 116 60 est
910 1848 198 60 perfecta
1059 1848 264 60 simpliciter.
1274 1848 132 60 Alia
1356 1848 116 60 est
1422 1848 231 60 imperfecta
1604 1848 149 60 cuius
1703 1848 215 60 cupiditas
1869 1848 149 60 adhuc
1968 1848 116 60 non
2017 1848 83 60 est

438 1891 198 59 domita.
582 1891 198 59 Habitus
727 1891 235 59 perfectus
907 1891 235 59 appetitum
1088 1891 253 59 sensitiuum
1286 1891 126 59 iam
1358 1891 180 59 domat:
1484 1891 271 59 imperfectus
1701 1891 198 59 aliquem
1827 1891 289 59 perturbationis

433 1942 201 48 insultum
584 1942 234 48 compatitur
768 1942 167 48 adhuc.
885 1942 117 48 Ita
952 1942 218 48 generatio
1119 1942 84 48 &
1153 1942 151 48 motus
1253 1942 301 48 distinguantur.
1504 1942 100 48 de
1555 1942 167 48 prauis
1672 1942 268 48 voluptatibus
1889 1942 151 48 vide.
1973 1942 134 48 xiiii.

429 1988 156 47 capite
539 1988 125 47 quia
617 1988 141 47 aliae
711 1988 156 47 prauae
820 1988 172 47 naturae
945 1988 125 47 sunt
1023 1988 234 47 operationes
1211 1988 109 47 aut
1274 1988 94 47 ab
1320 1988 141 47 ortu:
1414 1988 172 47 quaedam
1539 1988 109 47 nec
1602 1988 125 47 sunt
1680 1988 234 47 expetibiles
1868 1988 141 47 huic,
1961 1988 109 47 sed
2008 1988 94 47 non¬-

431 2036 178 59 nunquam
560 2036 146 59 paruo
658 2036 178 59 tempore
787 2036 97 59 vt
836 2036 227 59 manducare,
1014 2036 178 59 bibere:
1144 2036 243 59 expetibiles
1339 2036 178 59 tanquam
1468 2036 259 59 perfectiones
1679 2036 113 59 non
1744 2036 146 59 sunt,
1841 2036 113 59 sed
1906 2036 130 59 quia
1987 2036 97 59 ad
2020 2036 97 59 per¬-

432 2079 251 51 fectionem
625 2079 232 51 tendunt.
798 2079 135 51 Non
876 2079 154 51 enim
972 2079 212 51 viuimus
1127 2079 116 51 vt
1184 2079 270 51 comedamus:
1397 2079 174 51 verum
1513 2079 270 51 manducamus
1725 2079 116 51 vt
1783 2079 232 51 viuamus.
1937 2079 174 51 Quaedam

433 2128 183 56 reipsa
561 2128 128 56 non
634 2128 146 56 sunt
725 2128 256 56 voluptates
927 2128 165 56 verum
1036 2128 146 56 sunt
1128 2128 256 56 voluptatum
1329 2128 201 56 simiae:
1476 2128 201 56 dolorem
1622 2128 146 56 enim
1713 2128 201 56 annexum
1860 2128 183 56 habent
1988 2128 91 56 &
2006 2128 110 56 medi

446 2173 155 54 cinae
549 2173 172 54 gratia
669 2173 172 54 fiunt:
789 2173 172 54 quales
909 2173 137 54 sunt
995 2173 189 54 illorum
1132 2173 120 54 qui
1201 2173 155 54 morbo
1304 2173 292 54 illaqueantur.
1545 2173 309 54 Decimumtertium
1802 2173 155 54 caput
1905 2173 137 54 cum.
1974 2173 137 54 xiiii.

432 2220 141 52 haec
521 2220 159 52 omnia
627 2220 194 52 affatim
768 2220 230 52 docebunt.
944 2220 141 52 Ista
1033 2220 124 52 pro
1103 2220 159 52 illis
1209 2220 212 52 summatim
1368 2220 159 52 solum
1474 2220 300 52 praelibantur.
1721 2220 230 52 Praeterea
1898 2220 124 52 cum
1951 2220 159 52 bonorum

436 2271 149 50 aliud
536 2271 116 50 sit
602 2271 199 50 operatio
752 2271 83 50 &
785 2271 149 50 actus
885 2271 216 50 secundus:
1051 2271 149 50 aliud
1150 2271 183 50 habitus
1283 2271 83 50 &
1316 2271 149 50 actus
1416 2271 183 50 primus,
1549 2271 166 50 verbis
1665 2271 232 50 philosophi
1847 2271 183 50 vtendo.
1964 2271 149 50 Secundo

437 2316 105 48 de
489 2316 157 48 anima
594 2316 262 48 operationes
804 2316 122 48 quo
874 2316 105 48 ad
926 2316 227 48 naturalem
1101 2316 262 48 constituunt
1311 2316 192 48 habitum
1451 2316 122 48 per
1521 2316 210 48 accidens
1679 2316 227 48 afficiunt
1854 2316 262 48 voluptatem.
2046 2316 70 48 Di

440 2361 214 52 stingunt
601 2361 125 52 hic
672 2361 196 52 habitum
815 2361 232 52 naturalem
993 2361 89 52 &
1029 2361 268 52 innaturalem
1243 2361 178 52 multi,
1368 2361 89 52 &
1403 2361 161 52 multa
1510 2361 214 52 inutilia
1671 2361 89 52 &
1707 2361 232 52 peregrina
1885 2361 214 52 languida
2028 2361 89 52 po¬-

435 2409 134 55 nunt
519 2409 134 55 quae
603 2409 251 55 breuiloquii
803 2409 151 55 causa
904 2409 217 55 relinquo.
1071 2409 134 55 Vult
1155 2409 134 55 enim
1238 2409 251 55 philosophus
1439 2409 167 55 dicere
1556 2409 134 55 quod
1640 2409 251 55 operationes
1840 2409 184 55 habitum
1957 2409 151 55 praece¬-

434 2453 168 53 dentes
552 2453 117 53 per
619 2453 201 53 accidens
769 2453 151 53 solum
870 2453 235 53 voluptatem
1054 2453 218 53 generant:
1222 2453 151 53 cuius
1322 2453 168 53 causam
1440 2453 168 53 statim
1557 2453 168 53 tangit
1674 2453 134 53 quae
1758 2453 134 53 est:
1842 2453 168 53 duplex
1959 2453 117 53 est
2009 2453 101 53 igi¬-

430 2500 115 50 tur
495 2500 198 50 operatio
644 2500 99 50 in
693 2500 297 50 cupiditatibus,
940 2500 214 50 restantis
1105 2500 181 50 habitus
1237 2500 82 50 &
1270 2500 198 50 naturae.
1418 2500 132 50 Vult
1500 2500 132 50 enim
1583 2500 165 50 dicere
1698 2500 132 50 quod
1780 2500 132 50 ante
1863 2500 181 50 habitum
1978 2500 132 50 virtu¬-

436 2543 121 48 tis
505 2543 138 48 homo
591 2543 121 48 est
661 2543 173 48 pronus
782 2543 104 48 ad
834 2543 173 48 malum,
955 2543 87 48 &
989 2543 156 48 habet
1093 2543 277 48 cupiditatem.
1318 2543 242 48 Successiue
1508 2543 225 48 generatur
1681 2543 190 48 habitus
1820 2543 104 48 ab
1854 2543 260 48 operationibus

428 2591 243 61 successiue
619 2591 226 61 adductis.
792 2591 139 61 Toto
879 2591 278 61 generationis
1104 2591 191 61 tempore
1243 2591 191 61 habitus
1382 2591 156 61 parui
1486 2591 121 61 aut
1556 2591 226 61 mediocris
1729 2591 156 61 adhuc
1833 2591 226 61 dominatur
1990 2591 121 61 cupi¬-

433 2638 153 63 ditas
535 2638 221 63 inclinans
705 2638 170 63 contra
825 2638 170 63 bonum,
944 2638 136 63 quia
1029 2638 187 63 habitus
1165 2638 119 63 non
1233 2638 119 63 est
1302 2638 221 63 completus
1472 2638 85 63 &
1506 2638 221 63 perfectus
1676 2638 119 63 qui
1744 2638 255 63 cupiditatis
1932 2638 170 63 feruorem

436 2684 198 51 mulceat.
584 2684 181 51 Habitus
716 2684 132 51 ipse
798 2684 115 51 est
864 2684 165 51 natura
980 2684 82 51 &
1013 2684 247 51 naturaliter
1211 2684 231 51 inclinans.
1392 2684 132 51 Alio
1474 2684 132 51 modo
1557 2684 148 51 etiam
1656 2684 82 51 &
1689 2684 198 51 fortasse
1837 2684 181 51 melius,
1953 2684 148 51 naturae

429 2732 203 51 habitum,
581 2732 186 51 habitus
717 2732 237 51 intellige.
903 2732 169 51 ltaque
1022 2732 102 51 in
1072 2732 237 51 praesentia
1259 2732 119 51 per
1326 2732 186 51 naturam
1462 2732 119 51 hic
1529 2732 152 51 totum
1631 2732 186 51 hominem
1766 2732 237 51 intellige,
1953 2732 135 51 quae
2020 2732 85 51 ad¬-

435 2780 121 52 huc
504 2780 121 52 est
573 2780 243 52 imperfecta
764 2780 329 52 accidentaliter,
1041 2780 121 52 cum
1110 2780 121 52 non
1180 2780 173 52 habeat
1301 2780 191 52 habitum
1439 2780 243 52 perfectum.
1630 2780 121 52 Nam
1699 2780 87 52 &
1734 2780 139 52 sine
1821 2780 173 52 dolore
1942 2780 87 52 &
1959 2780 156 52 cupidi¬-

437 2828 134 52 tate
521 2828 134 52 sunt
605 2828 235 52 voluptates
790 2828 168 52 purae.
907 2828 118 52 Hoc
975 2828 118 52 est
1042 2828 235 52 voluptates
1227 2828 218 52 sequentes
1395 2828 185 52 habitum
1529 2828 202 52 virtutis
1680 2828 218 52 expellunt
1848 2828 84 52 &
1882 2828 185 52 dolorem
2016 2828 84 52 &
2033 2828 67 52 cu

446 2874 230 56 piditatem.
627 2874 230 56 Cupiditate
807 2874 115 56 vir
873 2874 197 56 affectus
1021 2874 115 56 cum
1087 2874 165 56 dolore
1202 2874 214 56 abstinet,
1367 2874 82 56 &
1400 2874 82 56 a
1433 2874 280 56 prosequutione
1663 2874 181 56 obiecti
1794 2874 99 56 si
1844 2874 115 56 non
1910 2874 181 56 iuuetur
2025 2874 82 56 ve¬-

435 2920 189 59 hementi
572 2920 171 59 habitu
692 2920 223 59 virtutis.
863 2920 274 59 Exemplificat
1086 2920 103 59 de
1138 2920 120 59 hac
1206 2920 206 59 puritate
1361 2920 120 59 per
1429 2920 137 59 vnum
1515 2920 189 59 notius,
1652 2920 137 59 quia
1738 2920 154 59 talis
1841 2920 154 59 debet
1944 2920 137 59 esse
2012 2920 103 59 pro¬-

434 2961 167 53 batio,
551 2961 100 53 vt
601 2961 267 53 contemplatio
818 2961 117 53 non
884 2961 233 53 deficiente
1068 2961 183 53 natura,
1201 2961 117 53 hoc
1268 2961 117 53 est
1334 2961 117 53 non
1401 2961 150 53 morbo
1501 2961 217 53 laborante
1668 2961 117 53 vel
1734 2961 133 53 male
1818 2961 167 53 aliter
1934 2961 100 53 se
1968 2961 133 53 haben¬-

433 3011 114 58 te:
498 3011 195 58 operatio
644 3011 147 58 autem
742 3011 261 58 contemplandi
954 3011 98 58 in
1003 3011 179 58 corpore
1133 3011 130 58 sano
1214 3011 114 58 est
1280 3011 244 58 voluptuosa,
1475 3011 147 58 quare
1573 3011 163 58 mentem
1687 3011 147 58 sanam
1784 3011 98 58 in
1833 3011 179 58 corpore
1963 3011 130 58 sano
2029 3011 81 58 non

438 3056 94 61 ab
485 3056 94 61 re
532 3056 156 61 quidam
641 3056 218 61 expetebat.
812 3056 156 61 Probat
922 3056 140 61 illud
1015 3056 78 61 a
1046 3056 140 61 signo
1140 3056 94 61 in
1186 3056 265 61 corporalibus,
1405 3056 140 61 sicut
1498 3056 171 61 saepius
1623 3056 140 61 facit
1716 3056 78 61 &
1748 3056 94 61 ea
1794 3056 125 61 sunt
1872 3056 140 61 nobis
1950 3056 156 61 sensibi¬-

440 3105 135 54 liora
530 3105 120 54 quam
605 3105 150 54 mentis
710 3105 150 54 abdita
815 3105 105 54 vti
875 3105 180 54 diximus,
1010 3105 75 54 &
1040 3105 120 54 vult
1115 3105 150 54 dicere
1220 3105 120 54 quod
1296 3105 210 54 esurientes
1461 3105 165 54 gaudent
1581 3105 135 54 malis
1671 3105 135 54 cibis
1761 3105 75 54 &
1791 3105 165 54 potibus
1911 3105 105 54 quo
1971 3105 90 54 ad
2001 3105 105 54 refi¬-

428 3149 194 55 ciantur,
573 3149 129 55 quia
654 3149 145 55 eorum
751 3149 129 55 pori
831 3149 129 55 sunt
912 3149 145 55 vacui
1009 3149 81 55 &
1041 3149 291 55 refocillatione
1284 3149 161 55 egent,
1397 3149 81 55 &
1429 3149 113 55 est
1493 3149 161 55 quidam
1606 3149 178 55 languor
1736 3149 194 55 stomachi
1881 3149 97 55 ob
1929 3149 129 55 cibi
1994 3149 113 55 potus

448 3198 107 59 que
509 3198 199 59 carentiam
662 3198 138 59 donec
754 3198 214 59 repleatur,
922 3198 92 59 at
968 3198 107 59 cum
1029 3198 168 59 homines
1151 3198 214 59 replentur,
1319 3198 153 59 optime
1426 3198 183 59 iudicant
1564 3198 122 59 quae
1640 3198 122 59 sint
1717 3198 245 59 delectabilia
1916 3198 76 59 &
1946 3198 122 59 quae
2007 3198 92 59 non¬
