2352 3583
167 261 167 92 Ponam
279 261 222 92 literam.
446 261 185 92 Signum
575 261 167 92 autem
687 261 130 92 est
761 261 148 92 quod
853 261 130 92 non
928 261 185 92 eisdem
1057 261 222 92 ganudent
1224 261 204 92 homines
1372 261 130 92 cum
1447 261 260 92 replentur,
1651 261 130 92 hoc
1725 261 130 92 est
1780 261 93 92 cum

171 331 133 53 sunt
255 331 100 53 in
305 331 183 53 tempore
438 331 266 53 repletionis:
654 331 83 53 &
687 331 117 53 cum
754 331 233 53 constituta
937 331 100 53 in
987 331 166 53 natura
1103 331 183 53 humana,
1237 331 117 53 hoc
1303 331 117 53 est
1370 331 266 53 refocillata.
1586 331 117 53 lam
1653 331 133 53 homo
1736 331 117 53 est
1786 331 83 53 for

179 386 216 55 tificatus
345 386 116 55 per
412 386 149 55 cibum
511 386 116 55 qui
578 386 133 55 ante
661 386 249 55 debilitatus
860 386 149 55 erat,
959 386 116 55 sed
1026 386 116 55 cum
1092 386 166 55 natura
1208 386 166 55 humana
1324 386 116 55 est
1390 386 232 55 constituta
1573 386 83 55 &
1606 386 249 55 fortificata
1789 386 66 55 in

174 427 128 59 cibo
254 427 160 59 natura
367 427 257 59 sufficienter
575 427 193 59 alimenti
720 427 273 59 poculentique,
944 427 128 59 sibi
1025 427 225 59 assumpsit,
1201 427 128 59 tunc
1281 427 177 59 ganudet
1410 427 160 59 natura
1522 427 112 59 his
1586 427 128 59 quae
1650 427 209 59 simpliciter

167 475 220 56 afficiunt
336 475 237 56 voluptate,
522 475 101 56 vt
573 475 135 56 vino
657 475 203 56 belnensi
809 475 84 56 &
843 475 253 56 perdicibus,
1046 475 118 56 cum
1113 475 186 56 homines
1249 475 186 56 fuerint
1384 475 203 56 repleti,
1536 475 118 56 hoc
1604 475 118 56 est
1671 475 101 56 in
1705 475 152 56 tempore

178 515 247 61 repletionis
375 515 231 61 contrariis
557 515 198 61 gaudent,
705 515 99 61 vt
754 515 132 61 vino
837 515 132 61 acri
919 515 82 61 &
952 515 132 61 cibo
1035 515 165 61 amaro.
1150 515 99 61 At
1200 515 181 61 esuries
1331 515 115 61 est
1397 515 115 61 eis
1463 515 165 61 salsa,
1579 515 115 61 seu
1628 515 231 61 condimentum.

170 566 196 49 facitque
317 566 131 49 haec
398 566 82 49 &
431 566 131 49 illa
513 566 196 49 apparere
660 566 114 49 eis
725 566 278 49 delectabilia,
954 566 163 49 quorum
1068 566 147 49 nihil
1166 566 180 49 prorsus
1296 566 114 49 aut
1362 566 163 49 natura
1476 566 114 49 aut
1541 566 245 49 simpliciter
1721 566 147 49 afficit

183 620 233 55 voluptate.
366 620 349 55 Delectabilissimum
665 620 249 55 simpliciter
864 620 183 55 afficit
997 620 216 55 voluptate
1163 620 100 55 vt
1213 620 183 55 optimus
1346 620 166 55 cibus,
1462 620 233 55 optimusque
1645 620 166 55 potus.
1745 620 116 55 Pati¬-

170 661 110 58 ens
233 661 142 58 sitim
328 661 95 58 de
375 661 142 58 potus
470 661 189 58 bonitate
612 661 189 58 sinistre
754 661 189 58 iudicat,
895 661 110 58 sed
958 661 110 58 cum
1022 661 142 58 satis
1116 661 142 58 potus
1211 661 158 58 natura
1321 661 126 58 sibi
1400 661 205 58 assumpsit
1557 661 95 58 si
1605 661 189 58 crapulae
1731 661 126 58 nimie¬-

181 705 124 55 tate
258 705 108 55 non
320 705 108 55 sit
381 705 185 55 absorpta
521 705 155 55 optime
629 705 185 55 iudicat.
768 705 108 55 Sic
830 705 93 55 de
876 705 139 55 cibo.
969 705 170 55 Perinde
1093 705 139 55 atque
1185 705 108 55 est
1247 705 93 55 de
1294 705 216 55 voluptate,
1464 705 124 55 quae
1541 705 139 55 inest
1634 705 139 55 operi
1726 705 124 55 ante
1788 705 62 55 ha

189 755 161 55 bitus
296 755 285 55 generationem
528 755 89 55 &
564 755 143 55 eius
653 755 303 55 productionem.
903 755 107 55 Et
956 755 107 55 ad
1010 755 161 55 illam
1117 755 232 55 analogiam
1295 755 268 55 Aristoteles
1509 755 125 55 hoc
1580 755 214 55 induxit.
1723 755 125 55 Nempe

173 796 87 54 &
207 796 104 54 ea
260 796 139 54 quae
346 796 243 54 voluptatem
538 796 226 54 efficiunt
712 796 139 54 ante
798 796 191 54 habitum
938 796 191 54 genitum
1077 796 87 54 &
1111 796 139 54 post
1198 796 156 54 ipsum
1303 796 243 54 productum:
1494 796 122 54 hoc
1563 796 122 54 est
1633 796 104 54 vt
1685 796 139 54 ipsa
1755 796 104 54 dele

180 841 191 58 ctabilia
323 841 223 58 voluptatum
499 841 175 58 obiecta
626 841 143 58 inter
722 841 127 58 sese
801 841 191 58 distant,
945 841 112 58 sic
1009 841 80 58 &
1040 841 223 58 voluptates
1216 841 127 58 quae
1295 841 96 58 ab
1343 841 143 58 ipsis
1439 841 191 58 emanant.
1582 841 159 58 Variae
1678 841 175 58 operatio¬-

179 892 115 49 nes
244 892 164 49 specie
359 892 245 49 distinctae,
555 892 164 49 varias
670 892 229 49 voluptates
850 892 164 49 specie
964 892 229 49 distinctas
1144 892 229 49 producunt.
1324 892 180 49 Tametsi
1455 892 147 49 calor
1553 892 147 49 ignis
1651 892 82 49 &
1684 892 147 49 solis
1766 892 98 49 sint

173 926 192 71 eiusdem
312 926 210 71 speciei.
470 926 105 71 In
522 926 192 71 actibus
662 926 175 71 animae
784 926 105 71 id
836 926 157 71 verum
941 926 175 71 habet.
1063 926 192 71 Alioqui
1203 926 122 71 non
1273 926 210 71 probabis
1430 926 140 71 mihi
1518 926 227 71 scientiam
1692 926 87 71 &
1710 926 157 71 opinio¬-

170 982 118 58 nem
238 982 101 58 de
288 982 152 58 eodem
390 982 186 58 obiecto
525 982 169 58 specie
643 982 236 58 distingui.
828 982 84 58 ⁋
862 982 169 58 Deinde
980 982 169 58 soluit
1098 982 203 58 rationes
1250 982 118 58 pro
1318 982 253 58 opinionibus
1520 982 219 58 inductis,
1689 982 118 58 non
1757 982 101 58 ea
1790 982 68 58 ra

179 1030 154 57 tione
282 1030 120 57 qua
350 1030 240 57 propositae
539 1030 172 57 erant.
659 1030 154 57 Primo
762 1030 137 57 enim
848 1030 154 57 eluit
951 1030 137 57 vnam
1037 1030 206 57 rationem
1192 1030 189 57 tertiae
1329 1030 275 57 opinationis,
1552 1030 120 57 per
1621 1030 137 57 quam
1707 1030 103 57 in
1741 1030 120 57 valo¬-

180 1077 94 58 re
227 1077 94 58 vi
275 1077 142 58 etiam
369 1077 157 58 primae
479 1077 205 58 opinionis
637 1077 189 58 eluitur,
779 1077 79 58 &
810 1077 173 58 incipit
936 1077 173 58 secunda
1062 1077 157 58 illic.
1172 1077 142 58 Atqui
1267 1077 110 58 non
1330 1077 173 58 necesse
1456 1077 110 58 est
1519 1077 173 58 aliquid
1645 1077 142 58 aliud
1739 1077 110 58 &c.
1786 1077 79 58 di¬-

177 1122 120 61 cit
246 1122 120 61 non
314 1122 137 61 esse
400 1122 258 61 necessarium
606 1122 103 61 ob
658 1122 206 61 rationem
813 1122 223 61 inductam,
985 1122 172 61 nullam
1105 1122 292 61 delectationem
1345 1122 137 61 esse
1431 1122 206 61 optimam.
1586 1122 137 61 Illa
1672 1122 172 61 nanque
1775 1122 86 61 ra¬-

182 1170 113 63 tio
246 1170 113 63 hoc
311 1170 113 63 non
376 1170 226 63 concludit,
553 1170 145 63 ratio
650 1170 129 63 enim
731 1170 129 63 erat
812 1170 145 63 haec.
908 1170 145 63 Finis
1005 1170 113 63 est
1070 1170 274 63 praestabilior
1296 1170 113 63 his
1360 1170 129 63 quae
1441 1170 129 63 sunt
1522 1170 97 63 ad
1570 1170 161 63 finem:
1683 1170 161 63 igitur
1780 1170 81 63 est

172 1211 173 53 omnium
293 1211 259 53 generatione
500 1211 294 53 praestantior:
742 1211 138 53 quia
828 1211 155 53 omnis
932 1211 224 53 generatio
1104 1211 121 53 est
1173 1211 104 53 ad
1225 1211 173 53 finem:
1346 1211 104 53 at
1398 1211 155 53 omnis
1501 1211 207 53 voluptas
1657 1211 121 53 est
1709 1211 155 53 genera¬-

181 1259 131 51 tio:
263 1259 164 51 igitur
378 1259 131 51 emni
460 1259 213 51 voluptate
624 1259 115 51 est
689 1259 197 51 nonnihil
837 1259 279 51 praestantius,
1067 1259 197 51 scilicet
1215 1259 148 51 finis
1313 1259 246 51 voluptatis.
1510 1259 131 51 Hanc
1592 1259 197 51 rationem
1724 1259 131 51 eluen¬-

181 1307 95 63 do
229 1307 142 63 negat
324 1307 127 63 hanc
403 1307 142 63 omnis
498 1307 190 63 voluptas
640 1307 111 63 est
703 1307 206 63 generatio
861 1307 111 63 aut
925 1307 111 63 cum
988 1307 253 63 generatione,
1194 1307 95 63 vt
1241 1307 174 63 parebit
1368 1307 95 63 in
1415 1307 174 63 decimo,
1542 1307 111 63 sed
1605 1307 142 63 solae
1700 1307 142 63 illae
1779 1307 79 63 vo¬-

179 1351 206 51 luptates
333 1351 137 51 quae
419 1351 137 51 sunt
505 1351 120 51 cum
574 1351 223 51 tristitia
745 1351 86 51 &
780 1351 240 51 cupiditate
968 1351 275 51 constitutiua
1192 1351 206 51 habituum
1346 1351 137 51 sunt
1432 1351 275 51 generationes
1655 1351 120 51 aut
1724 1351 120 51 cum
1775 1351 86 51 ge¬-

176 1397 234 51 neratione,
360 1397 100 51 ac
410 1397 117 51 non
477 1397 150 51 omnis
577 1397 200 51 voluptas
728 1397 117 51 est
794 1397 117 51 cum
861 1397 217 51 tristitia
1028 1397 100 51 vt
1078 1397 100 51 ex
1129 1397 184 51 proxime
1262 1397 267 51 significatis
1479 1397 200 51 constat,
1630 1397 134 51 quia
1697 1397 150 51 quaedam

177 1445 252 61 voluptates
375 1445 144 61 sunt
465 1445 270 61 operationes
680 1445 126 61 vel
752 1445 126 61 cum
824 1445 324 61 operationibus,
1094 1445 144 61 quae
1184 1445 144 61 sunt
1274 1445 108 61 ab
1328 1445 180 61 habitu
1453 1445 126 61 iam
1525 1445 252 61 constituto
1723 1445 90 61 &
1741 1445 108 61 per¬-

175 1484 175 69 fecto:
298 1484 88 69 &
333 1484 158 69 nihil
438 1484 158 69 vetat
543 1484 158 69 talem
648 1484 245 69 voluptatem
841 1484 140 69 esse
928 1484 210 69 optimam,
1086 1484 123 69 cum
1156 1484 175 69 habeat
1278 1484 210 69 rationem
1436 1484 175 69 finis.
1558 1484 175 69 Saltem
1663 1484 193 69 oppositum

169 1538 140 61 illi
256 1538 122 61 non
326 1538 210 61 probant,
483 1538 157 61 etiam
588 1538 245 61 perficiunt
780 1538 262 61 operationem
990 1538 105 61 vt
1042 1538 175 61 quidam
1165 1538 157 61 finis
1269 1538 105 61 in
1322 1538 175 61 decimo
1444 1538 210 61 dicetur.
1601 1538 157 61 Solum
1689 1538 157 61 illarum

170 1586 261 56 operationum
378 1586 139 56 quae
465 1586 174 56 ducunt
587 1586 104 56 ad
639 1586 226 56 perfectum
813 1586 191 56 habitum
953 1586 122 56 est
1022 1586 157 56 alius
1127 1586 157 56 finis
1231 1586 104 56 ab
1283 1586 139 56 eis,
1370 1586 104 56 at
1422 1586 122 56 non
1492 1586 261 56 operationum
1683 1586 157 56 habitum

178 1629 252 61 sequentium.
380 1629 134 61 Ille
463 1629 134 61 enim
547 1629 101 61 ad
598 1629 268 61 perfectionem
816 1629 168 61 ducunt
933 1629 117 61 hae
1000 1629 84 61 a
1034 1629 201 61 perfecta
1185 1629 168 61 natura
1302 1629 218 61 habituata
1470 1629 218 61 emergunt.
1638 1629 151 61 Capio
1722 1629 117 61 lite¬-

177 1676 130 59 ram.
258 1676 146 59 Atqui
356 1676 114 59 non
421 1676 179 59 necesse
551 1676 114 59 est
616 1676 179 59 aliquid
746 1676 146 59 aliud
844 1676 130 59 esse
925 1676 277 59 praestabilius
1153 1676 228 59 voluptate,
1332 1676 98 59 vt
1380 1676 163 59 quidam
1494 1676 195 59 inquiunt
1641 1676 195 59 dicentes
1771 1676 81 59 ge¬-

170 1722 241 59 nerationis
359 1722 155 59 finem
462 1722 172 59 supple
582 1722 137 59 esse
668 1722 206 59 meliorem
823 1722 275 59 generatione.
1046 1722 137 59 Loco
1132 1722 275 59 generationis
1356 1722 223 59 Leonardus
1527 1722 258 59 effectionem
1717 1722 137 59 ponit.

178 1768 119 54 Non
246 1768 136 54 enim
331 1768 289 54 generationes,
569 1768 153 54 neque
671 1768 119 54 cum
739 1768 255 54 generatione
943 1768 136 54 sunt
1028 1768 153 54 omnes
1130 1768 255 54 voluptates,
1334 1768 119 54 sed
1402 1768 187 54 aliquae
1538 1768 136 54 sunt
1606 1768 238 54 operationes,

176 1815 82 50 &
208 1815 148 50 etiam
307 1815 164 50 finis:
422 1815 132 50 quae
504 1815 230 50 voluptates
685 1815 115 50 non
751 1815 197 50 eueniunt
899 1815 115 50 dum
965 1815 181 50 habitus
1097 1815 148 50 fiunt
1195 1815 82 50 &
1228 1815 247 50 generantur,
1425 1815 115 50 sed
1491 1815 115 50 dum
1557 1815 115 50 fit
1623 1815 132 50 vsus
1705 1815 132 50 post
1771 1815 82 50 ha¬-

174 1864 137 55 bitum
265 1864 182 55 complete
401 1864 182 55 genitum.
538 1864 91 55 Et
584 1864 106 55 per
644 1864 106 55 hoc
705 1864 137 55 patet
796 1864 121 55 quod
872 1864 106 55 non
933 1864 152 55 omnium
1039 1864 212 55 voluptatum
1206 1864 106 55 est
1266 1864 137 55 alius
1357 1864 137 55 finis
1448 1864 91 55 ab
1494 1864 121 55 ipsa
1570 1864 212 55 voluptate,
1737 1864 106 55 sed
1782 1864 61 55 so

179 1908 100 63 lum
236 1908 129 63 earum
322 1908 100 63 est
379 1908 129 63 alius
465 1908 129 63 finis
550 1908 114 63 quae
622 1908 200 63 sequuntur.
779 1908 214 63 operationes
951 1908 200 63 inducentes
1108 1908 157 63 habitum
1222 1908 86 63 ad
1265 1908 229 63 perfectionem
1451 1908 172 63 naturae.
1580 1908 172 63 Origines
1694 1908 143 63 habituum

180 1954 165 62 tempore
300 1954 240 62 generationis
496 1954 135 62 erant
586 1954 105 62 cum
646 1954 195 62 tristitia
796 1954 75 62 &
826 1954 225 62 cupiditate.
1006 1954 210 62 Quapropter
1172 1954 210 62 voluptatem
1337 1954 180 62 sinistre
1472 1954 210 62 diffiniunt
1638 1954 195 62 dicentes,
1773 1954 75 62 eam

172 1997 136 54 esse
257 1997 271 54 generationem
477 1997 102 54 ad
528 1997 186 54 naturam
664 1997 254 54 sensibilem,
867 1997 136 54 quia
952 1997 102 54 ea
1003 1997 119 54 non
1070 1997 203 54 competit
1223 1997 136 54 nisi
1308 1997 271 54 voluptatibus
1528 1997 271 54 imperfectis.
1731 1997 119 54 Quin¬-

178 2039 119 65 immo
253 2039 149 65 potius
357 2039 179 65 dicendum
491 2039 164 65 fuisset
611 2039 209 65 voluptatem
775 2039 224 65 operationem
954 2039 119 65 esse
1028 2039 149 65 illius
1133 2039 164 65 habitus
1252 2039 104 65 qui
1312 2039 149 65 secudm
1416 2039 164 65 naturam
1536 2039 119 65 est.
1610 2039 119 65 Haec
1685 2039 119 65 enim
1745 2039 104 65 diffi

173 2090 145 58 nitio
269 2090 129 58 omni
350 2090 209 58 voluptati
511 2090 193 58 perfecte
656 2090 209 58 convenit.
817 2090 97 58 Et
865 2090 129 58 loco
946 2090 225 58 particulae
1123 2090 241 58 sensibilem,
1316 2090 161 58 potius
1428 2090 193 58 dicendum
1573 2090 177 58 fuisset
1702 2090 129 58 sine
1767 2090 80 58 im¬-

175 2141 235 59 pedimento.
360 2141 84 59 ⁋
394 2141 101 59 An
444 2141 235 59 delectatio
629 2141 118 59 sit
696 2141 202 59 operatio
848 2141 235 59 formaliter
1033 2141 101 59 an
1083 2141 235 59 causaliter
1268 2141 101 59 in
1319 2141 168 59 decimo
1436 2141 118 59 vbi
1504 2141 151 59 locum
1605 2141 151 59 habet
1689 2141 151 59 videbi¬-

171 2187 142 59 tur.
260 2187 107 59 Et
313 2187 266 59 operationem
526 2187 124 59 hic
597 2187 213 59 extendit
757 2187 107 59 ad
810 2187 160 59 omnem
917 2187 160 59 actum
1023 2187 213 59 secundum
1183 2187 107 59 ab
1236 2187 195 59 habitu,
1378 2187 89 59 &
1414 2187 160 59 forma
1520 2187 284 59 procedentem.
1733 2187 107 59 Stri

173 2232 160 61 ctius
280 2232 106 61 in
333 2232 177 61 decimo
457 2232 160 61 capit
564 2232 302 61 delectationem
812 2232 266 61 operationem
1025 2232 195 61 negans.
1167 2232 213 61 Operatio
1326 2232 124 61 non
1397 2232 213 61 impedita
1557 2232 124 61 est
1610 2232 231 61 voluptuosa,

176 2287 132 51 quia
258 2287 149 51 omnis
357 2287 182 51 operans
489 2287 231 51 voluntarie
671 2287 99 51 ex
720 2287 215 51 desiderio
885 2287 215 51 operatur,
1050 2287 182 51 proinde
1182 2287 99 51 si
1232 2287 198 51 operatio
1380 2287 116 51 non
1446 2287 165 51 fuerit
1562 2287 215 51 impedita,
1710 2287 132 51 deside

180 2333 140 51 rium
268 2333 281 51 complebitur:
496 2333 140 51 quod
584 2333 105 51 si
636 2333 245 51 compleatur
829 2333 210 51 plurimum
987 2333 210 51 delectat
1145 2333 158 51 ipsam
1250 2333 193 51 animam:
1390 2333 105 51 vt
1443 2333 123 51 ait
1513 2333 193 51 sapiens
1636 2333 210 51 Prouerbio¬-

176 2379 124 52 rum
247 2379 178 52 decimo
372 2379 195 52 tertio.
514 2379 107 52 In
567 2379 178 52 capite
691 2379 213 52 sequenti
851 2379 160 52 parum
958 2379 160 52 vltra
1064 2379 178 52 medium
1189 2379 249 52 ostenditur
1384 2379 178 52 quonam
1508 2379 160 52 pacto
1615 2379 213 52 operatio
1757 2379 89 52 po¬-

178 2415 135 63 test
263 2415 220 63 impediri.
431 2415 152 63 Visum
533 2415 135 63 erat
617 2415 203 63 antiquis
769 2415 287 63 delectationem
1006 2415 135 63 esse
1090 2415 287 63 generationem,
1326 2415 135 63 quia
1411 2415 203 63 voluptas
1563 2415 118 63 est
1630 2415 135 63 quid
1698 2415 152 63 optimum

170 2465 95 52 in
218 2465 238 52 felicitate,
408 2465 79 52 &
440 2465 127 52 idem
519 2465 111 52 est
582 2465 190 52 operatio
725 2465 79 52 &
756 2465 222 52 generatio,
931 2465 95 52 vt
978 2465 127 52 ipsi
1058 2465 269 52 existimabant.
1279 2465 95 52 At
1327 2465 111 52 ita
1390 2465 111 52 non
1454 2465 127 52 est,
1533 2465 127 52 quia
1612 2465 190 52 operatio
1739 2465 95 52 sal¬-

176 2512 120 69 tem
244 2512 206 69 perfecta
399 2512 120 69 est
467 2512 223 69 posterior
638 2512 274 69 generatione.
861 2512 223 69 Generatio
1032 2512 137 69 enim
1118 2512 120 69 est
1186 2512 120 69 via
1255 2512 103 69 ad
1306 2512 188 69 naturam
1443 2512 103 69 ac
1495 2512 206 69 operatio
1649 2512 120 69 est
1700 2512 137 69 formae

178 2560 117 59 aut
245 2560 167 59 ipsius
362 2560 183 59 habitus
478 2560 117 59 vsus.

181 2581 86 82 ⁋
215 2581 206 82 Sequitur
369 2581 103 82 in
421 2581 188 82 litera.
558 2581 103 82 At
609 2581 137 82 vero
695 2581 103 82 si
746 2581 240 82 voluptates
934 2581 120 82 &c.
1003 2581 120 82 lam
1071 2581 171 82 tangit
1191 2581 188 82 motiuum
1328 2581 103 82 in
1380 2581 171 82 capite
1500 2581 257 82 praecedenti
1688 2581 154 82 tactum,

187 2647 113 65 quo
251 2647 226 65 dicebatur.
429 2647 210 65 Praeterea
590 2647 226 65 voluptates
768 2647 242 65 impedimento
961 2647 226 65 prudentiae
1138 2647 145 65 sunt,
1235 2647 194 65 illicque
1380 2647 161 65 soluit
1493 2647 194 65 rationem
1638 2647 113 65 pro
1687 2647 145 65 secunda

173 2696 226 60 positione
346 2696 139 60 quae
433 2696 156 60 ponit
537 2696 191 60 aliquam
676 2696 243 60 voluptatem
867 2696 122 60 non
937 2696 139 60 esse
1024 2696 174 60 bonam,
1145 2696 139 60 quia
1232 2696 174 60 aliqua
1354 2696 122 60 est
1423 2696 174 60 nociua
1545 2696 174 60 morbos
1649 2696 191 60 inducens.

178 2750 88 54 ⁋
214 2750 106 54 Et
267 2750 106 54 in
320 2750 177 54 valore
443 2750 124 54 sic
514 2750 301 54 argumentatur.
762 2750 177 54 Nullum
885 2750 159 54 bonum
991 2750 124 54 est
1062 2750 212 54 nociuum,
1221 2750 106 54 at
1274 2750 194 54 quaedam
1416 2750 247 54 voluptates
1610 2750 141 54 sunt
1681 2750 159 54 nociuae

167 2791 115 61 ceu
232 2791 295 61 aegrititudinem
478 2791 246 61 inducentes.
674 2791 147 61 Dicit
773 2791 131 61 ergo
854 2791 131 61 quod
936 2791 115 61 non
1002 2791 262 61 sufficienter
1215 2791 229 61 voluptates
1395 2791 131 61 esse
1477 2791 164 61 prauas
1591 2791 229 61 concludunt
1755 2791 82 61 per

168 2837 114 48 hoc
233 2837 131 48 quod
315 2837 212 48 nonnullae
478 2837 228 48 voluptatem
657 2837 245 48 afferentium
853 2837 163 48 morbos
967 2837 228 48 efficiant.
1147 2837 147 48 Primo
1245 2837 131 48 quia
1326 2837 179 48 aliquae
1457 2837 277 48 delectationes
1685 2837 131 48 quae
1750 2837 82 48 va¬-

166 2879 217 67 litudinem
333 2879 233 67 restituunt
516 2879 117 67 rei
583 2879 250 67 pecuniariae
783 2879 183 67 obsunt,
916 2879 83 67 &
950 2879 117 67 sic
1016 2879 133 67 idem
1100 2879 100 67 in
1150 2879 233 67 salubribus
1333 2879 150 67 rebus
1433 2879 217 67 censerent
1600 2879 133 67 puta
1683 2879 117 67 eas
1733 2879 100 67 esse

176 2931 179 53 prauas,
306 2931 130 53 quod
387 2931 114 53 est
436 2931 146 53 falsum.

176 2969 85 69 ⁋
210 2969 187 69 Secundo
346 2969 272 69 contemplatio
567 2969 221 69 crebriter
737 2969 221 69 sanitatem
907 2969 238 69 praepedit,
1095 2969 102 69 vt
1146 2969 153 69 pleno
1248 2969 204 69 stomacho
1401 2969 187 69 literis
1537 2969 221 69 insudare,
1707 2969 136 69 vnde
1775 2969 68 69 ne

169 3024 119 53 gat
237 3024 170 53 illam:
356 3024 136 53 omne
441 3024 204 53 afferens
594 3024 187 53 corpori
730 3024 204 53 iacturam
883 3024 119 53 est
951 3024 170 53 malum:
1071 3024 272 53 contemplatio
1292 3024 136 53 enim
1377 3024 153 53 magni
1479 3024 170 53 studii
1598 3024 204 53 spiritus
1734 3024 102 53 con¬-

171 3073 164 56 iumit,
285 3073 82 56 &
318 3073 262 56 longaeuitati
531 3073 164 56 obest,
646 3073 82 56 &
678 3073 147 56 tamen
777 3073 115 56 non
842 3073 197 56 continuo
990 3073 115 56 est
1055 3073 164 56 praua.
1170 3073 98 56 In
1219 3073 131 56 actu
1301 3073 262 56 fortitudinis
1514 3073 131 56 vita
1596 3073 213 56 confestim
1743 3073 115 56 peri¬-

175 3115 203 63 clitatur,
332 3115 78 63 &
363 3115 125 63 nemo
441 3115 187 63 inficias
581 3115 172 63 iuerit,
706 3115 125 63 quin
784 3115 203 63 fortitudo
940 3115 109 63 sit
1003 3115 234 63 laudabilis.
1190 3115 94 63 Et
1237 3115 109 63 sic
1300 3115 141 63 eorum
1393 3115 203 63 argumento
1549 3115 250 63 contemplatio
1737 3115 109 63 esset

163 3160 129 60 mala.
249 3160 244 60 Contemplatiui
449 3160 115 60 enim
521 3160 86 60 in
564 3160 129 60 rebus
650 3160 201 60 sublimibus
808 3160 115 60 nisi
879 3160 158 60 ratione
994 3160 158 60 vtantur
1109 3160 172 60 interdum
1238 3160 172 60 ingenium
1367 3160 215 60 remittendo,
1539 3160 115 60 sunt
1610 3160 143 60 breuis
1711 3160 129 60 aeui.
1797 3160 86 60 In

160 3206 176 69 tercisis
292 3206 132 69 horis
381 3206 132 69 linis
469 3206 103 69 est
527 3206 191 69 vacandum:
674 3206 73 69 a
704 3206 147 69 sumpto
807 3206 132 69 pastu
895 3206 206 69 aliquandiu
1056 3206 206 69 fabulabere
1218 3206 103 69 cum
1277 3206 147 69 salsis
1379 3206 132 69 atque
1467 3206 176 69 facetis,
1600 3206 88 69 si
1644 3206 147 69 haberi
1732 3206 132 69 queant:
