2345 3600
181 259 155 104 precor
289 259 108 104 cur
351 259 139 104 felix
444 259 108 104 ita
506 259 170 104 dolorem
630 259 155 104 fugit?
738 259 77 104 ⁋
769 259 201 104 Dubitatur
924 259 93 104 an
971 259 201 104 tristitia
1125 259 108 104 sit
1187 259 139 104 mala.
1280 259 201 104 Responsio
1435 259 108 104 per
1497 259 248 104 conclusionem
1683 259 217 104 hypothetican

181 344 132 67 Dolor
269 344 176 67 secundum
402 344 88 67 se
446 344 117 67 sine
519 344 176 67 respectu
651 344 294 67 circumstantiarum
901 344 235 67 consideratus
1092 344 103 67 est
1151 344 147 67 malus.
1253 344 88 67 Si
1298 344 117 67 vero
1371 344 88 67 in
1415 344 147 67 ordine
1518 344 88 67 ad
1562 344 264 67 circumstantias
1768 344 117 67 occur¬-

178 407 156 53 rentes
288 407 141 53 ipsum
382 407 188 53 metiamur
522 407 125 53 tunc
600 407 156 53 potest
710 407 125 53 esse
788 407 156 53 bonus.
897 407 141 53 Prior
991 407 125 53 pars
1069 407 203 53 conclusio
1226 407 109 53 nis
1288 407 156 53 patet:
1398 407 125 53 quia
1476 407 109 53 vir
1538 407 156 53 probus
1648 407 109 53 qui
1710 407 141 53 recte
1789 407 109 53 circa

192 450 127 57 omnia
277 450 156 57 censet,
390 450 127 57 nolet
475 450 127 57 talem
560 450 113 57 sibi
631 450 142 57 inesse
730 450 99 57 sed
787 450 85 57 ab
829 450 85 57 eo
872 450 170 57 aufugit.
999 450 99 57 Vir
1056 450 127 57 bonus
1141 450 99 57 non
1197 450 156 57 quaerit
1310 450 142 57 illud,
1410 450 99 57 sed
1466 450 127 57 fugit
1551 450 113 57 quod
1622 450 99 57 est
1679 450 85 57 ei
1721 450 99 57 non
1764 450 127 57 demeren

191 495 88 57 ti
235 495 205 57 incommodo.
396 495 132 57 Talis
484 495 132 57 autem
572 495 103 57 est
631 495 117 57 ipse
704 495 147 57 dolor.
807 495 103 57 Nam
865 495 176 57 spiritus
997 495 176 57 tristis,
1129 495 147 57 autore
1232 495 190 57 Salamone,
1378 495 117 57 ossa
1451 495 176 57 exsiccat
1583 495 73 57 &
1613 495 190 57 extenuat,
1759 495 103 57 cor
1803 495 88 57 con¬-

182 540 192 57 stringit,
330 540 177 57 spiritus
463 540 207 57 obtenebrat
625 540 74 57 &
655 540 207 57 inspissat:
817 540 74 57 &
847 540 89 57 ex
891 540 221 57 consequenti
1068 540 221 57 intellectum
1245 540 177 57 hebetat,
1378 540 221 57 memoriamque
1555 540 192 57 obtundit.
1703 540 162 57 Secunda
1806 540 89 57 pars

179 587 232 60 multifariam
364 587 139 60 patet
457 587 93 60 in
503 587 155 60 multis
612 587 170 60 hominum
735 587 216 60 generibus.
905 587 139 60 Primo
998 587 93 60 in
1045 587 170 60 pueris,
1168 587 139 60 dolor
1261 587 139 60 etiam
1354 587 139 60 arcet
1447 587 108 60 eos
1508 587 77 60 a
1539 587 124 60 malo
1617 587 247 60 committendo,
1802 587 93 60 hinc

187 647 160 51 parentes
307 647 200 51 pientissimi
467 647 254 51 praeceptoresque
680 647 240 51 diligentissimi
881 647 93 51 eos
934 647 187 51 percutiunt
1081 647 160 51 secundum
1201 647 174 51 sapientis
1334 647 187 51 consilium,
1481 647 93 51 qui
1535 647 133 51 parcit
1628 647 133 51 virgae
1721 647 107 51 odit
1775 647 120 51 puerum.

180 684 83 57 de
222 684 124 57 malis
304 684 220 57 voluptatibus
483 684 96 57 iam
538 684 124 57 patet
621 684 124 57 (quia
703 684 110 57 enim
772 684 179 57 contraria
909 684 179 57 cotrariis
1047 684 179 57 curantur,
1185 684 96 57 qui
1240 684 220 57 voluptatibus
1418 684 151 57 iniquis
1529 684 220 57 absorbentur.
1707 684 138 57 lustum
1804 684 96 57 est
1845 684 55 57 vt

184 729 205 69 puniantur:
345 729 102 69 ita
404 729 161 69 faciunt
520 729 234 69 legislatores
710 729 175 69 respectu
842 729 219 69 voluptatum,
1017 729 117 69 quae
1090 729 219 69 rempublicam
1266 729 219 69 perturbant,
1441 729 205 69 homicidas,
1602 729 219 69 grassatores
1777 729 73 69 &
1792 729 102 69 fures

182 779 274 68 incorrigibiles
410 779 168 68 extremo
532 779 198 68 supplicio
685 779 229 68 afficiendo,
867 779 183 68 iustitia
1005 779 198 68 punitiua:
1157 779 107 68 cui
1218 779 107 68 lex
1279 779 168 68 naturae
1401 779 76 68 &
1431 779 152 68 diuina
1523 779 152 68 quadrat.

453 828 247 102 Tract.
626 828 173 102 II.
725 828 197 102 Cap.
848 828 222 102 IIII.
996 828 148 102 Et
1070 828 197 102 Lib.
1194 828 197 102 VII.
1317 828 197 102 Cap.
1416 828 197 102 XIIII.

533 913 99 70 E
573 913 238 70 corporis
751 913 179 70 autem
870 913 317 70 voluptatibus
1128 913 337 70 considerandum
1406 913 139 70 est
1485 913 139 70 eis
1565 913 139 70 qui
1644 913 198 70 dicunt
1763 913 119 70 non¬-

534 975 186 60 nullas
665 975 260 60 voluptates
869 975 279 60 expetibiles
1092 975 149 60 esse
1185 975 186 60 valde,
1315 975 93 60 &
1353 975 242 60 honestas,
1539 975 130 60 sed
1613 975 130 60 non
1687 975 223 60 corporis
1836 975 56 60 &

535 1026 109 70 in
589 1026 182 70 quibus
717 1026 237 70 temperans
899 1026 146 70 ipse
991 1026 237 70 versatur,
1173 1026 128 70 cur
1246 1026 182 70 igitur
1373 1026 237 70 contrarii
1556 1026 201 70 dolores
1702 1026 146 70 sunt
1775 1026 109 70 pra¬-

535 1081 161 69 suis:
642 1081 143 69 Malo
732 1081 179 69 namque
857 1081 161 69 bonum
964 1081 250 69 contrarium
1161 1081 143 69 est.
1250 1081 107 69 An
1304 1081 268 69 necessariae
1518 1081 250 69 voluptates
1715 1081 125 69 sic
1769 1081 107 69 suni

536 1140 186 74 bonae,
667 1140 149 74 quia
760 1140 93 74 &
797 1140 112 74 id
853 1140 149 74 quod
946 1140 130 74 est
1020 1140 130 74 non
1094 1140 167 74 malum
1206 1140 130 74 est
1280 1140 186 74 bonum,
1410 1140 112 74 an
1466 1140 167 74 vsque
1578 1140 112 74 ad
1634 1140 205 74 aliquem
1764 1140 130 74 termi

391 1201 152 66 num
478 1201 196 66 bonae
609 1201 196 66 sunt:
739 1201 261 66 Habituum
935 1201 174 66 enim
1044 1201 196 66 eorum
1174 1201 131 66 ac
1240 1201 239 66 motuum,
1414 1201 218 66 quorum
1566 1201 152 66 non
1653 1201 152 66 est
1718 1201 174 66 melio¬-

191 1266 122 57 ris
260 1266 261 57 exuperatio,
469 1266 157 57 neque
574 1266 244 57 voluptatis
766 1266 139 57 est.
853 1266 157 57 Eorum
957 1266 157 57 autem
1062 1266 174 57 quorum
1184 1266 139 57 est,
1271 1266 122 57 est
1341 1266 87 57 &
1376 1266 244 57 voluptatis
1567 1266 261 57 exuperatio.
1776 1266 105 57 At
1811 1266 70 57 bo

188 1306 172 65 norum
302 1306 229 65 corporis
474 1306 134 65 est
550 1306 267 65 exuperatio
760 1306 95 65 &
798 1306 191 65 prauus
932 1306 114 65 in
989 1306 286 65 persequendo
1218 1306 343 65 exuperationem,
1504 1306 134 65 sed
1581 1306 134 65 non
1638 1306 248 65 necessarias

185 1366 268 62 voluptates
396 1366 268 62 consistit.
607 1366 173 62 Omnes
722 1366 153 62 enim
817 1366 211 62 gaudent
971 1366 268 62 quodammodo
1182 1366 96 62 &
1220 1366 211 62 epulis,
1373 1366 96 62 &
1412 1366 173 62 vino,
1527 1366 96 62 &
1565 1366 211 62 venere,
1718 1366 134 62 sed
1795 1366 134 62 non

194 1422 112 72 vt
250 1422 223 72 oportet.
418 1422 186 72 Contra
548 1422 167 72 autem
659 1422 112 72 in
715 1422 149 72 ipso
808 1422 186 72 dolore
938 1422 186 72 facit.
1069 1422 130 72 Non
1143 1422 149 72 enim
1236 1422 335 72 exuperationem,
1515 1422 130 72 sed
1589 1422 186 72 omnino
1720 1422 167 72 fugit
1813 1422 74 72 do

180 1484 188 63 lorem.
312 1484 131 63 Non
387 1484 131 63 est
462 1484 300 63 exuperationi
705 1484 169 63 dolor
818 1484 281 63 contrarius,
1043 1484 150 63 nisi
1137 1484 150 63 ipsi
1231 1484 281 63 persequenti
1456 1484 338 63 exuperationem.
1737 1484 113 63 At
1774 1484 113 63 enim

187 1540 133 57 cum
263 1540 133 57 non
339 1540 171 57 solum
454 1540 171 57 ipsum
568 1540 190 57 verum,
701 1540 133 57 sed
777 1540 171 57 etiam
892 1540 171 57 falsi
1006 1540 190 57 causam
1139 1540 229 57 oporteat
1311 1540 190 57 dicere
1444 1540 152 57 Choc
1539 1540 152 57 enim
1634 1540 114 57 ad
1673 1540 210 57 faciendam

182 1588 177 67 fidem
300 1588 255 67 conducit,
496 1588 137 67 nam
575 1588 137 67 cum
653 1588 118 67 id
712 1588 216 67 rationi
869 1588 314 67 consentaneum
1124 1588 196 67 fuerit
1262 1588 196 67 visum,
1399 1588 118 67 ob
1458 1588 157 67 quod
1556 1588 177 67 verum
1674 1588 157 67 esse
1752 1588 118 67 vidi

192 1646 128 71 tur
265 1646 146 71 quod
356 1646 128 71 non
429 1646 128 71 est
502 1646 182 71 verum,
630 1646 164 71 facit
739 1646 109 71 vt
794 1646 146 71 ipsi
885 1646 146 71 vero
976 1646 164 71 magis
1086 1646 292 71 assentiamur)
1323 1646 219 71 dicendum
1487 1646 128 71 est
1560 1646 128 71 cur
1633 1646 219 71 corporis
1779 1646 91 71 vo¬-

187 1697 210 76 luptates
345 1697 315 76 expetibiliores
608 1697 228 76 videntur.
783 1697 175 76 Primum
905 1697 175 76 igitur
1028 1697 105 76 ex
1081 1697 105 76 eo
1133 1697 140 76 quia
1221 1697 193 76 pellunt
1361 1697 210 76 dolorem,
1518 1697 158 76 atque
1623 1697 105 76 ob
1658 1697 228 76 exuperatio¬-

193 1766 133 63 nes
269 1766 228 63 doloris,
440 1766 266 63 voluptatem
650 1766 286 63 exuperantem
878 1766 133 63 vti
954 1766 228 63 medelam,
1126 1766 95 63 &
1164 1766 190 63 omnino
1297 1766 266 63 voluptatem
1506 1766 228 63 corporis
1659 1766 228 63 persequun¬-

190 1823 146 57 tur,
281 1823 164 57 ipsae
391 1823 164 57 autem
500 1823 201 57 medelae
646 1823 256 57 vehementes
847 1823 183 57 fiunt.
975 1823 256 57 Quapropter
1176 1823 91 57 &
1212 1823 164 57 ipsas
1322 1823 256 57 sequuntur,
1523 1823 146 57 quia
1614 1823 164 57 tales
1705 1823 183 57 videntur

187 1870 124 68 cum
258 1870 248 68 contrarium
453 1870 177 68 adest.
576 1870 106 68 Et
629 1870 195 68 propter
771 1870 141 68 haec
859 1870 177 68 igitur
983 1870 124 68 duo
1054 1870 177 68 (sicut
1178 1870 177 68 dictum
1301 1870 141 68 est)
1390 1870 212 68 voluptas
1549 1870 124 68 non
1620 1870 230 68 studiosum
1779 1870 106 68 esse

185 1917 207 68 videtur,
340 1917 138 68 quia
426 1917 155 68 aliae
529 1917 172 68 prauae
650 1917 190 68 naturae
788 1917 138 68 sunt
874 1917 276 68 operationes,
1098 1917 121 68 aut
1167 1917 103 68 ab
1219 1917 155 68 ortu,
1322 1917 259 68 quemadmodum
1529 1917 172 68 ferae:
1650 1917 121 68 aut
1719 1917 103 68 ob
1753 1917 138 68 consue

196 1977 217 76 tudinem,
359 1977 181 76 quales
485 1977 217 76 prauorum
648 1977 145 76 sunt
738 1977 217 76 hominum.
900 1977 163 76 Aliae
1009 1977 145 76 sunt
1099 1977 289 76 medicamenta,
1334 1977 145 76 quia
1424 1977 145 76 sunt
1515 1977 271 76 indigentis,
1731 1977 90 76 &
1749 1977 145 76 melius

199 2037 155 68 habere
307 2037 124 68 quam
384 2037 155 68 fieri.
493 2037 139 68 Aliae
586 2037 186 68 accidunt
725 2037 108 68 dum
787 2037 263 68 perficiuntur,
1004 2037 108 68 per
1065 2037 186 68 accidens
1205 2037 155 68 igitur
1313 2037 124 68 sunt
1391 2037 217 68 studiosae.
1561 2037 201 68 Praeterea
1716 2037 139 68 ipsas
1793 2037 93 68 quia

186 2096 138 62 sunt
272 2096 258 62 vehementes,
479 2096 103 62 ii
530 2096 276 62 persequuntur
754 2096 121 62 qui
823 2096 155 62 aliis
926 2096 207 62 nequeunt
1081 2096 207 62 gaudere.
1236 2096 138 62 Ipsi
1323 2096 172 62 itaque
1443 2096 155 62 sitim
1547 2096 189 62 quandam
1684 2096 138 62 sibi
1753 2096 138 62 compa¬-

181 2146 150 70 rant:
281 2146 133 70 quod
364 2146 117 70 dum
431 2146 133 70 sine
514 2146 216 70 nocumento
681 2146 133 70 fit,
764 2146 117 70 non
830 2146 117 70 est
897 2146 266 70 increpandum,
1113 2146 117 70 cum
1180 2146 133 70 vero
1263 2146 117 70 cum
1330 2146 250 70 detrimento,
1529 2146 216 70 perprauum
1696 2146 133 70 est.
1762 2146 117 70 Neque

185 2213 142 53 enim
274 2213 177 53 habent
398 2213 142 53 alia
487 2213 177 53 quibus
611 2213 213 53 gaudent,
771 2213 124 53 nec
842 2213 160 53 aliud
948 2213 177 53 habere
1072 2213 231 53 plerisque
1249 2213 266 53 permolestum
1462 2213 124 53 est
1533 2213 106 53 ob
1586 2213 213 53 naturam.
1746 2213 124 53 Nam
1799 2213 89 53 ani

193 2250 126 76 mal
265 2250 179 76 semper
390 2250 197 76 laborat
534 2250 126 76 (vt
606 2250 233 76 naturales
785 2250 162 76 etiam
893 2250 215 76 sermones
1054 2250 251 76 testantur)
1252 2250 179 76 videre
1378 2250 108 76 ac
1431 2250 179 76 audire
1557 2250 197 76 dolorem
1701 2250 197 76 inferre
1826 2250 72 76 di

190 2314 198 74 centes,
334 2314 126 74 sed
406 2314 216 74 consueti
567 2314 126 74 iam
639 2314 180 74 sumus,
765 2314 108 74 vt
819 2314 180 74 aiunt.
945 2314 234 74 Similiter
1124 2314 108 74 in
1178 2314 234 74 iuuenture
1358 2314 180 74 quidam
1484 2314 108 74 ob
1538 2314 270 74 incrementa,
1735 2314 162 74 perinde

200 2372 245 72 disponuntur
396 2372 98 72 ac
445 2372 229 72 vinolenti.
624 2372 98 72 Et
673 2372 196 72 iuuentus
820 2372 98 72 ad
869 2372 229 72 voluptates
1049 2372 229 72 propensior
1229 2372 131 72 est.
1310 2372 180 72 Biliosi
1441 2372 147 72 autem
1539 2372 131 72 atra
1621 2372 131 72 bili
1702 2372 163 72 natura
1800 2372 82 72 sem

189 2427 134 68 per
265 2427 172 68 egent
380 2427 306 68 medicamento.
629 2427 230 68 Continue
801 2427 191 68 namque
935 2427 191 68 corpus
1069 2427 115 68 ob
1126 2427 306 68 complexionem
1375 2427 249 68 mordetur:
1566 2427 96 68 &
1604 2427 191 68 semper
1738 2427 115 68 in
1776 2427 115 68 appe

186 2486 199 72 titione
331 2486 145 72 sunt
421 2486 254 72 vehementi.
621 2486 217 72 Voluptas
784 2486 163 72 autem
892 2486 254 72 contraria,
1092 2486 91 72 &
1128 2486 181 72 quouis
1255 2486 163 72 etiam
1364 2486 145 72 modo
1454 2486 127 72 fit
1527 2486 236 72 vehemens,
1708 2486 181 72 pellit
1817 2486 72 72 do

196 2544 181 66 lorem,
322 2544 90 66 &
359 2544 235 66 propterea
539 2544 307 66 intemperantes
792 2544 199 66 homines
937 2544 217 66 prauique
1099 2544 181 66 fiunt.
1226 2544 253 66 Voluptates
1424 2544 163 66 autem
1533 2544 126 66 eae
1605 2544 145 66 quae
1695 2544 145 66 sine
1768 2544 108 66 dolo

200 2594 102 83 re
251 2594 153 83 sunt,
353 2594 290 83 exuperationem
592 2594 119 83 non
660 2594 188 83 habent.
797 2594 153 83 Atque
899 2594 119 83 hae
967 2594 307 83 proficiscuntur
1223 2594 102 83 ex
1274 2594 119 83 iis
1342 2594 136 83 quae
1428 2594 188 83 natura,
1564 2594 85 83 &
1598 2594 119 83 non
1666 2594 119 83 per
1717 2594 171 83 accidens

197 2651 224 78 afficiunt
369 2651 241 78 voluptate.
558 2651 103 78 Ea
610 2651 138 78 vero
696 2651 138 78 dico
782 2651 121 78 per
851 2651 207 78 accidens
1006 2651 207 78 afficere
1161 2651 241 78 voluptate,
1350 2651 138 78 quae
1436 2651 224 78 medentur:
1609 2651 172 78 etenim
1729 2651 138 78 quia
1798 2651 86 78 fit

193 2721 109 62 vt
247 2721 182 62 homini
375 2721 237 62 medeatur,
557 2721 109 62 eo
612 2721 146 62 quod
703 2721 164 62 sanum
813 2721 219 62 permanet
977 2721 201 62 aliquid
1122 2721 201 62 agente,
1268 2721 146 62 ideo
1359 2721 164 62 talia
1469 2721 219 62 afficere
1633 2721 237 62 voluptate
1797 2721 91 62 vi¬-

204 2766 182 65 dentur,
337 2766 99 65 at
387 2766 99 65 ea
436 2766 166 65 natura
552 2766 215 65 voluptate
718 2766 232 65 afficiunt,
901 2766 133 65 quae
983 2766 182 65 faciunt
1116 2766 249 65 operationem
1315 2766 149 65 talis
1414 2766 199 65 naturae.
1564 2766 149 65 Nulla
1663 2766 149 65 autem
1762 2766 116 65 res
1812 2766 83 65 ea¬-

188 2820 121 65 dem
257 2820 104 65 ex
309 2820 104 65 eo
361 2820 121 65 nos
430 2820 173 65 semper
552 2820 225 65 delectat,
725 2820 139 65 quia
812 2820 121 65 non
881 2820 121 65 est
950 2820 191 65 simplex
1089 2820 173 65 nostra
1210 2820 191 65 natura,
1349 2820 121 65 sed
1418 2820 156 65 inest
1522 2820 87 65 &
1557 2820 191 65 aliquid
1695 2820 173 65 aliud,
1799 2820 87 65 quo

191 2876 275 72 corruptibiles
417 2876 162 72 sumus.
530 2876 145 72 Quare
627 2876 97 72 si
676 2876 194 72 quippiam
821 2876 129 72 agat
902 2876 194 72 alterum,
1048 2876 97 72 id
1096 2876 113 72 est
1161 2876 162 72 alteri
1274 2876 178 72 naturae
1403 2876 178 72 praeter
1532 2876 194 72 naturam,
1678 2876 97 72 at
1726 2876 113 72 cum
1775 2876 113 72 aequa

206 2932 135 68 tur,
291 2932 152 68 neque
392 2932 220 68 molestum,
561 2932 152 68 neque
662 2932 203 68 iucundum
814 2932 186 68 videtur
949 2932 135 68 quod
1034 2932 186 68 agitur.
1169 2932 118 68 Qua
1236 2932 101 68 si
1287 2932 203 68 alicuius
1439 2932 169 68 natura
1557 2932 118 68 sit
1625 2932 203 68 simplex,
1760 2932 135 68 semper

205 2993 116 69 ead
272 2993 100 69 em
322 2993 200 69 operatio
471 2993 266 69 iucundissima
688 2993 150 69 erit.
787 2993 183 69 lccirco
920 2993 133 69 deus
1004 2993 116 69 vna
1070 2993 166 69 semper
1187 2993 249 69 simplicique
1386 2993 166 69 gaudet
1503 2993 233 69 voluptate,
1685 2993 116 69 non
1752 2993 133 69 enim
1818 2993 67 69 so

191 3048 119 54 lum
259 3048 204 54 motionis
412 3048 119 54 est
480 3048 204 54 operatio
634 3048 119 54 sed
702 3048 85 54 &
736 3048 306 54 immobilitatis.
991 3048 102 54 Et
1042 3048 204 54 voluptas
1195 3048 102 54 in
1246 3048 170 54 quiete
1365 3048 170 54 potius
1485 3048 136 54 quam
1570 3048 102 54 in
1621 3048 136 54 motu
1689 3048 204 54 consistit.

200 3100 187 64 Mutatio
336 3100 136 64 vero
421 3100 170 64 omnium
540 3100 255 64 dulcissimum
745 3100 119 64 est
813 3100 204 64 secundum
966 3100 187 64 poetam:
1102 3100 102 64 ob
1153 3100 238 64 prauitatem
1340 3100 204 64 quandam.
1494 3100 102 64 Vt
1545 3100 136 64 enim
1630 3100 136 64 homo
1715 3100 187 64 prauus,
1834 3100 68 64 fa

203 3156 137 62 cile
289 3156 120 62 est
357 3156 240 62 mutabilis,
546 3156 120 62 sic
615 3156 86 62 &
649 3156 172 62 natura
770 3156 155 62 praua
873 3156 120 62 est
941 3156 103 62 ea
993 3156 137 62 quae
1079 3156 189 62 indiget
1216 3156 240 62 mutatione:
1405 3156 120 62 non
1474 3156 137 62 enim
1560 3156 120 62 est
1628 3156 189 62 simplex
1766 3156 120 62 nec
1817 3156 86 62 bo¬-

204 3207 114 79 na.
269 3207 114 79 Sed
334 3207 98 79 de
383 3207 245 79 continentia
579 3207 245 79 quidematque
776 3207 294 79 incontinentia,
1021 3207 82 79 &
1053 3207 98 79 de
1102 3207 212 79 voluptate
1266 3207 229 79 doloreque,
1445 3207 82 79 &
1478 3207 131 79 quid
1560 3207 131 79 vnum
1642 3207 180 79 quodque
1756 3207 147 79 ipsotum

202 3278 141 70 est.
290 3278 88 70 &
326 3278 176 70 quonam
449 3278 123 70 mon
519 3278 141 70 alia
607 3278 194 70 ipsarum
748 3278 141 70 sunt
836 3278 141 70 bona
924 3278 141 70 alia
1012 3278 158 70 mala,
1117 3278 211 70 diximus.
1276 3278 211 70 Deinceps
1434 3278 158 70 autem
1540 3278 106 70 de
1592 3278 211 70 amicitia
1733 3278 176 70 dicemus,
