2344 3597
179 316 116 86 tem
246 316 166 86 librum
362 316 100 86 in
412 316 133 86 tres
495 316 166 86 partes
612 316 200 86 separat.
761 316 100 86 In
811 316 150 86 prima
911 316 100 86 de
961 316 200 86 amicitia
1111 316 233 86 personarum
1293 316 216 86 aequalium
1460 316 166 86 docet.
1576 316 100 86 In
1626 316 183 86 secunda
1759 316 100 86 de
1792 316 100 86 ami¬-

194 395 137 58 citia
285 395 122 58 quae
361 395 107 58 est
422 395 137 58 inter
514 395 183 58 personas
651 395 229 58 inaequales.
834 395 91 58 In
880 395 152 58 tertia
987 395 183 58 loquitur
1124 395 91 58 de
1169 395 229 58 querimoniis
1352 395 76 58 &
1383 395 274 58 accusationibus
1612 395 122 58 quae
1688 395 137 58 circa
1764 395 122 58 amici¬-

184 437 124 62 tias
261 437 232 62 contingunt.
446 437 155 62 Primum
555 437 139 62 caput
648 437 93 62 in
694 437 124 62 duas
771 437 155 62 partes
880 437 217 62 diuiditur,
1050 437 186 62 scilicet
1189 437 93 62 in
1235 437 201 62 prooemium
1390 437 77 62 &
1421 437 93 62 in
1467 437 217 62 tractatum,
1638 437 170 62 secunda
1761 437 108 62 ibi
1808 437 77 62 est

192 488 150 59 autem
292 488 283 59 controuersia.
526 488 100 59 In
576 488 200 59 prooemio
726 488 167 59 probat
842 488 100 59 ad
892 488 183 59 moralem
1026 488 250 59 philosophum
1226 488 200 59 spectare
1376 488 100 59 de
1426 488 200 59 amicitia
1576 488 267 59 pertractare:
1776 488 100 59 quae

190 532 112 62 est
254 532 144 62 huius
350 532 160 62 octaui
462 532 144 62 prima
558 532 224 62 conclusio.
734 532 96 62 Et
782 532 112 62 hoc
846 532 144 62 facit
942 532 96 62 ne
990 532 96 62 in
1038 532 256 62 impertinente
1245 532 128 62 more
1325 532 192 62 multorum
1469 532 208 62 procedere
1629 532 224 62 videretur.
1789 532 96 62 Hanc

195 587 245 51 conclusionem
393 587 107 51 sex
455 587 214 51 rationibus
623 587 168 51 probat.
745 587 138 51 Prima
837 587 138 51 ratio
928 587 107 51 est
990 587 138 51 haec.
1081 587 92 51 De
1127 587 122 51 omni
1203 587 153 51 specie
1310 587 183 51 virtutis
1448 587 183 51 moralis:
1586 587 76 51 &
1616 587 92 51 ei
1662 587 214 51 necessario
1815 587 61 51 an

199 632 143 53 nexis
294 632 95 53 ad
342 632 175 53 moralem
469 632 238 53 philosophum
660 632 238 53 considerare
851 632 191 53 spectat:
994 632 111 53 sed
1057 632 191 53 amicitia
1201 632 111 53 est
1264 632 159 53 virtus
1375 632 175 53 moralis
1503 632 111 53 aut
1566 632 175 53 aliquid
1693 632 95 53 ei
1725 632 159 53 annexum:

190 671 180 65 igitur.
320 671 147 65 Maior
418 671 114 65 est
484 671 131 65 nota
565 671 114 65 cum
631 671 278 65 consequentiae
859 671 212 65 bonitate.
1023 671 212 65 Propterea
1186 671 147 65 circa
1284 671 180 65 minoris
1414 671 245 65 probationem
1610 671 196 65 laborat:
1757 671 114 65 non
1806 671 82 65 mo¬-

190 718 93 73 re
237 718 140 73 eorum
330 718 109 73 qui
392 718 155 73 fusius
501 718 140 73 circa
594 718 124 73 nota
672 718 124 73 quam
750 718 155 73 ignota
859 718 202 73 laborant.
1014 718 171 73 Secunda
1138 718 140 73 ratio
1231 718 109 73 est
1294 718 140 73 haec.
1387 718 171 73 Moralis
1511 718 233 73 philosophus
1698 718 140 73 habet
1775 718 109 73 doce¬-

193 774 95 48 re
241 774 95 48 de
288 774 175 48 omnibus
416 774 270 48 laudabilibus,
638 774 127 48 quae
718 774 95 48 ad
765 774 143 48 vitam
861 774 175 48 humanam
988 774 127 48 sunt
1067 774 238 48 necessaria:
1258 774 111 48 sed
1322 774 191 48 amicitia
1465 774 111 48 est
1528 774 175 48 quoddam
1655 774 207 48 laudabile
1799 774 79 48 ne¬-

199 820 206 56 cessarium
357 820 95 56 ad
405 820 142 56 vitam
500 820 190 56 humanam:
642 820 174 56 igitur.
768 820 142 56 Maior
863 820 158 56 patet,
974 820 126 56 quia
1053 820 174 56 moralis
1179 820 237 56 philosophus
1369 820 221 56 determinat
1543 820 95 56 de
1590 820 111 56 his
1654 820 126 56 quae
1717 820 158 56 spectant

200 868 93 59 ad
246 868 124 59 bene
323 868 170 59 viuere:
447 868 77 59 &
478 868 139 59 minor
571 868 155 59 patet,
679 868 108 59 per
741 868 108 59 hoc
803 868 124 59 quod
880 868 139 59 amici
973 868 124 59 sunt
1051 868 232 59 necessarii,
1236 868 93 59 in
1283 868 124 59 omni
1360 868 170 59 fortuna
1484 868 77 59 &
1515 868 93 59 in
1561 868 124 59 omni
1638 868 170 59 aetate.
1762 868 108 59 Hoc
1809 868 77 59 sic

186 908 208 57 ostendit.
346 908 128 57 Sunt
426 908 128 57 enim
506 908 224 57 necessarii
682 908 256 57 locupletibus
890 908 80 57 &
922 908 208 57 inopibus:
1082 908 208 57 iuuenibus
1242 908 80 57 &
1274 908 192 57 senibus.
1418 908 112 57 Qua
1482 908 256 57 locupletibus
1674 908 208 57 pernecessa¬-

188 956 111 65 rii
252 956 127 65 sunt
331 956 190 65 bifariam
473 956 206 65 declarat.
632 956 143 65 Primo
727 956 95 65 ob
775 956 127 65 vsum
854 956 174 65 bonorum
981 956 206 65 fortunae.
1139 956 143 65 Nulla
1234 956 127 65 enim
1313 956 111 65 est
1377 956 174 65 bonorum
1504 956 190 65 fortunae
1646 956 190 65 vtilitas
1789 956 95 65 si
1821 956 63 65 ex

199 1002 136 63 ipsis
290 1002 136 63 nulli
380 1002 121 63 bene
456 1002 136 63 fiat:
547 1002 121 63 modo
623 1002 288 63 laudabilissimum
865 1002 106 63 est
925 1002 212 63 beneficium
1092 1002 91 63 in
1137 1002 167 63 amicos,
1258 1002 197 63 collatum:
1410 1002 167 63 igitur.
1531 1002 167 63 Secundo
1652 1002 197 63 opulentis
1788 1002 91 63 ami¬-

208 1049 92 53 ci
254 1049 122 53 sunt
330 1049 230 53 necessarii,
514 1049 168 53 quoniam
636 1049 107 53 qui
698 1049 184 53 locuples
835 1049 107 53 est
897 1049 77 53 &
927 1049 92 53 in
973 1049 199 53 potestate
1126 1049 230 53 constitutus
1310 1049 122 53 sine
1387 1049 153 53 amicis
1494 1049 199 53 custodiri
1647 1049 168 53 nequit:
1754 1049 138 53 quando¬-

204 1094 161 67 quidem
317 1094 113 67 quo
381 1094 129 67 quis
462 1094 145 67 magis
559 1094 145 67 bonis
656 1094 194 67 exterius
801 1094 194 67 abundat,
947 1094 97 67 eo
995 1094 145 67 magis
1092 1094 274 67 discriminibus
1318 1094 113 67 est
1382 1094 226 67 subiectus.
1560 1094 97 67 Et
1609 1094 178 67 contra,
1738 1094 97 67 vt
1770 1094 113 67 luue¬-

201 1149 146 59 nalis
298 1149 195 59 cecinit.
445 1149 195 59 Cantabit
591 1149 163 59 vacuus
705 1149 146 59 coram
802 1149 179 59 latrone
932 1149 179 59 viator:
1062 1149 114 59 non
1127 1149 146 59 autem
1225 1149 211 59 locuples.
1387 1149 98 59 Et
1436 1149 211 59 Alexander
1599 1149 211 59 puerorum,
1745 1149 130 59 pauper

197 1186 115 59 ego
262 1186 132 59 ludo
345 1186 115 59 dum
411 1186 99 59 tu
460 1186 148 59 diues
559 1186 231 59 meditaris.
740 1186 99 59 Et
789 1186 115 59 nos
855 1186 132 59 tuti
937 1186 198 59 loquimur
1086 1186 115 59 dum
1152 1186 115 59 vos
1217 1186 165 59 timidi
1333 1186 214 59 taceatis.
1497 1186 198 59 Caeterum
1645 1186 99 59 in
1678 1186 198 59 paupertate

204 1238 78 56 &
236 1238 187 56 caeteris
376 1238 187 56 aerumnis
515 1238 156 56 vnicus
624 1238 171 56 refugii
749 1238 156 56 portus
858 1238 140 56 amici
951 1238 202 56 putantur.
1106 1238 202 56 praeterea
1262 1238 93 56 in
1309 1238 124 56 omni
1386 1238 156 56 aetate
1495 1238 140 56 amici
1589 1238 124 56 sunt
1666 1238 202 56 hominibus
1806 1238 78 56 gra

202 1285 103 63 ti.
261 1285 88 63 Si
305 1285 161 63 iuuenes
422 1285 132 63 sint,
510 1285 132 63 illis
598 1285 191 63 summopere
745 1285 132 63 amici
833 1285 205 63 conducunt,
994 1285 88 63 vt
1038 1285 132 63 eorum
1126 1285 132 63 vitia
1214 1285 176 63 arceant,
1346 1285 73 63 &
1375 1285 205 63 cohibeant.
1536 1285 88 63 Si
1580 1285 147 63 senes:
1683 1285 88 63 vt
1727 1285 132 63 illis
1800 1285 88 63 obse

214 1329 132 65 quium
302 1329 190 65 praestent
448 1329 88 65 vt
492 1329 88 65 ea
536 1329 205 65 perficiant
697 1329 117 65 quae
770 1329 132 65 senes
858 1329 88 65 ob
901 1329 161 65 aetatis
1018 1329 263 65 imbecillitatem
1238 1329 175 65 peragere
1369 1329 190 65 nequeunt.
1516 1329 88 65 Et
1559 1329 88 65 si
1603 1329 146 65 aetate
1706 1329 117 65 sint
1764 1329 117 65 fioren

208 1376 117 62 tes
275 1376 100 62 ad
325 1376 151 62 clara
426 1376 184 62 obeunda
560 1376 151 62 amici
660 1376 234 62 conducunt.
844 1376 117 62 Nam
911 1376 201 62 Diomedes
1062 1376 84 62 &
1095 1376 201 62 Vlysses,
1246 1376 151 62 Nisus
1346 1376 84 62 &
1380 1376 201 62 Eurialus
1531 1376 134 62 plus
1614 1376 201 62 amicitia
1748 1376 134 62 iuncti

205 1416 136 80 agere
296 1416 167 80 possunt
417 1416 121 80 quam
492 1416 197 80 separati:
644 1416 76 80 &
674 1416 106 80 sic
735 1416 91 80 in
780 1416 197 80 literario
931 1416 136 80 ocio:
1022 1416 106 80 duo
1083 1416 121 80 post
1158 1416 167 80 studium
1280 1416 136 80 mutuo
1370 1416 227 80 conferentes
1552 1416 212 80 multoplus,
1703 1416 182 80 proficiunt

211 1472 111 60 quam
281 1472 181 60 separatim
420 1472 167 60 continuo
545 1472 195 60 studentes,
698 1472 111 60 idem
767 1472 167 60 dicendis
892 1472 125 60 horis
976 1472 167 60 inuenies
1101 1472 97 60 duo
1156 1472 125 60 simul
1240 1472 208 60 castigatius
1406 1472 139 60 dicunt
1504 1472 69 60 &
1532 1472 181 60 attentius
1671 1472 111 60 quam
1740 1472 97 60 duo
1782 1472 97 60 sepa¬-

202 1518 146 70 ratim,
304 1518 102 70 hoc
363 1518 131 70 etiam
450 1518 160 70 cernere
567 1518 102 70 est
625 1518 87 70 in
669 1518 131 70 parua
757 1518 160 70 materia
873 1518 175 70 collecta
1004 1518 117 70 quae
1077 1518 131 70 bonum
1165 1518 131 70 ignem
1252 1518 160 70 reddit:
1369 1518 73 70 &
1398 1518 87 70 si
1442 1518 219 70 spargeretur
1617 1518 131 70 etiam
1704 1518 146 70 ignita
1792 1518 102 70 parum

210 1568 224 57 calefaceret.
392 1568 112 57 Vnde
462 1568 98 57 fit
518 1568 112 57 quod
588 1568 210 57 cuiuscumque
757 1568 168 57 fortunae
883 1568 182 57 hominibus
1023 1568 70 57 &
1051 1568 196 57 cuiuscuque
1205 1568 154 57 aetatis
1317 1568 168 57 amicitia
1443 1568 98 57 est
1500 1568 196 57 perutilis.
1654 1568 182 57 Sequitur.
1780 1568 112 57 Inesse

205 1612 135 65 etiam
295 1612 194 65 amicitia.
444 1612 150 65 Tertia
549 1612 135 65 ratio
639 1612 90 65 ad
684 1612 194 65 probandam
833 1612 239 65 conclusionem
1028 1612 105 65 est
1087 1612 135 65 haec.
1177 1612 120 65 Illa
1252 1612 120 65 quae
1327 1612 120 65 sunt
1401 1612 224 65 naturaliter
1581 1612 120 65 bona
1656 1612 150 65 homini
1760 1612 90 65 in
1790 1612 105 65 adiu¬-

208 1665 152 51 torium
314 1665 137 51 vitae
406 1665 183 51 humanae,
543 1665 122 51 sunt
619 1665 76 51 a
650 1665 213 51 philosopho
818 1665 152 51 morali
924 1665 259 51 consideranda:
1138 1665 107 51 sed
1199 1665 183 51 amicitia
1336 1665 107 51 est
1397 1665 213 51 huiusmodi:
1565 1665 168 51 igitur.
1687 1665 137 51 Minor
1763 1665 122 51 patet,

212 1700 170 64 amicitia
339 1700 113 64 enim
410 1700 127 64 inest
494 1700 170 64 secundum
622 1700 155 64 naturam
735 1700 170 64 generati
862 1700 85 64 ad
904 1700 198 64 generatum:
1060 1700 99 64 non
1116 1700 127 64 solum
1201 1700 85 64 in
1243 1700 184 64 hominibus
1385 1700 99 64 sed
1441 1700 127 64 etiam
1526 1700 85 64 in
1568 1700 127 64 aliis
1653 1700 212 64 animalibus,
1808 1700 71 64 qua

218 1750 139 54 magnam
315 1750 209 54 diligentiam
482 1750 167 54 adhibent
608 1750 83 54 ad
649 1750 139 54 suorum
747 1750 153 54 foetuum
858 1750 223 54 educationem:
1039 1750 97 54 non
1095 1750 111 54 quod
1164 1750 97 54 sit
1220 1750 83 54 in
1262 1750 97 54 eis
1317 1750 167 54 amicitia
1443 1750 209 54 laudabilis:
1610 1750 111 54 quia
1679 1750 97 54 nec
1735 1750 139 54 virtus
1818 1750 70 54 nec

211 1806 116 53 eius
283 1806 130 53 actus
370 1806 130 53 inest
457 1806 116 53 eis:
529 1806 101 53 sed
587 1806 116 53 quia
660 1806 101 53 cum
718 1806 174 53 amicitia
848 1806 217 53 affinitatem
1022 1806 159 53 habent:
1138 1806 72 53 &
1167 1806 174 53 amicitia
1297 1806 87 53 in
1340 1806 101 53 eis
1398 1806 145 53 laxato
1500 1806 174 53 vocabulo
1630 1806 116 53 dici
1703 1806 159 53 potest.
1804 1806 87 53 Qua¬-

208 1847 165 63 propter
328 1847 180 63 amatores
462 1847 165 63 hominum
582 1847 195 63 laudamus.
732 1847 105 63 Dum
792 1847 120 63 homo
866 1847 90 63 in
911 1847 105 63 via
971 1847 135 63 pedum
1061 1847 135 63 errat
1151 1847 105 63 aut
1211 1847 135 63 morum
1300 1847 105 63 hoc
1360 1847 165 63 cernere
1480 1847 150 63 licet.
1585 1847 105 63 Dum
1645 1847 135 63 etiam
1734 1847 165 63 ignotum
1839 1847 45 63 a

206 1896 128 57 recto
291 1896 156 57 tramite
405 1896 171 57 dilirare
533 1896 142 57 vides,
632 1896 99 57 eum
689 1896 85 57 ad
732 1896 142 57 rectum
831 1896 171 57 protinus
959 1896 171 57 reuocas:
1087 1896 114 57 ergo
1158 1896 171 57 indicium
1286 1896 99 57 est
1343 1896 114 57 quod
1414 1896 171 57 quilibet
1542 1896 114 57 homo
1613 1896 99 57 est
1670 1896 142 57 alteri
1755 1896 128 57 amicus,

212 1943 71 58 ⁋
240 1943 186 58 Ciuitates
383 1943 129 58 etiam
469 1943 100 58 &c.
526 1943 114 58 Hic,
597 1943 157 58 ponitur
712 1943 143 58 quarta
812 1943 129 58 ratio
897 1943 86 58 ad
940 1943 243 58 conclusionem,
1140 1943 114 58 quae
1211 1943 100 58 est
1269 1943 129 58 haec.
1354 1943 129 58 Illud
1440 1943 171 58 pertinet
1569 1943 86 58 ad
1611 1943 157 58 moralem
1711 1943 186 58 philosophum

214 1993 104 51 per
274 1993 119 51 quod
348 1993 194 51 ciuitates
497 1993 89 51 in
542 1993 119 51 esse
616 1993 253 51 conseruantur:
825 1993 104 51 sed
884 1993 179 51 amicitia
1018 1993 104 51 est
1078 1993 209 51 huiusmodi:
1242 1993 164 51 igitur.
1361 1993 238 51 Consequentia
1554 1993 134 51 tenet
1644 1993 104 51 cum
1703 1993 164 51 maiore.
1808 1993 89 51 Pro¬-

210 2038 139 57 batur
302 2038 139 57 minor
395 2038 108 57 per
457 2038 247 57 legumlatores
658 2038 108 57 qui
720 2038 139 57 magis
812 2038 139 57 circa
905 2038 201 57 amicitiam
1060 2038 124 57 quam
1137 2038 139 57 circa
1229 2038 201 57 iustitiam
1384 2038 185 57 student.
1523 2038 201 57 Concordia
1678 2038 155 57 nanque
1770 2038 124 57 simile

216 2082 125 59 quid
294 2082 203 59 amicitiae
451 2082 125 59 est.
529 2082 109 59 Cui
591 2082 141 59 illud
685 2082 250 59 Sallustianum
888 2082 219 59 applaudit.
1060 2082 203 59 Concordia
1216 2082 156 59 paruae
1326 2082 109 59 res
1388 2082 203 59 crescunt,
1544 2082 203 59 discordia
1701 2082 125 59 vero
1763 2082 125 59 magnae

207 2131 242 55 dilabuntur.
401 2131 97 55 Et
449 2131 145 55 illud
546 2131 259 55 euangelicum,
756 2131 129 55 omne
837 2131 162 55 regnum
950 2131 97 55 in
999 2131 97 55 se
1047 2131 178 55 diuisum
1177 2131 259 55 desolabitur.
1387 2131 97 55 Et
1435 2131 97 55 si
1484 2131 129 55 sint
1565 2131 145 55 omnes
1662 2131 145 55 inter
1759 2131 97 55 se
1791 2131 97 55 ami¬-

215 2183 98 55 ci,
271 2183 169 55 iustitia
398 2183 98 55 non
454 2183 98 55 est
510 2183 126 55 opus:
594 2183 84 55 si
636 2183 112 55 vero
706 2183 112 55 sint
777 2183 140 55 iusti,
875 2183 169 55 indigent
1001 2183 126 55 adhuc
1086 2183 183 55 amicitia.
1226 2183 112 55 Illa
1296 2183 98 55 est
1352 2183 140 55 quinta
1451 2183 126 55 ratio
1535 2183 112 55 quae
1605 2183 126 55 talis
1689 2183 112 55 est.
1760 2183 126 55 Illud
1830 2183 70 55 per

219 2232 122 52 quod
295 2232 137 52 magis
386 2232 198 52 ciuitates
538 2232 243 52 conseruentur
736 2232 122 52 quam
812 2232 106 52 per
872 2232 213 52 iustitiam,
1040 2232 182 52 pertinet
1177 2232 91 52 ad
1222 2232 289 52 considerationem
1465 2232 167 52 moralis
1587 2232 228 52 philosophi:
1769 2232 106 52 sed
1815 2232 76 52 per

212 2269 193 61 amicitiam
360 2269 133 61 magis
449 2269 119 61 quam
523 2269 104 61 per
583 2269 193 61 iustitiam
731 2269 237 61 conseruantur
924 2269 208 61 ciuitates:
1087 2269 163 61 igitur.
1205 2269 163 61 Minorem
1324 2269 89 61 in
1368 2269 148 61 litera
1472 2269 148 61 probat
1576 2269 237 61 philosophus:
1769 2269 74 61 &
1783 2269 119 61 dicit:

208 2315 105 54 ld
260 2315 139 54 quod
347 2315 174 54 maxime
469 2315 174 54 iustum
591 2315 122 54 est
661 2315 105 54 ad
713 2315 227 54 amicitiam
887 2315 209 54 attinere
1044 2315 209 54 videtur,
1201 2315 139 54 quod
1288 2315 122 54 sic
1358 2315 244 54 intelligo:
1549 2315 174 54 omnium
1671 2315 209 54 iustorum
1811 2315 87 54 ma¬-

219 2369 122 56 xime
295 2369 153 56 iustum
402 2369 107 56 est
464 2369 92 56 ad
510 2369 168 56 amicos.
632 2369 107 56 Non
693 2369 138 56 solum
785 2369 138 56 autem
877 2369 107 56 est
938 2369 245 56 necessarium.
1137 2369 122 56 Haec
1214 2369 107 56 est
1275 2369 138 56 sexta
1367 2369 153 56 ratio,
1474 2369 122 56 quae
1551 2369 138 56 talis
1643 2369 122 56 est.
1704 2369 199 56 Philosophus

221 2411 168 60 moralis
343 2411 107 60 non
404 2411 137 60 solum
495 2411 137 60 habet
587 2411 229 60 considerare
770 2411 91 60 de
815 2411 107 60 his
876 2411 122 60 quae
953 2411 91 60 ad
998 2411 137 60 vitam
1090 2411 122 60 sunt
1166 2411 229 60 necessaria,
1349 2411 107 60 sed
1410 2411 137 60 habet
1502 2411 137 60 etiam
1593 2411 229 60 pertractare
1776 2411 91 60 de
1807 2411 91 60 bono

211 2458 177 60 honesto:
344 2458 103 60 sed
403 2458 103 60 sic
462 2458 103 60 est
521 2458 89 60 de
566 2458 192 60 amicitia:
713 2458 162 60 igitur.
832 2458 162 60 Minorem
950 2458 89 60 in
994 2458 148 60 litera
1097 2458 177 60 deducit.
1230 2458 74 60 ⁋
1260 2458 207 60 Haesitaret
1422 2458 177 60 quispiam
1555 2458 89 60 de
1600 2458 133 60 huius
1673 2458 222 60 propositionis

223 2504 200 61 veritate.
377 2504 123 61 Nemo
453 2504 123 61 enim
530 2504 154 61 habens
638 2504 169 61 caetera
761 2504 139 61 omnia
854 2504 123 61 bona
931 2504 123 61 sine
1007 2504 154 61 amicis
1115 2504 154 61 viuere
1223 2504 215 61 expeteret.
1392 2504 123 61 Eius
1469 2504 185 61 falsitas
1608 2504 108 61 sic
1669 2504 200 61 suadetur.
1808 2504 92 61 Igi¬-

219 2557 107 57 tur
280 2557 168 57 tyranno
402 2557 122 57 metu
479 2557 153 57 mortis
586 2557 138 57 solus
678 2557 184 57 habitare
816 2557 153 57 cupit.
923 2557 138 57 Dicis
1014 2557 122 57 quod
1091 2557 138 57 talis
1183 2557 107 57 non
1244 2557 153 57 potest
1351 2557 153 57 aliter
1458 2557 168 57 viuere.
1581 2557 122 57 Tunc
1657 2557 107 57 sic
1703 2557 199 57 argumentor:

217 2599 91 50 de
262 2599 151 50 multis
368 2599 211 50 eremicolis
534 2599 91 50 in
579 2599 196 50 principio
730 2599 196 50 nascentis
881 2599 196 50 ecclesiae
1032 2599 91 50 vt
1078 2599 91 50 de
1123 2599 196 50 Xachariae
1274 2599 166 50 insigni
1395 2599 151 50 filio:
1500 2599 136 50 Paulo
1591 2599 136 50 primo
1682 2599 181 50 eremita,
1802 2599 91 50 Anto

222 2648 111 51 nio
285 2648 79 51 &
317 2648 142 51 aliis
412 2648 189 51 patribus
554 2648 95 51 in
601 2648 189 51 thebaide
743 2648 142 51 gypti
838 2648 142 51 caelo
933 2648 174 51 dignis:
1059 2648 111 51 qui
1122 2648 174 51 hominum
1249 2648 205 51 consortia
1406 2648 221 51 fugiebant:
1580 2648 126 51 ergo
1659 2648 126 51 sine
1738 2648 158 51 amicis
1833 2648 63 51 vi

217 2690 121 53 uere
293 2690 152 53 optime
399 2690 197 53 poterant.
550 2690 167 53 Secundo
672 2690 212 53 argumentor
839 2690 121 53 sic.
914 2690 106 53 Vir
975 2690 136 53 felix
1066 2690 197 53 (politice
1218 2690 197 53 loquendo)
1369 2690 152 53 paucis
1475 2690 136 53 eget:
1566 2690 167 53 igitur.
1688 2690 106 53 Nec
1748 2690 91 53 ab
1779 2690 121 53 amicis

222 2739 193 55 dependet:
371 2739 119 55 quia
445 2739 104 55 sic
504 2739 89 55 ab
549 2739 208 55 extrinseco
712 2739 223 55 dependeret,
890 2739 119 55 quod
964 2739 104 55 est
1023 2739 252 55 inconueniens.
1231 2739 134 55 Primo
1320 2739 119 55 enim
1394 2739 134 55 libro
1484 2739 119 55 dici
1558 2739 223 55 infelicitas
1736 2739 104 55 per
1795 2739 89 55 se
1825 2739 74 55 est

212 2789 236 57 sufficiens.
401 2789 94 57 In
448 2789 204 57 oppositum
605 2789 110 57 est
668 2789 236 57 Aristoteles
857 2789 94 57 in
904 2789 173 57 litera:
1030 2789 79 57 &
1062 2789 236 57 commentator
1250 2789 157 57 quinto
1360 2789 267 57 metaphysicae:
1580 2789 142 57 virum
1675 2789 189 57 eremitam
1801 2789 94 57 cen¬-

222 2832 110 58 set
285 2832 141 58 neque
379 2832 141 58 bonum
473 2832 141 58 neque
567 2832 157 58 malum.
677 2832 235 58 Respondetur
866 2832 126 58 quod
944 2832 235 58 Aristoteles
1132 2832 220 58 intellexit
1305 2832 94 58 vt
1352 2832 94 58 in
1399 2832 204 58 pluribus.
1556 2832 157 58 Aliqui
1666 2832 141 58 tamen
1760 2832 126 58 sunt
1823 2832 78 58 ita

213 2881 221 57 proterui
378 2881 129 57 qui
452 2881 110 57 in
507 2881 202 57 hominum
654 2881 295 57 societatibus
894 2881 110 57 ex
949 2881 276 57 malignitate
1170 2881 184 57 viuere
1299 2881 239 57 nequeunt.
1483 2881 276 57 Quemadmodum
1704 2881 147 57 erat
1777 2881 129 57 Timon

208 2919 265 63 Atheniensis
420 2919 124 63 qui
491 2919 177 63 nullum
614 2919 194 63 praeter
756 2919 141 63 vnum
844 2919 194 63 Peantum
985 2919 106 63 ad
1038 2919 247 63 colloquium
1232 2919 212 63 admisit.
1391 2919 106 63 Et
1444 2919 212 63 Antonius
1603 2919 159 63 trium
1709 2919 124 63 vir
1762 2919 141 63 actia¬-

209 2965 97 68 ca
257 2965 145 68 clade
354 2965 177 68 fractus
483 2965 177 68 Timonem
612 2965 194 68 imitatus
757 2965 177 68 fuisset
886 2965 97 68 si
935 2965 113 68 non
999 2965 226 68 Cleopatrae
1176 2965 226 68 illecebris
1354 2965 97 68 ad
1402 2965 194 68 tumultum
1547 2965 177 68 aulicum
1676 2965 177 68 fuisset
1789 2965 113 68 reuo¬-

224 3026 153 58 catus,
331 3026 138 58 verum
423 3026 122 58 alia
499 3026 122 58 fuit
576 3026 168 58 Antonio
698 3026 138 58 talis
790 3026 230 58 solitudinis
974 3026 153 58 causa,
1081 3026 214 58 verecundia
1250 3026 122 58 enim
1326 3026 168 58 hominum
1449 3026 214 58 conspectum
1617 3026 199 58 pertaesus
1770 3026 122 58 est.
1847 3026 92 58 In

216 3068 141 55 clyti
311 3068 126 55 sane
389 3068 94 55 vt
436 3068 157 55 vitiis
546 3068 189 55 vacarent
688 3068 94 55 in
735 3068 236 55 solitudinem
923 3068 236 55 concessere.
1112 3068 157 55 Heliam
1222 3068 94 55 in
1269 3068 220 55 solitudine
1442 3068 126 55 deus
1520 3068 173 55 coruino
1646 3068 220 55 ministerio
1803 3068 110 55 ciba¬-

221 3116 132 55 uit.
304 3116 165 55 Paulum
420 3116 198 55 thebaeum
568 3116 165 55 simili
684 3116 248 55 pastualuit.
882 3116 116 55 Hic
949 3116 165 55 Paulus
1064 3116 281 55 nomenclaturam
1296 3116 231 55 eremicolis
1477 3116 231 55 reliquisse
1659 3116 182 55 fertur.
1775 3116 132 55 Septem

218 3160 84 57 &
252 3160 218 57 nonaginta
419 3160 151 57 annos
520 3160 168 57 eremum
637 3160 218 57 incoluit,
804 3160 184 57 quantum
939 3160 184 57 aliorum
1073 3160 151 57 nemo,
1173 3160 184 57 nunquam
1307 3160 134 57 post
1391 3160 168 57 primum
1508 3160 84 57 a
1542 3160 251 57 secularibus
1726 3160 184 57 discessum

215 3200 185 66 hominem
350 3200 185 66 praeter
484 3200 151 66 solum
585 3200 202 66 Antonium
736 3200 168 66 vidit.
854 3200 134 66 lsti
938 3200 134 66 viro
1022 3200 185 66 similes
1156 3200 168 66 minime
1274 3200 134 66 sunt
1358 3200 302 66 vituperabiles,
1610 3200 252 66 proculdubio
1794 3200 118 66 erant

215 3256 157 44 heroes
325 3256 189 44 angelico
467 3256 157 44 cibatu
577 3256 173 44 celitus
702 3256 173 44 cibati,
828 3256 94 44 de
875 3256 110 44 his
938 3256 141 44 autem
1032 3256 110 44 non
1095 3256 189 44 loquitur
1236 3256 251 44 Aristoteles,
1441 3256 110 44 sed
1504 3256 94 44 de
1551 3256 204 44 praetacto
1708 3256 157 44 Timone
1818 3256 79 44 &
1833 3256 79 44 si¬-

219 3302 191 64 milibus.
362 3302 143 64 Tales
458 3302 127 64 sunt
537 3302 239 64 malignantis
728 3302 175 64 naturae
856 3302 127 64 quos
935 3302 239 64 Aristoteles
1126 3302 143 64 primo
1222 3302 239 64 politicorum
1413 3302 175 64 bestiis
1540 3302 207 64 comparat.
1699 3302 111 64 Nam
1763 3302 143 64 primo
1842 3302 80 64 po¬
