2320 3614
414 299 111 97 nes
478 299 191 97 fortasse
621 299 207 97 clarebunt
780 299 95 97 si
827 299 207 97 amicitiae
986 299 175 97 obiecta
1113 299 111 97 hoc
1177 299 111 97 est
1240 299 191 97 amabilia
1383 299 127 97 nota
1463 299 191 97 fuerint.
1606 299 191 97 Secundo:
1749 299 111 97 non
1812 299 175 97 quoduis
1939 299 143 97 amari
2019 299 111 97 vide¬-

425 375 118 54 tur
492 375 118 54 sed
560 375 168 54 tantum
677 375 151 54 ipsum
778 375 202 54 amabile.
929 375 185 54 Secunda
1064 375 235 54 conclusio.
1248 375 134 54 Omne
1332 375 185 54 amabile
1467 375 101 54 vt
1517 375 168 54 finis,
1635 375 118 54 est
1702 375 151 54 bonum
1803 375 202 54 honestum
1954 375 118 54 aut
2004 375 118 54 dele¬-

427 412 188 73 ctabile.
568 412 110 73 hoc
631 412 157 73 probat
741 412 125 73 quia
819 412 125 73 omne
898 412 172 73 amabile
1023 412 110 73 est
1086 412 141 73 bonum
1180 412 204 73 honestum,
1336 412 141 73 vtile
1430 412 110 73 vel
1493 412 251 73 delectabile:
1697 412 110 73 sed
1760 412 157 73 nullum
1869 412 141 73 bonum
1963 412 141 73 vtile
2042 412 78 73 est

421 464 174 60 amabile
548 464 95 60 vt
595 464 158 60 finis,
706 464 174 60 igitur.
833 464 143 60 Minor
928 464 158 60 patet,
1039 464 127 60 quia
1119 464 143 60 bonum
1214 464 143 60 vtile
1309 464 111 60 est
1372 464 174 60 amabile
1499 464 174 60 tanquam
1626 464 95 60 id
1673 464 111 60 per
1737 464 127 60 quod
1816 464 111 60 fit
1879 464 143 60 bonum
1959 464 158 60 honestum

427 509 107 72 vel
488 509 244 72 delectabile,
686 509 107 72 hoc
747 509 107 72 est
808 509 168 72 tanquam
930 509 168 72 medium:
1052 509 153 72 igitur
1159 509 107 72 non
1220 509 107 72 est
1281 509 168 72 amabile
1403 509 168 72 tanquam
1525 509 153 72 finis.
1632 509 137 72 Eligo
1723 509 183 72 pecuniam
1861 509 92 72 ob
1906 509 122 72 eius
1983 509 137 72 vsum,
2059 509 61 72 si

419 557 144 74 enim
509 557 198 74 bibliam
653 557 180 74 habere
779 557 180 74 cupiam
905 557 144 74 quam
995 557 162 74 aureo
1103 557 198 74 scutato
1247 557 180 74 habere
1372 557 180 74 possum
1498 557 90 74 &
1534 557 126 74 non
1606 557 198 74 aliter,
1750 557 180 74 aureum
1876 557 180 74 nummum
1984 557 144 74 expeto

427 603 94 75 ob
474 603 187 75 bibliam,
614 603 125 75 tunc
692 603 187 75 quiesco.
833 603 125 75 Quis
911 603 140 75 tamen
1004 603 156 75 potest
1113 603 94 75 ex
1160 603 218 75 voluntatis
1331 603 203 75 libertate
1487 603 156 75 ponere
1596 603 187 75 pecuniam
1736 603 109 75 pro
1799 603 140 75 fine,
1892 603 109 75 sed
1955 603 125 75 raro
2032 603 78 75 a
2048 603 78 75 pru

422 654 130 69 dente
508 654 101 69 ita
566 654 173 69 ponitur.
696 654 115 69 ipsa
768 654 115 69 enim
840 654 130 69 solum
927 654 188 69 quaeritur
1071 654 101 69 pro
1129 654 130 69 aliis
1216 654 231 69 adminiculis,
1403 654 173 69 voluptas
1533 654 159 69 honesta
1649 654 72 69 &
1677 654 173 69 honestum
1807 654 130 69 ipsum
1894 654 115 69 puer
1966 654 115 69 fine
2038 654 115 69 apud

425 704 166 63 probos
541 704 133 63 ponu
624 704 149 63 ntur.
724 704 133 63 Post
807 704 116 63 hoc
873 704 232 63 corollarie
1055 704 182 63 infert.
1188 704 149 63 Quare
1288 704 116 63 fit
1354 704 99 63 vt
1404 704 199 63 amabilia
1553 704 133 63 sint
1636 704 149 63 ipsum
1735 704 149 63 bonum
1835 704 83 63 &
1868 704 199 63 iucundum
2017 704 99 63 vt
2050 704 83 63 fi¬-

423 753 135 63 nis.
508 753 118 63 Hic
575 753 254 63 philosophus
778 753 271 63 dubitationem
998 753 169 63 obiter
1116 753 254 63 occurrentem
1319 753 169 63 mouet,
1438 753 135 63 quae
1522 753 118 63 est
1590 753 152 63 haec.
1691 753 152 63 Vtrum
1793 753 169 63 igitur
1911 753 152 63 ipsum
1996 753 118 63 bonum

427 797 138 63 ament
519 797 169 63 homines
641 797 92 63 an
687 797 92 63 id
733 797 123 63 quod
810 797 138 63 ipsis
902 797 107 63 est
963 797 153 63 bonum.
1070 797 123 63 ldem
1147 797 123 63 enim
1223 797 107 63 est
1285 797 92 63 de
1331 797 230 63 delectabili
1514 797 92 63 vt
1560 797 92 63 in
1606 797 153 63 litera
1714 797 153 63 dicit.
1821 797 92 63 Et
1867 797 214 63 discrepant
2020 797 92 63 haec

425 843 240 66 nonnunquam.
617 843 144 66 Porro
713 843 240 66 vnusquisque
905 843 176 66 videtur
1033 843 144 66 amare
1129 843 96 66 id
1177 843 128 66 quod
1257 843 112 66 est
1322 843 96 66 ei
1370 843 160 66 bonum:
1482 843 144 66 licet
1578 843 112 66 non
1642 843 128 66 omne
1722 843 128 66 tale
1802 843 112 66 sit
1866 843 240 66 simplicitet
2042 843 80 66 bo¬-

420 891 116 64 num
487 891 183 64 alicui.
620 891 116 64 Nam
686 891 216 64 quaelibet
852 891 199 64 potentia
1002 891 166 64 fertur
1118 891 100 64 in
1168 891 199 64 obiectum
1317 891 133 64 sibi
1400 891 315 64 proportionatum.
1666 891 100 64 Et
1716 891 149 64 eodem
1815 891 133 64 modo
1898 891 116 64 non
1965 891 116 64 est
2014 891 100 64 idem

427 935 225 71 delectabile
607 935 225 71 simpliciter
787 935 75 71 &
817 935 150 71 alicui
922 935 240 71 delectabile.
1117 935 105 71 Hoc
1177 935 150 71 dubium
1283 935 180 71 recludit
1418 935 165 71 dicens,
1538 935 120 71 quod
1613 935 225 71 vnusquisque
1793 935 120 71 amat
1868 935 105 71 non
1928 935 150 71 semper
2033 935 120 71 quod

417 987 119 62 est
485 987 153 62 bonum
587 987 119 62 sed
654 987 136 62 quod
739 987 187 62 apparet
875 987 102 62 ei
926 987 170 62 bonum.
1045 987 119 62 Nec
1112 987 170 62 refert
1231 987 102 62 an
1282 987 187 62 amabile
1418 987 119 62 sit
1485 987 153 62 verum
1587 987 153 62 bonum
1689 987 102 62 an
1740 987 204 62 apparens
1893 987 170 62 bonum.
1994 987 119 62 Illud

425 1033 132 62 enim
508 1033 116 62 est
574 1033 248 62 simpliciter
773 1033 83 62 &
806 1033 199 62 absolute
955 1033 149 62 bonum
1055 1033 132 62 quod
1137 1033 116 62 est
1204 1033 149 62 bonum
1303 1033 149 62 bono,
1402 1033 132 62 puta
1485 1033 132 62 bene
1568 1033 232 62 disposito.
1750 1033 149 62 Illud
1849 1033 149 62 autem
1948 1033 116 62 est
1998 1033 116 62 bonum

416 1089 151 56 alicui,
526 1089 110 56 quod
595 1089 96 56 est
650 1089 82 56 ei
691 1089 124 56 bonum
774 1089 124 56 licet
856 1089 151 56 praeter
966 1089 151 56 naturam
1076 1089 206 56 disponatur,
1241 1089 220 56 exemplariter
1420 1089 165 56 declaro,
1544 1089 110 56 quod
1612 1089 96 56 est
1667 1089 124 56 sanum
1750 1089 110 56 sano
1819 1089 69 56 &
1846 1089 110 56 bene
1915 1089 179 56 disposito
2039 1089 82 56 sim¬-

431 1129 185 63 pliciter
569 1129 108 63 est
631 1129 154 63 sanum:
738 1129 77 63 &
769 1129 123 63 quod
846 1129 108 63 est
908 1129 231 63 indisposito
1092 1129 154 63 sanum,
1200 1129 154 63 bonum,
1308 1129 77 63 &
1338 1129 215 63 expediens,
1508 1129 108 63 non
1569 1129 169 63 oportet
1692 1129 92 63 vt
1738 1129 231 63 simpliciter
1923 1129 108 63 sit
1985 1129 138 63 tale.
2061 1129 62 63 Vt

431 1176 142 61 vstio
526 1176 110 61 est
589 1176 126 61 bona
668 1176 126 61 illi
747 1176 110 61 qui
810 1176 142 61 ignem
904 1176 158 61 sacrum
1015 1176 110 61 aut
1078 1176 142 61 tabem
1173 1176 95 61 in
1220 1176 142 61 tibia
1315 1176 158 61 habet.
1425 1176 110 61 Nec
1488 1176 142 61 etiam
1583 1176 142 61 illud
1677 1176 126 61 quod
1756 1176 237 61 simpliciter
1945 1176 110 61 est
1993 1176 126 61 melius

431 1222 108 64 est
492 1222 154 64 melius
600 1222 216 64 cuicunque.
770 1222 139 64 Nempe
863 1222 154 64 melius
971 1222 108 64 est
1033 1222 247 64 philosophari
1234 1222 124 64 quam
1311 1222 170 64 ditari,
1434 1222 108 64 non
1496 1222 139 64 tamen
1589 1222 154 64 inopi.
1697 1222 108 64 Non
1759 1222 139 64 autem
1851 1222 108 64 sic
1913 1222 108 64 est
1975 1222 93 64 de
2006 1222 108 64 malo.

423 1259 111 66 Nam
486 1259 205 66 aliquando
644 1259 237 66 simpliciter
834 1259 142 66 malum
929 1259 111 66 est
992 1259 142 66 bonum
1086 1259 174 66 alicui:
1213 1259 95 66 vt
1260 1259 174 66 egestas
1387 1259 79 66 &
1418 1259 221 66 infirmitas
1592 1259 126 66 quae
1671 1259 142 66 vitia
1766 1259 79 66 a
1797 1259 158 66 multis
1892 1259 221 66 abstulerunt.

431 1306 166 67 Tertia
547 1306 232 67 conclusio.
730 1306 99 67 In
779 1306 199 67 amatione
929 1306 149 67 rerum
1028 1306 265 67 inanimatarum
1244 1306 116 67 non
1310 1306 182 67 dicitur
1442 1306 215 67 amicitia.
1608 1306 199 67 Probatio
1757 1306 166 67 igitur
1873 1306 166 67 illius
1989 1306 116 67 non
2039 1306 83 67 est

432 1362 239 66 reciprocus
620 1362 154 66 amor.
722 1362 188 66 Secundo
859 1362 205 66 probatur
1013 1362 154 66 idem:
1115 1362 137 66 quia
1201 1362 120 66 non
1269 1362 188 66 volumus
1406 1362 290 66 inanimantibus
1645 1362 137 66 bona
1730 1362 171 66 gratia
1850 1362 205 66 ipsorum.
2003 1362 120 66 Amo
2055 1362 68 66 vi

419 1404 113 63 num
483 1404 177 63 propter
612 1404 113 63 me:
677 1404 129 63 ergo
758 1404 129 63 illa
838 1404 161 63 amatio
951 1404 113 63 non
1016 1404 113 63 est
1080 1404 210 63 amicitia:
1242 1404 145 63 tenet
1339 1404 258 63 consequentia
1548 1404 129 63 quia
1629 1404 97 63 ad
1677 1404 210 63 amicitiam
1839 1404 226 63 requiritur
2000 1404 113 63 velle

425 1446 149 67 bonum
525 1446 149 67 amico
624 1446 165 67 gratia
740 1446 182 67 ipsius.
872 1446 83 67 ⁋
905 1446 116 67 Eos
971 1446 149 67 autem
1070 1446 116 67 &c.
1136 1446 198 67 Tangitur
1285 1446 165 67 quarta
1401 1446 215 67 conclusio
1566 1446 132 67 quae
1649 1446 132 67 est.
1732 1446 149 67 Licet
1831 1446 149 67 omnes
1930 1446 132 67 bona
1996 1446 116 67 aliis

432 1503 163 67 gratia
546 1503 179 67 ipsorum
676 1503 195 67 volentes
822 1503 130 67 sint
904 1503 212 67 beneuoli,
1066 1503 114 67 non
1132 1503 146 67 tamen
1229 1503 146 67 omnes
1327 1503 146 67 tales
1424 1503 130 67 sunt
1506 1503 163 67 amici.
1620 1503 212 67 Probatio.
1783 1503 163 67 Mutuam
1896 1503 163 67 nanque
1994 1503 114 67 bene¬-

432 1550 196 57 uolentiam
583 1550 196 57 amicitiam
734 1550 166 57 dicunt.
855 1550 106 57 hoc
915 1550 106 57 est
975 1550 121 57 sola
1051 1550 242 57 beneuolentia
1247 1550 91 57 in
1293 1550 242 57 contrapassis
1489 1550 106 57 est
1549 1550 196 57 amicitia.
1700 1550 75 57 ⁋
1730 1550 91 57 An
1776 1550 226 57 adiungendum
1957 1550 121 57 est.
2017 1550 106 57 Quin¬-

423 1598 95 66 ta
471 1598 221 66 conclusio.
644 1598 95 66 Ad
691 1598 205 66 amicitiam
849 1598 110 66 non
912 1598 142 66 satis
1006 1598 110 66 est
1069 1598 221 66 reciprocus
1242 1598 142 66 amor,
1337 1598 110 66 sed
1400 1598 221 66 requiritur
1573 1598 126 66 quod
1652 1598 95 66 ea
1699 1598 158 66 amicos
1810 1598 110 66 non
1873 1598 173 66 lateat.
1983 1598 126 66 Probat

423 1637 242 63 antecedens.
617 1637 129 63 Sunt
697 1637 129 63 enim
778 1637 210 63 complures
940 1637 113 63 iis
1004 1637 194 63 beneuoli
1150 1637 129 63 quos
1231 1637 113 63 non
1295 1637 210 63 viderunt,
1457 1637 129 63 quos
1537 1637 162 63 putant
1651 1637 210 63 studiosos
1812 1637 145 63 esse,
1909 1637 113 63 hoc
1974 1637 113 63 est
2022 1637 97 63 pro¬-

423 1682 111 72 bos
486 1682 111 72 vel
550 1682 142 72 frugi
644 1682 174 72 homines
771 1682 237 72 existimant.
960 1682 126 72 Isti
1039 1682 142 72 ergo,
1134 1682 142 72 licet
1229 1682 126 72 sint
1308 1682 190 72 beneuoli
1450 1682 221 72 adinuicem,
1623 1682 111 72 non
1687 1682 142 72 tamen
1781 1682 126 72 sunt
1860 1682 158 72 amici:
1971 1682 142 72 licet
2050 1682 63 72 is

426 1736 116 74 qui
493 1736 132 74 amat
575 1736 198 74 patiatur
724 1736 83 74 &
757 1736 231 74 redametur,
939 1736 83 74 &
972 1736 116 74 hoc
1038 1736 182 74 propter
1171 1736 231 74 latentiam.
1352 1736 165 74 Amicos
1468 1736 132 74 enim
1551 1736 182 74 quomodo
1683 1736 132 74 quis
1766 1736 165 74 vocat,
1882 1736 198 74 latentes
2030 1736 83 74 &
2047 1736 66 74 se

423 1784 143 71 mutuo
519 1784 239 71 ignorantes:
710 1784 96 71 hi
758 1784 159 71 multum
869 1784 191 71 accedunt
1013 1784 96 71 ad
1061 1784 207 71 amicitiam
1220 1784 112 71 cum
1284 1784 223 71 reciprocus
1459 1784 128 71 amor
1539 1784 112 71 sit
1603 1784 159 71 illis,
1714 1784 175 71 attamen
1842 1784 112 71 non
1906 1784 191 71 completa
2033 1784 80 71 ami

419 1824 160 74 citia.
531 1824 160 74 Igitur
643 1824 96 74 ad
691 1824 208 74 amicitiae
851 1824 272 74 diffinitionem
1075 1824 208 74 apponatur
1235 1824 112 74 non
1298 1824 176 74 latens.
1426 1824 192 74 Summatim
1570 1824 208 74 completam
1730 1824 208 74 amicitiae
1874 1824 240 74 diffinitionem

426 1867 95 80 in
474 1867 175 80 capitis
601 1867 143 80 calce
696 1867 143 80 ponit
791 1867 207 80 inquiens.
950 1867 191 80 Amicitia
1093 1867 111 80 est
1157 1867 143 80 mutua
1252 1867 207 80 aliquorum
1411 1867 254 80 beneuolentia
1618 1867 79 80 &
1649 1867 191 80 alicuius
1792 1867 159 80 quidem
1903 1867 95 80 in
1951 1867 127 80 boni
2015 1867 95 80 gra¬-

431 1923 123 62 tia,
507 1923 77 62 &
538 1923 108 62 eos
600 1923 108 62 non
661 1923 154 62 fugit.
769 1923 108 62 Vel
830 1923 108 62 sic
891 1923 92 62 in
938 1923 200 62 concreto.
1091 1923 138 62 Amici
1183 1923 123 62 sunt
1260 1923 108 62 qui
1322 1923 123 62 bene
1398 1923 77 62 &
1429 1923 123 62 bona
1506 1923 123 62 sibi
1583 1923 138 62 mutuo
1675 1923 154 62 volunt
1782 1923 108 62 non
1844 1923 200 62 latenter,
1982 1923 123 62 gratia

426 1963 159 67 illius
537 1963 127 67 quem
617 1963 159 67 amant,
728 1963 111 67 vel
792 1963 111 67 sic
856 1963 191 67 amicitia
999 1963 111 67 est
1062 1963 254 67 beneuolentia
1269 1963 95 67 in
1317 1963 254 67 contrapassis
1524 1963 111 67 non
1587 1963 175 67 latens:
1714 1963 111 67 hoc
1778 1963 111 67 est
1842 1963 254 67 beneuolentia
2032 1963 80 67 re¬-

428 2020 170 72 ciproca
551 2020 108 72 non
613 2020 170 72 latens.
737 2020 77 72 ⁋
768 2020 139 72 Circa
860 2020 108 72 hoc
922 2020 139 72 caput
1015 2020 201 72 quaeritur
1170 2020 93 72 an
1216 2020 186 72 amicitia
1355 2020 108 72 sit
1417 2020 170 72 virtus.
1541 2020 124 72 Hanc
1618 2020 232 72 quaestionem
1804 2020 93 72 in
1850 2020 155 72 capite
1943 2020 170 72 praeceden

427 2060 93 78 te
473 2060 248 78 quaesiuissem
674 2060 93 78 si
721 2060 232 78 philosophus
906 2060 93 78 ad
953 2060 108 78 hoc
1015 2060 139 78 caput
1108 2060 124 78 suam
1185 2060 263 78 diffinitionem
1402 2060 108 78 non
1464 2060 279 78 transtulisset.
1696 2060 232 78 Aristoteles
1882 2060 124 78 enim
1959 2060 139 78 dicit
2037 2060 77 78 ami

427 2104 149 78 citiam
532 2104 120 78 esse
606 2104 179 78 virtutem
741 2104 105 78 vel
801 2104 105 78 non
860 2104 120 78 esse
935 2104 120 78 sine
1010 2104 179 78 virtute.
1144 2104 164 78 Propter
1264 2104 120 78 illa
1339 2104 135 78 verba
1428 2104 135 78 video
1518 2104 194 78 plerosque
1668 2104 194 78 contraria
1817 2104 135 78 super
1907 2104 105 78 hoc
1952 2104 164 78 asserere,

428 2150 144 71 dicam
524 2150 144 71 tamen
620 2150 128 71 quae
700 2150 304 71 impraesentiarum
957 2150 208 71 occurrunt
1117 2150 192 71 dicenda:
1261 2150 176 71 pondero
1389 2150 128 71 hanc
1469 2150 272 71 conclusionem.
1694 2150 192 71 Amicitia
1838 2150 112 71 est
1902 2150 176 71 virtus.
2014 2150 96 71 hanc

424 2202 250 77 conclusionem
628 2202 109 77 sic
690 2202 156 77 probo,
799 2202 188 77 quilibet
940 2202 141 77 actus
1034 2202 141 77 bonus
1128 2202 109 77 est
1190 2202 188 77 virtutis
1331 2202 250 77 generatiuus:
1534 2202 141 77 actus
1628 2202 203 77 amicitiae
1784 2202 109 77 est
1846 2202 141 77 actus
1940 2202 156 77 bonus:
2034 2202 78 77 er¬-

429 2248 94 80 go
476 2248 110 80 est
539 2248 189 80 virtutis
681 2248 252 80 generatiuus.
886 2248 252 80 Consequentia
1090 2248 110 80 est
1153 2248 94 80 in
1200 2248 142 80 Dari.
1295 2248 173 80 Maiorem
1421 2248 94 80 ex
1468 2248 173 80 secundo
1594 2248 330 80 ethicorumsuppono:
1877 2248 79 80 &
1908 2248 142 80 minor
1987 2248 126 80 paret.

433 2303 147 64 Habet
531 2303 196 64 obiectum
678 2303 147 64 bonum
776 2303 82 64 &
809 2303 164 64 potest
924 2303 164 64 habere
1038 2303 147 64 omnes
1137 2303 295 64 circunstantias
1382 2303 98 64 ad
1431 2303 147 64 actus
1530 2303 213 64 bonitatem
1693 2303 246 64 requisitas,
1890 2303 115 64 nec
1955 2303 115 64 est
2004 2303 115 64 neces

427 2339 100 85 se
477 2339 150 85 ipsam
578 2339 167 85 habere
695 2339 301 85 circunstantiam
945 2339 150 85 vllam
1045 2339 167 85 malam:
1162 2339 184 85 Igitur.
1296 2339 184 85 Secundo
1429 2339 150 85 omnis
1530 2339 184 85 habitus
1663 2339 217 85 inclinans
1830 2339 100 85 in
1880 2339 150 85 actus
1964 2339 150 85 merito¬-

417 2393 130 79 rios
498 2393 114 79 est
563 2393 179 79 virtus.
694 2393 98 79 At
743 2393 195 79 amicitia
889 2393 114 79 est
954 2393 228 79 huiusmodi:
1134 2393 179 79 igitur.
1264 2393 147 79 Minor
1362 2393 147 79 patet
1459 2393 98 79 in
1508 2393 179 79 habente
1639 2393 228 79 charitatem
1818 2393 130 79 quae
1899 2393 114 79 est
1948 2393 163 79 virtutum

427 2431 158 76 forma.
538 2431 205 76 Praeterea
696 2431 205 76 contingit
854 2431 205 76 excessiue
1012 2431 142 76 amare
1107 2431 79 76 &
1138 2431 190 76 deficere
1280 2431 95 76 in
1328 2431 174 76 amando:
1454 2431 126 76 ergo
1533 2431 205 76 contingit
1691 2431 126 76 dare
1770 2431 95 76 in
1818 2431 142 76 medio
1912 2431 190 76 virtutem
2039 2431 63 76 ex

415 2490 185 63 secundo
550 2490 236 63 ethicorum.
735 2490 168 63 Contra
853 2490 135 63 hanc
937 2490 269 63 conclusionem
1156 2490 118 63 sic
1223 2490 236 63 argumentor
1408 2490 168 63 primo.
1526 2490 151 63 Nulla
1627 2490 168 63 virtus
1745 2490 252 63 corrumpitur
1947 2490 135 63 nisi
2014 2490 84 63 per

429 2533 139 75 actus
521 2533 201 75 oppositos
676 2533 186 75 actibus,
815 2533 93 75 ex
862 2533 155 75 quibus
970 2533 124 75 ipsa
1048 2533 155 75 virtus
1156 2533 201 75 generatur
1311 2533 170 75 secundo
1435 2533 217 75 ethicorum,
1605 2533 108 75 sed
1667 2533 155 75 aliter
1775 2533 232 75 corrumpitur
1945 2533 155 75 amicitia

416 2583 137 65 puta
502 2583 120 65 per
570 2583 206 65 malitiam
725 2583 155 65 amati
828 2583 120 65 qui
897 2583 155 65 prius
1000 2583 137 65 erat
1086 2583 172 65 bonus.
1206 2583 137 65 Item
1292 2583 120 65 per
1360 2583 172 65 mortem
1481 2583 155 65 amati
1584 2583 206 65 absentis
1738 2583 137 65 quem
1824 2583 172 65 credis
1944 2583 137 65 esse
2013 2583 86 65 su¬-

421 2634 211 61 perstitem:
587 2634 75 61 &
617 2634 106 61 sic
677 2634 181 61 amicitia
813 2634 121 61 sine
888 2634 136 61 culpa
979 2634 136 61 amati
1069 2634 106 61 aut
1130 2634 166 61 amantis
1250 2634 151 61 potest
1356 2634 181 61 desinere
1492 2634 136 61 esse.
1582 2634 166 61 Secundo
1703 2634 136 61 nulla
1793 2634 151 61 virtus
1899 2634 106 61 est
1944 2634 151 61 fortunae

421 2678 185 74 obiecta,
559 2678 108 74 sed
621 2678 93 74 in
667 2678 201 74 potestate
822 2678 201 74 habentis:
976 2678 93 74 at
1022 2678 185 74 amicitia
1161 2678 108 74 non
1223 2678 108 74 est
1284 2678 93 74 in
1331 2678 201 74 potestate
1485 2678 201 74 habentis,
1639 2678 123 74 quia
1716 2678 93 74 si
1763 2678 154 74 amatus
1871 2678 185 74 redamare
1994 2678 108 74 desi¬-

427 2726 106 63 nat
487 2726 106 63 non
548 2726 106 63 est
608 2726 166 63 amplius
729 2726 196 63 amicitia:
879 2726 166 63 igitur.
1000 2726 151 63 Tertio
1106 2726 90 63 si
1151 2726 211 63 requiratur
1317 2726 166 63 notitia
1437 2726 151 63 amoris
1543 2726 196 63 reciproci
1694 2726 90 63 in
1739 2726 166 63 vtroque
1860 2726 181 63 extremo:
1980 2726 121 63 sequi¬-

421 2770 101 76 tur
478 2770 115 76 haec
550 2770 202 76 conclusio,
709 2770 173 76 amicitia
839 2770 101 76 non
897 2770 101 76 est
954 2770 216 76 possibilis:
1127 2770 130 76 licet
1214 2770 115 76 enim
1286 2770 130 76 sciam
1372 2770 87 76 me
1416 2770 87 76 te
1459 2770 187 76 diligere,
1603 2770 72 76 &
1632 2770 87 76 te
1675 2770 144 76 facere
1776 2770 72 76 &
1805 2770 187 76 ostendere
1949 2770 115 76 mihi
2007 2770 101 76 signa

414 2824 172 68 amoris:
539 2824 156 68 nescio
649 2824 141 68 tamen
743 2824 94 68 an
789 2824 94 68 id
836 2824 109 68 mei
899 2824 156 68 gratia
1008 2824 156 68 facias
1118 2824 188 68 fortasse
1258 2824 125 68 alia
1336 2824 109 68 spe
1399 2824 156 68 ductus
1508 2824 78 68 &
1539 2824 94 68 an
1586 2824 203 68 simulate.
1743 2824 156 68 Quarto
1852 2824 172 68 ponatur
1977 2824 125 68 quod
2039 2824 63 68 tu

425 2862 84 72 me
467 2862 167 72 diligas,
592 2862 98 72 hoc
648 2862 139 72 nosti:
746 2862 70 72 &
774 2862 98 72 ego
829 2862 84 72 te
871 2862 167 72 diligam,
997 2862 125 72 licet
1080 2862 84 72 te
1122 2862 153 72 fugiat:
1234 2862 195 72 argumentor
1387 2862 112 72 sic,
1457 2862 112 72 tunc
1526 2862 139 72 neutra
1624 2862 153 72 illarum
1736 2862 209 72 dilectionum
1903 2862 98 72 est
1945 2862 153 72 amicitia.

415 2906 102 82 Sed
474 2906 189 82 oppositum
619 2906 145 82 probo.
720 2906 102 82 Ego
779 2906 116 82 scio
851 2906 116 82 quod
924 2906 189 82 diligote.
1069 2906 73 82 &
1098 2906 87 82 tu
1142 2906 116 82 scis
1214 2906 116 82 quod
1287 2906 160 82 diligis
1403 2906 102 82 me:
1461 2906 116 82 ergo
1534 2906 145 82 scimus
1635 2906 131 82 inter
1722 2906 102 82 nos
1781 2906 189 82 diligere.
1926 2906 145 82 Itaque
2013 2906 87 82 erit

411 2958 203 73 amicitia.
568 2958 156 73 Quinto
677 2958 94 73 si
724 2958 94 73 tu
771 2958 172 73 desinas
896 2958 125 73 esse
975 2958 141 73 frugi
1068 2958 125 73 vir,
1147 2958 188 73 dilectio
1287 2958 110 73 mea
1350 2958 94 73 in
1397 2958 94 73 te
1444 2958 141 73 adhuc
1538 2958 125 73 erit
1616 2958 203 73 amicitia:
1772 2958 125 73 ergo
1851 2958 125 73 male
1913 2958 188 73 contrarium

410 3009 152 88 dictum
516 3009 122 88 est.
592 3009 198 88 Assumptum
745 3009 152 88 probo,
851 3009 91 88 da
897 3009 213 88 oppositum,
1064 3009 122 88 haec
1140 3009 183 88 amicitia
1277 3009 167 88 desinit
1399 3009 137 88 esse,
1490 3009 76 88 &
1521 3009 122 88 haec
1597 3009 183 88 amicitia
1734 3009 107 88 est
1795 3009 122 88 amor
1871 3009 122 88 tui:
1947 3009 122 88 ergo
2008 3009 91 88 amor

412 3053 103 69 tui
471 3053 161 69 desinit
588 3053 132 69 esse,
676 3053 190 69 conclusio
823 3053 103 69 est
881 3053 147 69 falsa.
984 3053 234 69 Consequentia
1174 3053 103 69 est
1233 3053 132 69 bona,
1321 3053 73 69 &
1350 3053 132 69 minor
1438 3053 132 69 vera.
1526 3053 161 69 Proinde
1643 3053 132 69 maior
1731 3053 103 69 est
1775 3053 117 69 falsa.

413 3096 83 77 ⁋
447 3096 100 77 Ad
497 3096 167 77 primum
613 3096 217 77 distinguo
780 3096 200 77 maiorem:
930 3096 133 77 nisi
1014 3096 234 77 connotatio
1197 3096 117 77 vel
1264 3096 200 77 habitudo
1414 3096 167 77 illius
1531 3096 200 77 virtutis
1681 3096 100 77 ab
1731 3096 234 77 extrinseco
1898 3096 200 77 dependeat:

411 3145 79 68 &
443 3145 110 68 sic
506 3145 188 68 concedo.
647 3145 94 68 Si
694 3145 141 68 autem
788 3145 94 68 ab
835 3145 188 68 extrario
977 3145 188 68 foueatur
1118 3145 94 68 in
1165 3145 126 68 esse
1243 3145 141 68 tali:
1338 3145 110 68 sic
1400 3145 188 68 negatur:
1542 3145 126 68 modo
1620 3145 188 68 amicitia
1762 3145 110 68 non
1824 3145 188 68 supponit
1950 3145 157 68 absolute

413 3201 103 60 pro
472 3201 89 60 ea
517 3201 192 60 qualitate
664 3201 118 60 quae
738 3201 103 60 est
797 3201 236 60 beneuolentia
990 3201 103 60 vel
1049 3201 133 60 amor,
1137 3201 133 60 verum
1226 3201 177 60 connotat
1359 3201 118 60 quod
1433 3201 103 60 sit
1492 3201 207 60 reciprocus
1655 3201 133 60 atque
1743 3201 103 60 non
1802 3201 163 60 latens.
1921 3201 89 60 In
1965 3201 118 60 tali
2024 3201 74 60 de¬-

411 3248 240 75 nominatione
603 3248 96 75 ab
651 3248 224 75 extrinseco
827 3248 176 75 fouetur
955 3248 176 75 Socrati
1083 3248 128 75 amor
1163 3248 96 75 in
1211 3248 192 75 Platonem
1356 3248 96 75 si
1404 3248 224 75 intelligat
1580 3248 96 75 se
1628 3248 192 75 redamari
1772 3248 176 75 sincere
1900 3248 144 75 citra
1980 3248 128 75 scitum

408 3295 76 85 a
438 3295 167 85 Platone
560 3295 167 85 crescit
681 3295 137 85 atque
772 3295 212 85 solidatur:
939 3295 76 85 &
969 3295 106 85 sic
1030 3295 121 85 amor
1106 3295 91 85 in
1152 3295 167 85 Platone
1273 3295 167 85 radices
1394 3295 137 85 figit
1485 3295 137 85 atque
1576 3295 228 85 incrementum
1759 3295 91 85 in
1804 3295 121 85 dies
1865 3295 182 85 susceptat.
