2329 3607
446 274 252 91 acceptentur
648 274 151 91 antea
749 274 185 91 sintque
883 274 168 91 amici,
1001 274 134 91 quam
1085 274 202 91 amabilis
1236 274 185 91 vtrique
1371 274 202 91 videatur
1522 274 151 91 esse,
1623 274 151 91 atque
1724 274 202 91 credatur
1875 274 202 91 vterque.
2027 274 118 91 Qui
2077 274 84 91 ve¬-

442 327 102 90 ro
493 327 102 90 ea
544 327 220 90 celeriter
713 327 152 90 inter
815 327 136 90 sese
899 327 152 90 mutuo
1001 327 203 90 faciunt,
1154 327 136 90 quae
1238 327 102 90 ad
1289 327 220 90 amicitiam
1458 327 220 90 attinent:
1628 327 169 90 volunt
1746 327 169 90 quidem
1865 327 136 90 esse
1950 327 169 90 amici:
2068 327 119 90 sed

444 383 127 84 non
516 383 163 84 sunt,
625 383 145 84 nisi
716 383 145 84 sint
806 383 91 84 &
842 383 236 84 amabiles:
1024 383 91 84 &
1060 383 199 84 idipsum
1205 383 199 84 sciant,
1350 383 236 84 Amicitiae
1531 383 181 84 nanque
1658 383 236 84 voluntas,
1839 383 127 84 non
1911 383 236 84 amicitia,
2075 383 72 84 ce

451 430 200 115 leriter
596 430 145 115 fit.
687 430 145 115 Haec
778 430 182 115 igitur
905 430 91 115 &
941 430 218 115 tempore,
1105 430 91 115 &
1141 430 218 115 caeteris
1304 430 218 115 perfecta
1468 430 127 115 est
1541 430 236 115 amicitia:
1722 430 91 115 &
1758 430 127 115 per
1831 430 145 115 haec
1922 430 163 115 omnia
2031 430 145 115 fit,
2104 430 54 115 &

444 479 193 89 vtrique
585 479 193 89 similis
726 479 123 89 est
796 479 105 89 ab
849 479 211 89 vtroque,
1007 479 141 89 quod
1094 479 176 89 quidem
1217 479 176 89 amicis
1340 479 158 89 insit
1428 479 176 89 oportet.

581 547 164 103 lfferunt
704 547 123 103 autem
787 547 109 103 haec
855 547 137 103 specie
951 547 96 103 &c.
1006 547 82 103 In
1047 547 96 103 hoc
1101 547 137 103 tertio
1197 547 137 103 capite
1293 547 205 103 philosophus
1457 547 151 103 species
1567 547 178 103 amicitiae
1703 547 192 103 distinguit
1854 547 151 103 secundm
1950 547 205 103 distinctionem

566 601 201 98 amabilium:
723 601 72 98 &
752 601 129 98 caput
838 601 129 98 nouem
924 601 258 98 conclusionibus
1139 601 215 98 absoluitur.
1311 601 129 98 Prima
1397 601 186 98 conclusio
1540 601 115 98 est.
1612 601 115 98 Tres
1683 601 115 98 sunt
1755 601 186 98 amicitiae
1898 601 158 98 species
1998 601 158 98 abinuicem

570 660 196 84 distinctae.
727 660 104 84 Hanc
792 660 144 84 probat,
896 660 104 84 quia
961 660 104 84 tria
1027 660 104 84 sunt
1092 660 157 84 amabilia
1209 660 117 84 inter
1288 660 78 84 se
1327 660 183 84 distincta:
1470 660 157 84 scilicet
1588 660 170 84 honestum,
1718 660 117 84 vtile
1797 660 65 84 &
1823 660 209 84 delectabile.
1992 660 131 84 ltaque
2071 660 78 84 tres

442 703 201 88 amationes.
600 703 101 88 Nam
657 703 86 88 ex
700 703 230 88 distinctione
887 703 201 88 obiectorum
1046 703 187 88 specifica
1189 703 173 88 arguitur
1319 703 201 88 distinctio
1477 703 144 88 actuum
1578 703 158 88 secundo
1693 703 86 88 de
1736 703 144 88 anima.
1837 703 86 88 Et
1880 703 129 88 licet
1966 703 115 88 idem
2038 703 101 88 sit
2081 703 72 88 ama

437 749 116 89 bile
510 749 174 89 honestum
641 749 73 89 &
670 749 232 89 delectabile,
858 749 102 89 est
916 749 131 89 tamen
1003 749 203 89 distinctio
1163 749 189 89 rationum:
1308 749 116 89 quod
1380 749 189 89 sufficit.
1525 749 87 89 Et
1569 749 131 89 licet
1656 749 174 89 amicitia
1786 749 87 89 ob
1830 749 174 89 honestum
1960 749 102 89 sit
2004 749 145 89 praecise

441 803 180 92 amicitia
576 803 180 92 absolute
711 803 75 92 &
741 803 165 92 proprie
861 803 150 92 dicta,
966 803 75 92 &
996 803 165 92 diuisio
1116 803 105 92 sit
1176 803 165 92 analogi
1297 803 90 92 in
1342 803 105 92 sua
1402 803 210 92 analogata,
1567 803 75 92 &
1597 803 105 92 non
1657 803 165 92 generis
1777 803 90 92 in
1822 803 165 92 species
1942 803 105 92 non
1987 803 150 92 magnope¬-

436 849 89 97 re
481 849 89 97 ad
525 849 163 97 moralem
644 849 193 97 interest.
793 849 134 97 Veram
882 849 178 97 rationem
1016 849 163 97 generis
1135 849 134 97 atque
1224 849 163 97 speciei
1343 849 149 97 logici
1447 849 134 97 munus
1536 849 104 97 est
1595 849 149 97 exacte
1699 849 163 97 rimari.
1818 849 149 97 Amatio
1922 849 104 97 est
1982 849 134 97 genus
2056 849 89 97 ami¬-

439 897 195 76 citiae:
581 897 124 76 non
652 897 248 76 requiritur
847 897 106 76 ad
901 897 248 76 amationem.
1096 897 177 76 Amatio
1220 897 231 76 reciproca
1398 897 124 76 vel
1469 897 177 76 patens
1593 897 213 76 vtrunque
1753 897 106 76 ad
1806 897 231 76 amicitiam
1966 897 177 76 requiri¬-

446 944 131 94 tur,
527 944 98 94 vt
577 944 98 94 ex
626 944 164 94 capite
740 944 245 94 praecedenti
936 944 164 94 patet.
1051 944 98 94 Ob
1100 944 245 94 vnumquodque
1296 944 131 94 enim
1378 944 115 94 est
1444 944 164 94 amatio
1558 944 147 94 mutua
1656 944 115 94 non
1722 944 180 94 latehs:
1853 944 180 94 igitur.
1983 944 147 94 Atque
2065 944 82 94 qui

442 986 119 86 sese
517 986 134 86 mutuo
606 986 134 86 amant
696 986 104 86 hoc
755 986 119 86 bona
830 986 224 86 sibiinuicem
1009 986 149 86 volunt
1113 986 104 86 quo
1173 986 149 86 amant:
1278 986 104 86 hoc
1337 986 104 86 est
1397 986 90 86 si
1442 986 134 86 ament
1531 986 90 86 se
1576 986 164 86 propter
1695 986 134 86 bonum
1785 986 179 86 honestum
1919 986 149 86 volunt
2024 986 119 86 sibi
2083 986 60 86 bo

437 1036 98 86 num
493 1036 181 86 honestum:
632 1036 84 86 si
674 1036 153 86 propter
786 1036 126 86 bonum
869 1036 139 86 vtile,
967 1036 209 86 sibiinuicem
1135 1036 139 86 volunt
1232 1036 139 86 vtile:
1330 1036 70 86 &
1358 1036 98 86 ita
1414 1036 84 86 de
1455 1036 112 86 bono
1525 1036 223 86 delectabili.
1706 1036 98 86 Qui
1762 1036 139 86 igitur
1860 1036 84 86 ob
1902 1036 195 86 vtilitatem
2041 1036 70 86 &c.

438 1078 70 98 ⁋
466 1078 112 98 Haec
536 1078 98 98 est
592 1078 154 98 secunda
704 1078 182 98 conclusio
844 1078 126 98 huius
928 1078 154 98 capitis
1040 1078 84 98 in
1082 1078 98 98 qua
1138 1078 168 98 habetur,
1264 1078 112 98 quod
1333 1078 182 98 amicitiae
1473 1078 84 98 ob
1515 1078 196 98 vtilitatem
1669 1078 126 98 atque
1753 1078 196 98 voluptatem
1907 1078 98 98 non
1963 1078 98 98 per
2019 1078 84 98 se
2061 1078 98 98 sed

438 1137 105 79 per
498 1137 181 79 accidens
634 1137 121 79 sunt
709 1137 211 79 amicitiae.
875 1137 121 79 Quae
950 1137 196 79 conclusio
1101 1137 105 79 sic
1161 1137 196 79 probatur.
1312 1137 136 79 Omnis
1402 1137 181 79 amicitia
1538 1137 105 79 qua
1598 1137 151 79 amatur
1703 1137 121 79 quis
1779 1137 105 79 non
1839 1137 166 79 propter
1959 1137 166 79 seipsum
2065 1137 75 79 ab¬-

440 1179 156 88 solute,
554 1179 100 88 sed
610 1179 156 88 propter
724 1179 171 88 alterum,
852 1179 100 88 est
909 1179 171 88 amicitia
1037 1179 100 88 per
1094 1179 185 88 accidens:
1236 1179 100 88 sed
1293 1179 100 88 tam
1350 1179 171 88 amicitia
1478 1179 156 88 propter
1592 1179 128 88 vtile
1678 1179 114 88 quam
1749 1179 171 88 amicitia
1877 1179 85 88 ob
1919 1179 213 88 delectabile
2076 1179 71 88 est

427 1221 237 89 huiusmodi:
614 1221 186 89 igitur.
749 1221 153 89 Minor
851 1221 170 89 patet.
969 1221 136 89 Quia
1054 1221 119 89 qui
1122 1221 136 89 amat
1207 1221 186 89 propter
1342 1221 153 89 bonum
1444 1221 153 89 vtile
1546 1221 102 89 ob
1597 1221 136 89 suum
1681 1221 254 89 emolumentum
1885 1221 203 89 diligit,
2037 1221 85 89 &
2054 1221 85 89 non

435 1275 162 89 propter
553 1275 132 89 bonum
641 1275 191 89 alterius:
788 1275 103 89 sic
847 1275 103 89 qui
906 1275 132 89 alium
994 1275 162 89 diligit
1112 1275 162 89 propter
1229 1275 132 89 bonum
1318 1275 235 89 delectabile,
1509 1275 162 89 diligit
1626 1275 132 89 illum
1715 1275 118 89 quia
1788 1275 147 89 affert
1891 1275 118 89 sibi
1950 1275 191 89 oblectamen¬-

441 1322 128 86 tum,
521 1322 80 86 &
553 1322 112 86 non
616 1322 175 86 propter
744 1322 143 86 ipsum
840 1322 112 86 aut
903 1322 128 86 eius
983 1322 207 86 virtutem:
1143 1322 112 86 Non
1206 1322 128 86 enim
1286 1322 175 86 facetos
1414 1322 143 86 amant
1509 1322 128 86 quia
1589 1322 159 86 tales,
1701 1322 112 86 hoc
1764 1322 112 86 est
1828 1322 128 86 quia
1908 1322 159 86 habent
2003 1322 128 86 virtu¬-

429 1369 112 94 tem
493 1369 240 94 eutrapeliam
685 1369 112 94 sed
750 1369 128 94 quia
830 1369 144 94 ipsis
926 1369 192 94 afferunt
1070 1369 240 94 voluptatem.
1262 1369 112 94 Qui
1327 1369 128 94 amat
1407 1369 176 94 aliquem
1535 1369 128 94 quia
1615 1369 144 94 talis
1711 1369 128 94 est,
1791 1369 272 94 putastudiosus
2016 1369 80 94 &
2032 1369 96 94 pro¬-

433 1407 119 96 bus:
507 1407 104 96 per
567 1407 89 96 se
612 1407 134 96 amat,
701 1407 104 96 non
760 1407 134 96 autem
849 1407 104 96 sic
909 1407 89 96 in
953 1407 134 96 aliis
1043 1407 149 96 duabus
1147 1407 193 96 speciebus
1295 1407 208 96 amicitiae.
1459 1407 178 96 Sequitur
1593 1407 89 96 in
1637 1407 164 96 litera.
1756 1407 134 96 Tales
1846 1407 134 96 autem
1935 1407 193 96 amicitiae
2069 1407 59 96 fa

435 1460 112 90 cile
505 1460 169 90 dissolui
632 1460 169 90 possunt,
758 1460 112 90 haec
828 1460 98 90 est
884 1460 140 90 tertia
983 1460 183 90 conclusio
1123 1460 126 90 huius
1207 1460 169 90 capitis,
1334 1460 112 90 quae
1404 1460 98 90 sic
1460 1460 183 90 probatur.
1600 1460 126 90 Illae
1685 1460 183 90 amicitiae
1825 1460 140 90 quarum
1923 1460 140 90 causae
2022 1460 98 90 non
2064 1460 70 90 diu

429 1507 219 86 permanent,
601 1507 109 86 sed
664 1507 94 86 de
711 1507 156 86 facili
820 1507 203 86 labuntur,
977 1507 125 86 cito
1055 1507 188 86 pereunt:
1196 1507 109 86 sed
1258 1507 156 86 causae
1368 1507 203 86 amicitiae
1524 1507 94 86 ob
1571 1507 141 86 vtile
1665 1507 78 86 &
1696 1507 235 86 delectabile
1884 1507 125 86 sunt
1946 1507 188 86 huiusmodi:

426 1553 171 88 igitur.
551 1553 248 88 Consequentia
752 1553 140 88 tenet
845 1553 109 88 cum
907 1553 171 88 minore.
1031 1553 140 88 Maior
1124 1553 140 88 etiam
1217 1553 233 88 elucidatur,
1403 1553 124 88 quia
1481 1553 186 88 cessante
1620 1553 140 88 causa
1713 1553 109 88 per
1775 1553 109 88 se,
1837 1553 78 88 a
1868 1553 109 88 qua
1930 1553 186 88 effectus
2054 1553 78 88 de¬-

420 1605 165 93 pendet,
540 1605 90 93 vt
585 1605 150 93 radius
690 1605 75 93 a
720 1605 195 93 luminoso,
870 1605 150 93 cessat
975 1605 195 93 effectus.
1125 1605 90 93 De
1170 1605 165 93 effectu
1289 1605 75 93 a
1319 1605 135 93 causa
1409 1605 210 93 dependente
1574 1605 90 93 in
1619 1605 120 93 esse
1694 1605 75 93 &
1724 1605 210 93 conseruari
1889 1605 165 93 loquor,
2009 1605 150 93 quemad

422 1650 160 93 modum
529 1650 124 93 est
600 1650 249 93 huiusmodi.
795 1650 160 93 Minor
902 1650 178 93 patet.
1026 1650 124 93 Non
1097 1650 142 93 enim
1186 1650 178 93 semper
1310 1650 124 93 est
1381 1650 142 93 idem
1470 1650 178 93 homini
1594 1650 178 93 vtile.
1719 1650 124 93 Dum
1790 1650 142 93 enim
1878 1650 142 93 homo
1967 1650 124 93 est
2020 1650 107 93 ino¬-

427 1692 112 104 pia
491 1692 192 104 pressus,
635 1692 192 104 locuples
779 1692 112 104 est
843 1692 96 104 ei
891 1692 176 104 admodum
1019 1692 176 104 vtilis:
1147 1692 80 104 &
1179 1692 112 104 dum
1243 1692 144 104 morbo
1340 1692 176 104 laborat
1468 1692 160 104 medius
1580 1692 112 104 est
1644 1692 96 104 ei
1692 1692 224 104 propitius:
1868 1692 80 104 &
1900 1692 112 104 dum
1964 1692 112 104 est
2012 1692 128 104 sospes

431 1747 164 87 medicus
550 1747 104 87 non
610 1747 104 87 est
669 1747 89 87 ei
714 1747 164 87 amplius
833 1747 164 87 vtilis.
952 1747 89 87 Et
997 1747 104 87 sic
1057 1747 89 87 de
1101 1747 238 87 delectabili:
1295 1747 119 87 quia
1369 1747 104 87 vno
1429 1747 164 87 tempore
1548 1747 164 87 aliquid
1667 1747 104 87 est
1727 1747 238 87 delectabile,
1920 1747 119 87 quod
1995 1747 119 87 alio
2055 1747 74 87 tem

419 1784 134 97 pore
503 1784 167 97 minime
620 1784 218 97 delectat.
788 1784 134 97 Quia
871 1784 167 97 fallax
989 1784 84 97 &
1022 1784 151 97 fugax
1122 1784 117 97 est
1189 1784 218 97 voluptas.
1357 1784 167 97 Maxime
1474 1784 151 97 autem
1574 1784 117 97 &c.
1641 1784 117 97 Hic
1708 1784 184 97 ponitur
1842 1784 167 97 quarta
1943 1784 184 97 conclusio

430 1835 93 90 in
476 1835 108 90 qua
538 1835 186 90 loquitur
677 1835 93 90 de
724 1835 186 90 subiecto
863 1835 201 90 amicitiae
1018 1835 93 90 ob
1064 1835 155 90 vtile.
1173 1835 124 90 Quae
1250 1835 108 90 est
1312 1835 186 90 amicitia
1451 1835 93 90 ob
1498 1835 217 90 vtilitatem
1668 1835 155 90 maxime
1776 1835 170 90 videtur
1900 1835 124 90 esse
1978 1835 93 90 in
2009 1835 108 90 seni¬-

412 1878 133 94 bus:
496 1878 150 94 Senes
596 1878 133 94 enim
679 1878 100 94 ob
729 1878 200 94 corporis
879 1878 300 94 imbecillitatem
1129 1878 167 94 habent
1246 1878 200 94 insultus
1395 1878 300 94 perturbationum
1645 1878 217 94 mitigatos
1812 1878 83 94 a
1845 1878 183 94 natura:
1962 1878 150 94 quoniam

419 1923 175 101 frigidi
546 1923 79 101 &
578 1923 143 101 sicci
673 1923 127 101 sunt
753 1923 143 101 licet
848 1923 286 101 accidentaliter
1086 1923 206 101 videantur
1245 1923 159 101 humidi
1356 1923 95 101 ob
1404 1923 159 101 crudos
1515 1923 191 101 humores:
1658 1923 127 101 modo
1737 1923 159 101 talium
1848 1923 175 101 sanguis
1975 1923 111 101 est
2023 1923 95 101 dimi

430 1982 133 85 nutus
519 1982 104 85 qui
578 1982 104 85 eos
637 1982 178 85 iucundos
771 1982 178 85 fecerat:
904 1982 163 85 ideoque
1022 1982 104 85 non
1081 1982 178 85 quaerunt
1214 1982 222 85 delectabile
1392 1982 104 85 sed
1451 1982 148 85 vtile:
1555 1982 178 85 quatenus
1688 1982 133 85 eorum
1777 1982 163 85 naturae
1895 1982 207 85 collabenti
2043 1982 74 85 suc

422 2022 202 105 curratur,
578 2022 124 105 vnde
656 2022 124 105 sibi
733 2022 155 105 vtiles
842 2022 155 105 amicos
951 2022 171 105 putant.
1075 2022 93 105 Et
1122 2022 109 105 non
1184 2022 124 105 modo
1262 2022 109 105 hoc
1324 2022 93 105 in
1371 2022 171 105 senibus
1495 2022 124 105 fit,
1573 2022 109 105 sed
1635 2022 140 105 etiam
1728 2022 93 105 in
1775 2022 280 105 adolescentibus
2008 2022 78 105 &
2024 2022 93 105 qui¬-

416 2064 157 103 busdam
526 2064 157 103 viris:
637 2064 110 103 qui
700 2064 126 103 suae
778 2064 205 103 vtilitati
936 2064 189 103 student.
1077 2064 110 103 Non
1140 2064 189 103 loquitur
1282 2064 94 103 de
1329 2064 173 103 senibus
1455 2064 110 103 aut
1518 2064 205 103 iuuenibus
1675 2064 173 103 probis:
1801 2064 126 103 quia
1880 2064 110 103 sic
1927 2064 189 103 repugnaret

420 2114 185 103 dicendis
558 2114 201 103 inferius.
713 2114 185 103 Loquendo
852 2114 154 103 itaque
960 2114 93 103 de
1006 2114 170 103 senibus
1129 2114 77 103 &
1160 2114 201 103 iuuenibus
1315 2114 201 103 improbis.
1469 2114 139 103 dicit
1561 2114 139 103 tales
1654 2114 108 103 non
1716 2114 123 103 sunt
1793 2114 123 103 vere
1870 2114 154 103 amici,
1963 2114 154 103 nedquae¬-

415 2169 130 99 runt
496 2169 211 99 adinuicem
659 2169 228 99 conuiuere.
837 2169 98 99 Et
886 2169 179 99 quoniam
1016 2169 114 99 non
1081 2169 130 99 sunt
1163 2169 211 99 adinuicem
1325 2169 276 99 delectabiles,
1553 2169 146 99 neque
1650 2169 130 99 vnus
1732 2169 179 99 indiget
1862 2169 211 99 societate
2008 2169 114 99 alte¬-

413 2215 152 97 rius,
514 2215 135 97 nisi
599 2215 101 97 ob
649 2215 270 97 emolumentum,
868 2215 185 97 eousque
1003 2215 185 97 iocundi
1138 2215 135 97 sunt
1222 2215 202 97 quousque
1374 2215 135 97 boni
1458 2215 253 97 consequendi
1660 2215 135 97 spem
1744 2215 185 97 habent.
1879 2215 118 97 Hoc
1946 2215 118 97 est
1997 2215 118 97 eate¬-

418 2259 118 101 nus
486 2259 135 101 sunt
570 2259 286 101 delectabiles,
806 2259 202 101 quatenus
957 2259 135 101 spem
1042 2259 135 101 boni
1126 2259 169 101 habent
1244 2259 84 101 &
1278 2259 118 101 non
1345 2259 152 101 vltra
1446 2259 118 101 cum
1513 2259 118 101 his
1581 2259 286 101 hospitalitiam
1817 2259 219 101 amicitiam
1968 2259 152 101 ponunt.

411 2305 126 104 Hoc
483 2305 126 104 est
555 2305 234 104 peregrini
734 2305 234 104 seinuicem
914 2305 108 104 ob
968 2305 216 104 commodum
1130 2305 144 104 quod
1220 2305 162 104 mutuo
1327 2305 287 104 consequuntur
1561 2305 180 104 amant.
1687 2305 144 104 Puta
1777 2305 108 104 si
1831 2305 180 104 hospes
1938 2305 180 104 pecuniam

407 2355 152 93 fusius
513 2355 167 93 exponat
635 2355 91 93 ab
680 2355 167 93 hospita
802 2355 213 93 diligitur,
969 2355 76 93 &
999 2355 182 93 porrecta
1136 2355 152 93 fronte
1242 2355 122 93 illi
1318 2355 213 93 seruietur:
1485 2355 106 93 sin
1546 2355 152 93 parce,
1652 2355 182 93 caperata
1789 2355 152 93 fronte
1895 2355 122 93 illi
1971 2355 137 93 cibum
2047 2355 76 93 mi¬-

415 2406 208 82 nistrant
571 2406 87 82 &
605 2406 121 82 pro
675 2406 139 82 eius
761 2406 191 82 egressu
900 2406 156 82 anxie
1004 2406 277 82 laborabunti.
1230 2406 173 82 Quinta
1351 2406 243 82 conclusio.
1542 2406 191 82 luuenum
1680 2406 208 82 amicitia
1837 2406 173 82 maxime
1958 2406 104 82 ob
1993 2406 121 82 volu¬-

413 2452 159 88 ptatem
524 2452 127 88 fit.
604 2452 175 88 luuenes
731 2452 127 88 enim
811 2452 286 88 lasciuiusculi,
1049 2452 207 88 calidique
1208 2452 159 88 suapte
1320 2452 159 88 natura
1431 2452 111 88 cum
1495 2452 175 88 affectu
1622 2452 175 88 viuunt,
1749 2452 80 88 &
1781 2452 95 88 id
1829 2452 159 88 maxime
1924 2452 175 88 sequuntur

405 2504 136 81 quod
490 2504 153 81 ipsis
592 2504 204 81 iucundum
745 2504 136 81 est:
830 2504 153 81 atque
932 2504 204 81 praesens
1085 2504 238 81 incommodum
1272 2504 170 81 nondum
1391 2504 136 81 sunt
1476 2504 204 81 experti:
1629 2504 102 81 de
1680 2504 187 81 futuris
1816 2504 153 81 autem
1918 2504 153 81 parum
2003 2504 102 81 pro¬-

415 2548 205 85 spiciunt.
573 2548 126 85 Haec
652 2548 189 85 amicitia
794 2548 110 85 est
857 2548 221 85 momentanea
1030 2548 142 85 atque
1125 2548 252 85 transitoria.
1330 2548 205 85 Probatio:
1488 2548 174 85 mutatur
1614 2548 142 85 aetas
1709 2548 126 85 quia
1788 2548 126 85 sunt
1866 2548 189 85 labentis
1993 2548 110 85 aeui:

413 2590 82 93 &
445 2590 131 93 tunc
528 2590 181 93 materia
659 2590 263 93 iucunditatis
873 2590 99 93 in
922 2590 115 93 eis
988 2590 197 93 mutatur,
1136 2590 197 93 secundum
1283 2590 148 93 illud
1382 2590 197 93 Apostoli
1530 2590 164 93 primae
1645 2590 99 93 ad
1694 2590 197 93 Corinht.
1842 2590 148 93 xiii.
1941 2590 115 93 Cum
1990 2590 115 93 essem

412 2641 208 99 paruulus,
572 2641 192 99 sapiebam
716 2641 96 99 vt
764 2641 208 99 paruulus:
924 2641 112 99 cum
988 2641 144 99 autem
1084 2641 160 99 factus
1196 2641 112 99 sum
1260 2641 128 99 vir,
1339 2641 192 99 euacuaui
1483 2641 128 99 quae
1563 2641 128 99 sunt
1643 2641 192 99 paruuli.
1787 2641 128 99 Tunc
1867 2641 144 99 pila,
1947 2641 160 99 throcus,

414 2691 166 98 arcus,
531 2691 216 98 equitatio
697 2691 150 98 super
797 2691 249 98 harundinem,
996 2691 249 98 crepitacula
1195 2691 83 98 &
1228 2691 183 98 caetera
1361 2691 100 98 id
1411 2691 150 98 genus
1511 2691 100 98 in
1561 2691 166 98 quibus
1677 2691 282 98 oblectamentum
1910 2691 150 98 mutuo
1993 2691 116 98 cepe¬-

414 2731 127 109 runt
494 2731 159 109 perit.
605 2731 95 109 Et
653 2731 143 109 sicut
748 2731 175 109 iuuenum
875 2731 127 109 caro
955 2731 207 109 alteratur
1113 2731 238 109 incremento,
1304 2731 111 109 sic
1368 2731 143 109 eorum
1463 2731 127 109 mens
1543 2731 111 109 est
1606 2731 238 109 instabilis.
1797 2731 127 109 Nunc
1876 2731 127 109 sunt
1956 2731 143 109 inter
2035 2731 64 109 se

409 2788 141 92 amici
503 2788 78 92 &
535 2788 219 92 colludunt:
707 2788 78 92 &
738 2788 188 92 protinus
879 2788 188 92 inimici,
1020 2788 78 92 &
1051 2788 156 92 tursus
1160 2788 94 92 in
1207 2788 141 92 eodem
1301 2788 110 92 die
1364 2788 156 92 amici.
1473 2788 141 92 Talis
1567 2788 125 92 ergo
1645 2788 219 92 voluptatis
1817 2788 172 92 celeris
1943 2788 110 92 fit
1989 2788 110 92 muta¬-

407 2832 130 99 tio:
488 2832 147 99 proni
586 2832 130 99 enim
668 2832 130 99 sunt
749 2832 179 99 iuuenes
879 2832 98 99 ad
928 2832 179 99 amores.
1059 2832 196 99 Plurimum
1205 2832 130 99 enim
1287 2832 196 99 amatoria
1434 2832 196 99 amicitia
1580 2832 277 99 perturbatione
1809 2832 130 99 fit.
1890 2832 114 99 hoc
1955 2832 114 99 est
2004 2832 98 99 pas¬-

404 2871 143 106 sione
499 2871 190 106 iuuenili
642 2871 143 106 atque
737 2871 95 106 ob
785 2871 222 106 voluptatem
959 2871 158 106 amant.
1070 2871 158 106 Volunt
1181 2871 127 106 enim
1260 2871 143 106 totos
1355 2871 127 106 dies
1434 2871 174 106 versari
1561 2871 111 106 vna
1625 2871 190 106 simulque
1767 2871 174 106 viuere:
1894 2871 111 106 sic
1957 2871 127 106 enim
2021 2871 79 106 fit

396 2920 139 95 ipsis
488 2920 124 95 quod
565 2920 108 95 per
627 2920 201 95 amicitiam
782 2920 124 95 suam
859 2920 216 95 affectant:
1029 2920 108 95 hoc
1091 2920 108 95 est
1153 2920 108 95 sic
1214 2920 201 95 voluptate
1369 2920 185 95 fruuntur
1508 2920 124 95 quam
1585 2920 108 95 per
1647 2920 201 95 amicitiam
1801 2920 201 95 quaerunt.
1956 2920 93 95 In
1987 2920 108 95 effe¬-

402 2968 104 96 ctu
462 2968 104 96 sic
521 2968 163 96 ducitur
640 2968 148 96 ratio.
744 2968 134 96 Cuius
833 2968 134 96 causa
922 2968 148 96 facile
1026 2968 178 96 labitur,
1159 2968 148 96 illius
1263 2968 178 96 effectus
1397 2968 119 96 cito
1471 2968 208 96 euanescit:
1635 2968 104 96 sed
1694 2968 134 96 causa
1783 2968 148 96 amoris
1887 2968 193 96 iuuenilis
2021 2968 74 96 mox

394 3016 221 101 euanescit:
568 3016 174 101 igitur.
694 3016 95 101 Et
741 3016 126 101 idem
820 3016 110 101 est
883 3016 95 101 de
931 3016 142 101 amore
1026 3016 110 101 qui
1089 3016 110 101 fit
1152 3016 142 101 inter
1246 3016 189 101 personas
1389 3016 221 101 impudicas,
1562 3016 189 101 loquendo
1704 3016 95 101 de
1752 3016 174 101 actibus
1878 3016 221 101 voluptatis
2036 3016 47 101 &

388 3065 289 91 sensualitatis,
629 3065 193 91 deductis
774 3065 145 91 aliis
870 3065 225 91 spurcitiis
1047 3065 129 91 quae
1127 3065 145 91 inter
1224 3065 145 91 tales
1320 3065 193 91 personas
1465 3065 241 91 contingunt.
1658 3065 177 91 Bonorum
1787 3065 145 91 autem
1883 3065 193 91 amicitia
2012 3065 80 91 qui

389 3110 126 99 sunt
468 3110 142 99 macti
563 3110 189 99 virtute.
705 3110 126 99 Haec
783 3110 110 99 est
846 3110 142 99 sexta
941 3110 142 99 huius
1036 3110 173 99 capitis
1162 3110 205 99 conclusio
1319 3110 126 99 quae
1398 3110 158 99 dicit.
1509 3110 189 99 Amicitia
1651 3110 236 99 studiosorum
1840 3110 79 99 &
1871 3110 173 99 virtute
1982 3110 110 99 simi¬-

401 3155 131 102 lium,
489 3155 175 102 perfecta
620 3155 102 102 est
678 3155 190 102 amicitia.
824 3155 87 102 Et
868 3155 102 102 sex
926 3155 219 102 conditiones
1101 3155 117 102 quae
1174 3155 117 102 tali
1247 3155 190 102 amicitiae
1393 3155 190 102 inhaerent
1539 3155 160 102 tangit.
1656 3155 131 102 Prima
1743 3155 102 102 est
1801 3155 117 102 quod
1874 3155 131 102 talis
1947 3155 146 102 amicitia

390 3210 99 87 est
446 3210 99 87 per
503 3210 85 87 se
546 3210 184 87 amicitia.
687 3210 156 87 Secunda
800 3210 113 87 quod
871 3210 127 87 talis
956 3210 170 87 amicitia
1084 3210 99 87 est
1140 3210 142 87 maxime
1239 3210 184 87 amicitia.
1381 3210 142 87 Tertia
1480 3210 113 87 quod
1551 3210 99 87 est
1608 3210 212 87 permansiua.
1777 3210 142 87 Quarta
1877 3210 113 87 quod
1947 3210 127 87 talis
2018 3210 71 87 ami

394 3256 140 91 citia
488 3256 93 91 in
535 3256 156 91 genere
644 3256 202 91 amicitiae
799 3256 109 91 est
862 3256 202 91 perfecta.
1017 3256 156 91 Quinta
1126 3256 125 91 quod
1204 3256 140 91 talis
1298 3256 187 91 amicitia
1438 3256 109 91 est
1500 3256 171 91 optima.
1625 3256 140 91 Sexta
1718 3256 187 91 conditio
1858 3256 125 91 quod
1921 3256 171 91 huiusmodi
