2323 3608
416 266 135 86 bile
501 266 84 86 &
534 266 169 86 vtile:
653 266 118 86 vel
720 266 186 86 propter
855 266 118 86 duo
923 266 186 86 istorum
1058 266 203 86 bonorum:
1210 266 84 86 &
1244 266 203 86 Socrates
1396 266 101 86 me
1446 266 101 86 ob
1497 266 135 86 tria
1582 266 135 86 ista
1666 266 118 86 aut
1734 266 118 86 duo
1801 266 101 86 me
1852 266 169 86 amabit
1953 266 169 86 recipro¬-

431 348 115 45 ce,
496 348 82 45 &
529 348 132 45 isti
612 348 165 45 amores
727 348 115 45 non
793 348 198 45 fugient:
941 348 132 45 ergo
1023 348 181 45 dabilia
1155 348 132 45 sunt
1237 348 148 45 plura
1336 348 165 45 membra
1451 348 132 45 quam
1533 348 198 45 quatuor.
1682 348 181 45 Insuper
1813 348 165 45 possum
1928 348 165 45 licite
2027 348 99 45 ama¬-

427 381 86 66 re
470 381 172 66 Socratem
599 381 100 66 qui
656 381 115 66 mihi
728 381 201 66 voluptatem
886 381 172 66 honestam
1015 381 100 66 aut
1072 381 144 66 lucrum
1173 381 158 66 affert,
1288 381 72 66 &
1316 381 100 66 non
1374 381 144 66 gratia
1474 381 144 66 ipsius
1575 381 187 66 Socratis.
1718 381 158 66 Licitum
1833 381 100 66 est
1890 381 115 66 enim
1962 381 115 66 mihi
2020 381 100 66 cape¬-

421 431 182 65 pecuniam,
561 431 70 65 &
589 431 154 65 licitum
701 431 98 65 est
758 431 112 65 huic
828 431 112 65 mihi
898 431 168 65 pecuniam
1024 431 126 65 dare:
1108 431 126 65 quare
1192 431 98 65 ego
1248 431 98 65 non
1305 431 140 65 possum
1403 431 126 65 illud
1487 431 140 65 licite
1585 431 126 65 velle
1669 431 154 65 gratiam
1781 431 98 65 eis
1838 431 112 65 ergo
1908 431 112 65 erit
1964 431 154 65 amicitia.

426 475 92 67 ⁋
462 475 184 67 Tertio
591 475 184 67 possum
720 475 166 67 amare
830 475 221 67 Socratem
996 475 184 67 gratia
1124 475 184 67 ipsius
1253 475 202 67 ponendo
1400 475 166 67 omnia
1511 475 239 67 requisita
1695 475 110 67 ad
1750 475 257 67 amicitiam,
1952 475 92 67 &
1989 475 129 67 cum
2044 475 92 67 hoc

435 534 119 53 eum
503 534 152 53 amare
604 534 102 53 vt
655 534 119 53 det
723 534 136 53 mihi
808 534 169 53 vtile.
926 534 220 53 Respondeo
1096 534 102 53 ad
1147 534 169 53 primum
1265 534 237 53 concedendo
1451 534 136 53 quod
1536 534 136 53 dari
1621 534 186 53 possunt
1756 534 152 53 plura
1858 534 169 53 membra
1977 534 136 53 ista
2044 534 85 53 co¬-

433 571 206 60 pulando,
587 571 86 60 &
622 571 120 60 sic
690 571 154 60 plura
793 571 154 60 erunt
896 571 189 60 obiecta
1033 571 223 60 amabilia.
1205 571 206 60 Secundum
1359 571 240 60 argumentum
1548 571 120 60 non
1616 571 172 60 mouet:
1736 571 189 60 concedo
1874 571 137 60 enim
1959 571 137 60 quod
2028 571 103 60 pos¬-

428 617 117 59 sum
495 617 168 59 licite
613 617 151 59 amare
713 617 201 59 Socratem
864 617 101 59 ob
914 617 151 59 bonum
1015 617 134 59 meum
1098 617 151 59 vtile
1199 617 117 59 aut
1266 617 268 59 delectabile:
1484 617 117 59 sed
1551 617 151 59 talis
1651 617 134 59 amor
1735 617 101 59 ad
1785 617 218 59 perfectam
1936 617 184 59 amicitiam

426 665 111 60 non
490 665 207 60 sufficit.
649 665 111 60 Est
712 665 127 60 enim
792 665 127 60 amor
871 665 302 60 concupiscentiae
1126 665 80 60 &
1158 665 111 60 non
1205 665 191 60 amicitiae.

428 706 82 69 ⁋
460 706 98 69 Ad
509 706 180 69 tertium
640 706 180 69 dicitur
771 706 131 69 quod
852 706 147 69 talis
950 706 114 69 est
1016 706 163 69 amicus
1130 706 98 69 ob
1179 706 147 69 bonum
1277 706 196 69 honestum
1424 706 82 69 &
1456 706 147 69 bonum
1554 706 147 69 vtile
1652 706 163 69 simul,
1767 706 196 69 respectu
1914 706 180 69 eiusdem
2028 706 98 69 ami¬-

424 760 98 50 ci,
480 760 98 50 sed
536 760 168 50 respectu
661 760 196 50 diuersorum
815 760 154 50 actuum:
927 760 70 50 &
955 760 140 50 potest
1053 760 126 50 etiam
1136 760 84 50 id
1178 760 126 50 fieri
1262 760 168 50 respectu
1388 760 154 50 eiusdem
1499 760 126 50 actus
1583 760 140 50 posito
1681 760 112 50 quod
1751 760 168 50 vtrumque
1877 760 126 50 eodem
1960 760 112 50 actu
2016 760 112 50 velit.

425 806 100 65 sed
482 806 114 65 ille
553 806 100 65 est
610 806 214 65 virtualiter
781 806 100 65 duo
838 806 142 65 actus.
938 806 157 65 Insuper
1052 806 100 65 ita
1109 806 142 65 gratus
1208 806 100 65 est
1265 806 128 65 verus
1351 806 142 65 amicus
1450 806 171 65 locuples
1579 806 128 65 sicut
1664 806 157 65 indigus
1778 806 114 65 quia
1849 806 128 65 inopi
1935 806 128 65 amico
2020 806 100 65 non
2063 806 57 65 ro

423 856 141 61 ganti
517 856 204 61 succurrit
674 856 188 61 alioqui,
815 856 110 61 non
878 856 110 61 est
940 856 141 61 verus
1034 856 172 61 amicus.
1160 856 78 61 ⁋
1191 856 204 61 Dubitatur
1348 856 188 61 vlterius
1489 856 94 61 an
1536 856 219 61 requiratur
1708 856 157 61 longum
1818 856 157 61 tempus
1927 856 94 61 ad
1959 856 172 61 amicitiam

430 906 290 56 cognoscendam.
669 906 256 56 Respondetur
873 906 273 56 affirmatiue.
1095 906 153 56 Patet
1197 906 239 56 autoritate
1385 906 239 56 philosophi
1572 906 85 56 &
1606 906 239 56 rationibus
1794 906 153 56 eius.
1896 906 102 56 In
1930 906 188 56 oppositum

423 951 136 63 tamen
513 951 211 63 argumentor
679 951 181 63 Socrates
815 951 106 63 est
876 951 121 63 mihi
951 951 151 63 amicus
1057 951 91 63 ob
1102 951 136 63 bonum
1193 951 196 63 honestum:
1343 951 106 63 ego
1404 951 121 63 illi
1479 951 136 63 sicut
1570 951 181 63 mihiipsi
1706 951 136 63 fidem
1796 951 181 63 adhibeo:
1932 951 151 63 amicus
2022 951 91 63 enim

428 997 102 52 est
487 997 131 52 alter
574 997 116 52 ego.
646 997 131 52 Plato
734 997 102 52 est
792 997 145 52 amicus
893 997 189 52 Socratis,
1039 997 131 52 inter
1126 997 116 52 quos
1198 997 102 52 est
1256 997 116 52 vera
1329 997 174 52 amicitia
1460 997 174 52 Socrates
1591 997 131 52 dicit
1678 997 174 52 Platonem
1808 997 189 52 illibatae
1954 997 145 52 vitae,
2041 997 87 52 tunc

419 1043 112 60 sic:
489 1043 84 60 si
531 1043 155 60 Socrati
644 1043 127 60 fidem
728 1043 169 60 adhibeo,
855 1043 155 60 necesse
967 1043 98 60 est
1023 1043 169 60 assertis
1150 1043 84 60 ab
1192 1043 112 60 illo
1262 1043 127 60 fidem
1347 1043 155 60 habere:
1459 1043 98 60 sed
1515 1043 112 60 ipse
1586 1043 127 60 dicit
1670 1043 169 60 Platonem
1797 1043 127 60 virum
1881 1043 155 60 probum:
1993 1043 112 60 ergo
2050 1043 70 60 mox

424 1098 146 52 possum
526 1098 131 52 ipsum
614 1098 87 52 in
658 1098 131 52 veram
745 1098 190 52 amicitiam
891 1098 190 52 assumere.
1037 1098 87 52 Si
1080 1098 131 52 dicas
1168 1098 117 52 eius
1241 1098 204 52 probitatem
1401 1098 146 52 nondum
1503 1098 175 52 expertus
1634 1098 117 52 sum,
1707 1098 102 52 hoc
1766 1098 102 52 non
1824 1098 160 52 soluit.
1940 1098 175 52 Expertus
2057 1098 73 52 sum

430 1137 170 52 Socratis
558 1137 241 52 integritatem,
756 1137 99 52 cui
813 1137 85 52 in
856 1137 156 52 omnibus
970 1137 142 52 credo:
1069 1137 114 52 ergo
1140 1137 85 52 ei
1183 1137 170 52 firmiter
1310 1137 170 52 assentio
1438 1137 170 52 Platonem
1566 1137 114 52 esse
1637 1137 128 52 talem
1722 1137 142 52 qualem
1822 1137 114 52 ipse
1893 1137 156 52 refert.
1992 1137 128 52 Secundo

427 1186 118 51 sic.
501 1186 147 51 Cicero
604 1186 103 51 est
663 1186 221 51 clarissimae
839 1186 132 51 famae
927 1186 118 51 apud
1001 1186 132 51 omnes
1089 1186 162 51 eiusque
1207 1186 162 51 bonitas
1325 1186 103 51 est
1383 1186 118 51 mihi
1457 1186 132 51 nota:
1545 1186 118 51 ideo
1619 1186 147 51 possum
1722 1186 132 51 illum
1810 1186 162 51 repente
1928 1186 88 51 in
1957 1186 162 51 amicitiam

428 1232 197 53 assumere.
580 1232 91 53 Si
625 1232 137 53 dicas
716 1232 121 53 quod
792 1232 137 53 adhuc
883 1232 182 53 dubitare
1020 1232 152 53 possum
1126 1232 91 53 an
1172 1232 106 53 sit
1232 1232 197 53 hypocrita
1384 1232 106 53 aut
1445 1232 167 53 occulte
1566 1232 152 53 malus.
1673 1232 152 53 Contra
1779 1232 91 53 si
1824 1232 137 53 talis
1915 1232 137 53 esset
2007 1232 91 53 ab
2037 1232 91 53 inti

422 1283 108 55 mis
483 1283 154 55 amicis
591 1283 277 55 cognosceretur.
822 1283 77 55 ⁋
853 1283 216 55 Respondens
1022 1283 92 55 ad
1069 1283 139 55 prius
1161 1283 154 55 limito
1269 1283 154 55 dictum
1377 1283 231 55 Aristotelis
1561 1283 185 55 secundum
1700 1283 216 55 exigentiam
1870 1283 169 55 prioris
1977 1283 139 55 argumem

427 1329 98 63 ti,
483 1329 70 63 &
511 1329 112 63 dico
581 1329 112 63 quod
652 1329 140 63 possum
750 1329 126 63 talem
834 1329 168 63 recipere
960 1329 140 63 statim
1058 1329 84 63 in
1101 1329 196 63 amicitiam,
1255 1329 70 63 &
1283 1329 98 63 mei
1339 1329 140 63 cordis
1437 1329 154 63 secreta
1550 1329 112 63 illi
1620 1329 196 63 reseruare:
1774 1329 211 63 experientia
1943 1329 112 63 enim
2013 1329 98 63 vel
2055 1329 70 63 per

418 1379 182 55 alterius
554 1379 212 55 indubitati
721 1379 242 55 experientiam
918 1379 182 55 Platonis
1054 1379 242 55 integritatem
1251 1379 227 55 deprehendo.
1432 1379 76 55 ⁋
1463 1379 91 55 In
1508 1379 167 55 secundo
1629 1379 121 55 casu
1705 1379 91 55 si
1750 1379 106 55 vis
1811 1379 106 55 cum
1872 1379 151 55 priore
1962 1379 167 55 coincide¬-

413 1423 91 59 re
458 1423 121 59 quod
534 1423 91 59 id
580 1423 182 59 cognosco
716 1423 106 59 per
777 1423 137 59 veros
868 1423 152 59 amicos
974 1423 121 59 illi
1050 1423 152 59 famato
1157 1423 213 59 familiares
1324 1423 76 59 &
1354 1423 106 59 cum
1415 1423 91 59 eo
1460 1423 182 59 plurimum
1597 1423 258 59 conversantes:
1809 1423 76 59 &
1840 1423 121 59 tunc
1916 1423 106 59 est
1976 1423 137 59 prius
2052 1423 76 59 ar¬-

419 1467 196 61 gumentum.
570 1467 226 61 Velloqueris
751 1467 91 61 de
796 1467 121 61 bene
872 1467 151 61 famato
977 1467 106 61 per
1038 1467 151 61 vulgus
1143 1467 181 61 incertum
1279 1467 91 61 de
1324 1467 106 61 quo
1385 1467 106 61 non
1445 1467 106 61 est
1505 1467 181 61 suspitio
1641 1467 136 61 mali:
1732 1467 121 61 dico
1807 1467 121 61 quod
1883 1467 136 61 talem
1973 1467 91 61 in
2003 1467 121 61 amici¬-

421 1518 125 61 tiam
499 1518 156 61 capiam
608 1518 140 61 multo
702 1518 187 61 celerius
842 1518 125 61 quam
920 1518 140 61 alium
1014 1518 109 61 non
1076 1518 109 61 sic
1138 1518 187 61 famatum:
1279 1518 109 61 sed
1341 1518 125 61 illa
1419 1518 125 61 fama
1497 1518 125 61 nuda
1575 1518 109 61 non
1637 1518 187 61 sufficit
1777 1518 94 61 ad
1824 1518 140 61 veram
1917 1518 203 61 amicitiam
2058 1518 62 61 ha

424 1563 173 55 bendam.
550 1563 126 55 Ecce
628 1563 126 55 tres
707 1563 204 55 amicitiae
864 1563 173 55 species
989 1563 157 55 quarum
1099 1563 110 55 due
1162 1563 126 55 sunt
1240 1563 188 55 labiles,
1381 1563 157 55 sluxae
1491 1563 141 55 atque
1585 1563 235 55 momentaneae
1774 1563 78 55 a
1805 1563 204 55 futilibus
1946 1563 173 55 dependen¬-

424 1615 105 55 tes
484 1615 195 55 fontibus.
634 1615 105 55 Hic
694 1615 105 55 est
755 1615 135 55 solum
845 1615 195 55 amicitiae
995 1615 150 55 vmbra,
1100 1615 135 55 atque
1190 1615 150 55 fictum
1296 1615 195 55 amicitiae
1446 1615 225 55 simulacrum,
1626 1615 90 55 si
1671 1615 120 55 vnus
1746 1615 90 55 in
1791 1615 195 55 reciproca
1942 1615 165 55 datione
2047 1615 75 55 al¬-

420 1660 122 59 teri
496 1660 107 59 non
557 1660 228 59 respondeat:
740 1660 137 59 alius
831 1660 198 59 queritur.
983 1660 137 59 Macti
1074 1660 167 59 virtute
1196 1660 198 59 amicitiae
1349 1660 122 59 nexu
1425 1660 183 59 copulati
1562 1660 122 59 sunt
1638 1660 198 59 perpetui.
1790 1660 167 59 Nullius
1912 1660 122 59 loci
1973 1660 152 59 interca¬-

415 1706 133 61 pedo,
504 1706 133 61 nulla
592 1706 177 61 temporis
725 1706 221 61 malignitas,
902 1706 103 61 nec
961 1706 177 61 ventorum
1094 1706 177 61 reflatio
1226 1706 133 61 illud
1315 1706 251 61 indissolubile
1521 1706 177 61 vinculum
1654 1706 206 61 dissoluit:
1816 1706 192 61 stantibus
1949 1706 177 61 virtutibus

414 1752 91 59 in
459 1752 197 59 extremis,
611 1752 136 59 nexus
702 1752 91 59 in
747 1752 106 59 eis
808 1752 212 59 persistit.
974 1752 121 59 Haec
1050 1752 182 59 amicitia
1186 1752 212 59 altissimis
1353 1752 151 59 infixa
1459 1752 197 59 radicibus
1610 1752 136 59 nulla
1701 1752 91 59 vi
1746 1752 182 59 dimoueri
1883 1752 106 59 aut
1943 1752 167 59 diuelli
2049 1752 76 59 po¬-

419 1800 139 55 test:
511 1800 262 55 susurrantibus
727 1800 77 55 &
757 1800 200 55 dissidium
912 1800 139 55 inter
1004 1800 108 55 eos
1066 1800 154 55 temere
1173 1800 231 55 molientibus
1358 1800 231 55 haudquaquam
1543 1800 185 55 credunt.
1682 1800 185 55 Opposito
1820 1800 123 55 dato
1897 1800 108 55 non
1959 1800 154 55 essent
2051 1800 62 55 ma

411 1851 103 58 cti
470 1851 176 58 virtute.
602 1851 176 58 Probitas
734 1851 132 58 inter
822 1851 103 58 eos
881 1851 264 58 necessitudinem
1101 1851 235 58 conciliauit:
1292 1851 103 58 qua
1351 1851 147 58 stante
1454 1851 132 58 nexus
1542 1851 103 58 est
1600 1851 279 58 indissolubilis.
1835 1851 103 58 Non
1894 1851 191 58 continget
2026 1851 103 58 inter

408 1902 117 52 eos,
481 1902 117 52 quod
554 1902 190 52 quibusdam
700 1902 219 52 conciliatis
876 1902 102 52 cum
934 1902 204 52 Alcibiade.
1095 1902 117 52 Fuit
1168 1902 117 52 enim
1241 1902 204 52 Alcibiades
1401 1902 161 52 astutus
1518 1902 161 52 artifex
1635 1902 219 52 amicitiarum
1810 1902 277 52 conciliandarum,
2029 1902 88 52 elo¬-

418 1941 180 63 quentiae
553 1941 150 63 clypeo
658 1941 105 63 sua
717 1941 135 63 vitia
807 1941 165 63 celans.
927 1941 90 63 At
972 1941 180 63 cognitis
1107 1941 120 63 eius
1182 1941 225 63 sceleribus,
1361 1941 150 63 amoris
1466 1941 180 63 vinculum
1601 1941 90 63 in
1646 1941 135 63 odium
1736 1941 270 63 conuertebatur.
1960 1941 120 63 Quis
2020 1941 90 63 etem

411 1989 206 53 scelerosum
573 1989 177 53 diligit:
706 1989 103 53 qui
765 1989 177 53 ignauiae
897 1989 236 53 socordiaeque
1088 1989 162 53 deditus
1206 1989 132 53 inter
1295 1989 206 53 oscitantes
1457 1989 147 53 degit.
1560 1989 74 53 A
1589 1989 132 53 nullo
1677 1989 132 53 probo
1766 1989 236 53 mediusfidius
1942 1989 177 53 diligetur.

411 2034 109 65 Non
474 2034 186 65 inficior
613 2034 233 65 theologorum
800 2034 124 65 more
877 2034 186 65 loquendo
1017 2034 155 65 illius
1126 2034 171 65 naturam
1250 2034 233 65 diligendam:
1436 2034 186 65 improbos
1576 2034 140 65 tamen
1669 2034 140 65 mores
1762 2034 248 65 insectandos.
1964 2034 93 65 Et
2010 2034 93 65 si
2041 2034 78 65 qui

412 2082 89 65 in
457 2082 162 65 ganeis,
575 2082 177 65 popinis,
708 2082 207 65 lustrisque
870 2082 177 65 interdiu
1003 2082 133 65 inter
1091 2082 133 65 lupas
1180 2082 162 65 viuant,
1298 2082 177 65 crapulam
1431 2082 207 65 exhalantes
1593 2082 74 65 &
1623 2082 133 65 vinum
1712 2082 207 65 euomentes,
1874 2082 74 65 &
1904 2082 133 65 noctu
1992 2082 89 65 in
2022 2082 103 65 tene¬-

413 2126 111 76 bris
483 2126 181 76 vagentur,
622 2126 153 76 aliorum
733 2126 139 76 vestes
831 2126 195 76 rapientes,
984 2126 125 76 inter
1067 2126 125 76 tales
1151 2126 139 76 nullum
1248 2126 97 76 est
1304 2126 125 76 verae
1387 2126 181 76 amicitiae
1527 2126 181 76 vinculum.
1666 2126 125 76 Tales
1749 2126 139 76 asotos
1847 2126 84 76 si
1888 2126 153 76 dubitas
1986 2126 139 76 perconta

406 2183 97 67 re
454 2183 81 67 &
486 2183 113 67 ita
551 2183 129 67 esse
631 2183 129 67 tibi
712 2183 145 67 plane
808 2183 258 67 respodebunt.
1018 2183 113 67 Sed
1082 2183 113 67 res
1147 2183 113 67 iam
1211 2183 193 67 postulat
1356 2183 97 67 vt
1404 2183 161 67 tandem
1517 2183 145 67 finem
1614 2183 129 67 huic
1694 2183 209 67 imponamus
1839 2183 145 67 capiti.

813 2259 225 72 Lib.
953 2259 253 72 VIII.
1122 2259 337 72 Tract.I.
1375 2259 225 72 Cap.
1487 2259 197 72 IIII.

695 2329 170 97 Avero
808 2329 151 97 quae
903 2329 113 97 ob
959 2329 283 97 voluptatem,
1186 2329 94 97 &
1223 2329 113 97 ea
1280 2329 151 97 quae
1374 2329 113 97 ob
1431 2329 264 97 vtilitatem
1638 2329 151 97 est,
1733 2329 321 97 similitudinem
1978 2329 132 97 huius

726 2394 203 84 habent.
873 2394 148 84 Boni
966 2394 185 84 nanque
1095 2394 92 84 &
1132 2394 222 84 iucundi,
1298 2394 92 84 &
1335 2394 185 84 vtiles
1464 2394 148 84 sibi
1557 2394 166 84 mutuo
1668 2394 166 84 sunt,
1778 2394 185 84 maxime
1908 2394 166 84 autem
2019 2394 92 84 &
2037 2394 74 84 ta

717 2448 125 69 les
788 2448 231 69 amicitiae
966 2448 231 69 permanent
1144 2448 125 69 cum
1215 2448 196 69 aequale
1358 2448 125 69 fit
1429 2448 107 69 ab
1482 2448 231 69 vtrisque,
1660 2448 107 69 vt
1714 2448 231 69 voluptas,
1891 2448 89 69 &
1927 2448 125 69 non
1980 2448 125 69 solum

726 2507 123 69 hoc
796 2507 140 69 modo
883 2507 123 69 sed
953 2507 158 69 etiam
1058 2507 105 69 ab
1111 2507 158 69 eodem
1216 2507 105 69 vt
1268 2507 158 69 inter
1373 2507 193 69 facetos
1513 2507 140 69 fit:
1601 2507 88 69 &
1636 2507 123 69 non
1706 2507 158 69 inter
1811 2507 210 69 amatorem
1968 2507 105 69 ac
2003 2507 105 69 ada¬-

723 2570 162 75 matum.
836 2570 97 75 Hi
885 2570 162 75 namque
998 2570 113 75 non
1062 2570 243 75 delectantur
1256 2570 178 75 eisdem:
1386 2570 113 75 sed
1450 2570 129 75 ille
1531 2570 162 75 quidem
1644 2570 178 75 aspectu
1774 2570 162 75 gaudet
1887 2570 194 75 adamati,
2016 2570 81 75 hic

706 2613 166 82 autem
816 2613 203 82 obsequo
964 2613 240 82 amatoris.
1149 2613 240 82 Desinente
1333 2613 148 82 vero
1426 2613 314 82 pulchritudine
1684 2613 222 82 amicitia
1850 2613 185 82 quoque
1961 2613 148 82 nonnun

403 2677 130 81 quam
484 2677 195 81 desinit.
631 2677 130 81 Illi
712 2677 163 81 nanque
826 2677 195 81 aspectus
973 2677 114 81 non
1038 2677 114 81 est
1103 2677 212 81 iucundus:
1266 2677 130 81 huic
1347 2677 147 81 autem
1445 2677 212 81 obsequium
1608 2677 114 81 non
1673 2677 244 81 praestatur.
1869 2677 195 81 Plerique
1999 2677 114 81 autem

404 2737 102 64 in
455 2737 203 64 amicitia
607 2737 237 64 permanent,
793 2737 102 64 si
844 2737 102 64 ex
895 2737 271 64 consuetudine
1115 2737 152 64 mores
1216 2737 254 64 dilexerint,
1419 2737 169 64 eosdem
1538 2737 152 64 mores
1639 2737 220 64 habentes:
1808 2737 118 64 sed
1876 2737 118 64 qui
1944 2737 118 64 non
2011 2737 102 64 ob
2045 2737 68 64 vo

401 2788 218 70 luptatem
564 2788 109 70 in
619 2788 218 70 amoribus
782 2788 127 70 sed
855 2788 109 70 ob
909 2788 254 70 vtilitatem
1109 2788 290 70 communicant:
1345 2788 109 70 ii
1399 2788 91 70 &
1435 2788 163 70 minus
1544 2788 145 70 sunt
1635 2788 182 70 amici,
1762 2788 91 70 &
1798 2788 163 70 minus
1889 2788 218 70 permanent.

412 2841 133 72 Qui
488 2841 152 72 vero
583 2841 152 72 sunt
677 2841 114 72 ob
734 2841 265 72 vtilitatem
942 2841 189 72 amici:
1075 2841 114 72 ii
1132 2841 170 72 simul
1246 2841 133 72 cum
1321 2841 246 72 vtilitate
1511 2841 322 72 dissoluuntur.
1776 2841 133 72 Non
1852 2841 152 72 enim
1946 2841 114 72 hi
1984 2841 114 72 sese

402 2905 189 62 mutuo,
534 2905 132 62 sed
610 2905 264 62 vtilitatem
817 2905 226 62 amabant.
987 2905 132 62 Fit
1062 2905 189 62 igitur
1194 2905 113 62 vt
1251 2905 94 62 &
1289 2905 170 62 praui
1402 2905 208 62 prauis,
1553 2905 94 62 &
1591 2905 151 62 boni
1685 2905 208 62 prauis,
1836 2905 94 62 &
1874 2905 189 62 neutri
1987 2905 113 62 qui¬-

400 2954 185 77 busuis
530 2954 167 77 amici
641 2954 148 77 sint
734 2954 111 77 ob
789 2954 259 77 voluptatem
993 2954 167 77 atque
1104 2954 278 77 vtilitatem:
1326 2954 130 77 sed
1400 2954 148 77 boni
1493 2954 148 77 sunt
1586 2954 204 77 propter
1734 2954 204 77 seipsos
1882 2954 185 77 amici.
1993 2954 111 77 Mali

402 3017 187 67 nanque
533 3017 205 67 seipsis
682 3017 131 67 non
757 3017 224 67 gaudent:
925 3017 149 67 nisi
1019 3017 224 67 vtilitas
1187 3017 243 67 proueniat
1374 3017 205 67 aliqua.
1523 3017 112 67 In
1579 3017 149 67 sola
1672 3017 168 67 etiam
1784 3017 205 67 bonorum
1915 3017 187 67 amicitia

391 3073 182 74 nullum
518 3073 219 74 calumnia
682 3073 164 74 locum
792 3073 182 74 habet.
919 3073 128 74 Non
992 3073 146 74 enim
1083 3073 182 74 facile
1210 3073 200 74 cuiquam
1356 3073 219 74 quisquam
1520 3073 109 74 de
1575 3073 109 74 eo
1629 3073 200 74 credere
1775 3073 200 74 potest,
1921 3073 146 74 quem
1994 3073 109 74 ipse

403 3125 219 67 diuturno
567 3125 201 67 tempore
713 3125 292 67 comprobauit.
950 3125 109 67 In
1004 3125 219 67 hisipsis
1168 3125 146 67 est,
1260 3125 91 67 &
1296 3125 146 67 sibi
1387 3125 164 67 mutuo
1496 3125 219 67 credere,
1661 3125 91 67 &
1697 3125 201 67 nunquam
1843 3125 219 67 iniuriam
1989 3125 109 67 face

403 3189 121 60 re:
472 3189 241 60 caeteraque
661 3189 155 60 omnia
764 3189 138 60 quae
851 3189 224 60 amicitiae
1023 3189 155 60 verae
1126 3189 224 60 censentur
1298 3189 189 60 inesse.
1436 3189 103 60 In
1488 3189 207 60 caeteris
1643 3189 155 60 autem
1746 3189 224 60 amicitiis
1919 3189 155 60 nihil
2005 3189 103 60 pro¬-

385 3231 176 92 hibet
503 3231 117 92 ea
561 3231 156 92 quae
659 3231 156 92 sunt
756 3231 176 92 hisce
873 3231 254 92 contraria
1069 3231 195 92 fieri.
1205 3231 137 92 Nam
1283 3231 312 92 quandoquidem
1537 3231 215 92 homines
1693 3231 137 92 eos
1771 3231 176 92 etiam
1888 3231 195 92 dicere
2005 3231 98 92 con
