2311 3600
181 294 293 88 vtilioremve,
418 294 146 88 quam
510 294 165 88 amare
620 294 219 88 oportet,
784 294 91 88 &
821 294 256 88 caeterorum
1022 294 274 88 vnumquemque
1241 294 256 88 similiter.
1442 294 128 88 Nam
1515 294 146 88 quum
1607 294 183 88 amatio
1735 294 128 88 sit
1790 294 91 88 pro

187 376 254 64 dignitate,
386 376 145 64 tunc
477 376 127 64 fit
549 376 181 64 aliquo
676 376 145 64 modo
767 376 272 64 aequalitas,
985 376 145 64 quod
1075 376 181 64 quidem
1202 376 236 64 amicitiae
1383 376 145 64 esse
1474 376 218 64 videtur.
1637 376 181 64 Equale
1746 376 127 64 autem

189 429 104 73 in
241 429 173 73 iustis
362 429 87 73 &
397 429 104 73 in
449 429 225 73 amicitia,
622 429 121 73 non
691 429 225 73 similiter
864 429 139 73 sese
951 429 173 73 habere
1072 429 208 73 videtur.
1228 429 121 73 Est
1297 429 139 73 enim
1384 429 173 73 iustis
1505 429 173 73 quidem
1626 429 208 73 aequale:
1765 429 104 73 pri¬-

189 486 109 73 mo
243 486 146 73 quod
335 486 128 73 est
408 486 128 73 pro
480 486 255 73 dignitate,
681 486 201 73 secundo
827 486 146 73 quod
918 486 128 73 est
991 486 109 73 in
1046 486 273 73 quantitate.
1264 486 109 73 In
1319 486 219 73 amicitia
1483 486 164 73 autem
1593 486 109 73 id
1647 486 182 73 quidem
1757 486 109 73 quod

186 543 127 60 est
259 543 109 60 in
313 543 254 60 quantitate
513 543 182 60 primo,
640 543 109 60 id
695 543 164 60 autem
804 543 145 60 quod
895 543 127 60 est
967 543 127 60 pro
1040 543 254 60 dignitate,
1240 543 218 60 secundo.
1404 543 200 60 Constat
1549 543 164 60 autem
1658 543 109 60 si
1713 543 109 60 in
1749 543 109 60 vir¬-

189 593 136 70 ture
274 593 119 70 vel
342 593 170 70 vitio,
461 593 119 70 vel
529 593 221 70 diuitiis,
699 593 119 70 vel
767 593 102 70 in
818 593 170 70 aliqua
937 593 136 70 alia
1022 593 102 70 re
1072 593 153 70 magna
1174 593 238 70 distantia,
1361 593 136 70 fiat
1446 593 119 70 non
1514 593 204 70 vlterius
1667 593 136 70 sunt
1735 593 136 70 amici:

193 652 132 65 nec
269 652 189 65 dignum
401 652 189 65 putant
534 652 114 65 se
590 652 151 65 esse
685 652 208 65 amicos.
836 652 189 65 Maxime
969 652 170 65 autem
1082 652 132 65 hoc
1158 652 132 65 est
1234 652 284 65 manifestum,
1461 652 114 65 in
1517 652 170 65 ipsis
1631 652 151 65 diis
1707 652 151 65 immor¬-

192 706 229 59 talibus,
364 706 114 59 hi
421 706 191 59 nanque
554 706 229 59 plurimum
726 706 172 59 bonis
840 706 210 59 omnibus
993 706 324 59 antecelluntr.
1260 706 210 59 Constat
1412 706 172 59 autem
1527 706 95 59 &
1565 706 114 59 in
1622 706 229 59 regibus.
1775 706 95 59 Nec

193 761 144 75 enim
283 761 126 75 his
355 761 108 75 se
409 761 144 75 esse
498 761 180 75 amicos
624 761 180 75 dignum
750 761 108 75 ii
804 761 198 75 putant,
948 761 126 75 qui
1020 761 144 75 sunt
1109 761 162 75 longe
1217 761 270 75 inferiores,
1433 761 126 75 nec
1505 761 144 75 item
1594 761 198 75 optimis
1720 761 144 75 viris,

186 819 123 77 aut
257 819 316 77 sapientissimis
520 819 105 77 ii
572 819 123 77 qui
643 819 193 77 nullius
783 819 140 77 sunt
871 819 193 77 precii.
1011 819 175 77 Exacta
1134 819 175 77 igitur
1257 819 105 77 in
1309 819 193 77 talibus
1450 819 123 77 non
1520 819 123 77 est
1590 819 246 77 definitio,
1766 819 105 77 quo¬-

204 874 153 71 usque
306 874 136 71 sint
391 874 170 71 amici,
511 874 170 71 multis
630 874 136 71 enim
715 874 187 71 ablatis
851 874 153 71 adhuc
953 874 204 71 amicitia
1107 874 170 71 manet,
1226 874 136 71 quod
1311 874 102 71 si
1362 874 153 71 nimis
1464 874 187 71 fuerint
1601 874 204 71 separati
1754 874 85 71 (
1788 874 102 71 vt
1822 874 51 71 a

192 933 163 57 deo)
294 933 143 57 non
375 933 265 57 permanet.
579 933 163 57 Vnde
681 933 102 57 &
722 933 265 57 dubitatur
926 933 184 57 vtrum
1048 933 184 57 amici
1171 933 204 57 velint
1313 933 204 57 amicis
1456 933 122 57 ea
1517 933 224 57 bonorum
1680 933 163 57 quae
1762 933 102 57 ma¬-

183 983 144 68 xima
273 983 162 68 sunt,
380 983 108 68 vt
434 983 144 68 deos
524 983 162 68 esse.
632 983 126 68 Non
703 983 144 68 enim
793 983 215 68 vlterius
955 983 162 68 erunt
1062 983 162 68 ipsis
1170 983 179 68 amici,
1296 983 162 68 quare
1403 983 126 68 nec
1475 983 162 68 bona,
1583 983 162 68 amici
1691 983 179 68 namque
1798 983 72 68 bo

191 1041 110 61 na
246 1041 147 61 sunt
337 1041 147 61 suis
429 1041 202 61 amicis.
576 1041 147 61 Quod
667 1041 110 61 si
722 1041 147 61 bene
814 1041 128 61 sit
887 1041 183 61 dictum
1016 1041 183 61 amicum
1144 1041 165 61 amico
1254 1041 147 61 bona
1346 1041 183 61 illius
1474 1041 183 61 gratia
1602 1041 183 61 velle,
1712 1041 147 61 manere

196 1100 202 79 oportet
343 1100 294 79 qualiscunque
581 1100 129 79 sit
655 1100 165 79 ille.
765 1100 184 79 Homini
894 1100 165 79 autem
1004 1100 165 79 volet
1114 1100 184 79 maxima
1243 1100 147 79 bona
1334 1100 202 79 inesse,
1481 1100 92 79 &
1518 1100 220 79 fortasse
1683 1100 129 79 non
1738 1100 129 79 omnia

199 1146 143 80 sibi
289 1146 143 80 enim
378 1146 143 80 ipsi
468 1146 179 80 maxime
593 1146 197 80 quisque
736 1146 143 80 vult
826 1146 143 80 ipsa
898 1146 125 80 bona.

299 1234 86 86 St
342 1234 128 86 autem
427 1234 71 86 &
456 1234 114 86 alia
527 1234 157 86 species
641 1234 200 86 amicitiae.
798 1234 114 86 Ecce
869 1234 171 86 secundum
998 1234 185 86 tractatum
1140 1234 128 86 huius
1226 1234 143 86 octaui
1326 1234 143 86 libri.
1426 1234 171 86 Superius
1554 1234 257 86 contemplabatur
1768 1234 86 86 in
1797 1234 71 86 sex

252 1298 215 55 Fcapitibus
421 1298 200 55 amicitiam
574 1298 138 55 inter
666 1298 154 55 pares,
774 1298 123 55 nunc
851 1298 138 55 autem
943 1298 200 55 amicitiam
1097 1298 138 55 inter
1189 1298 184 55 personas
1327 1298 215 55 inaequales
1496 1298 169 55 agitat,
1619 1298 154 55 sexque
1711 1298 169 55 capitibus

316 1354 98 53 hic
372 1354 181 53 tractatus
511 1354 126 53 secds
595 1354 195 53 absoluitur
749 1354 84 53 vt
791 1354 84 53 in
832 1354 154 53 literae
944 1354 167 53 processu
1070 1354 209 53 liquaescet.
1237 1354 98 53 Hoc
1293 1354 126 53 caput
1377 1354 181 53 trifariam
1516 1354 195 53 distrahit.
1670 1354 126 53 Primo
1753 1354 112 53 eius
1809 1354 70 53 in¬-

199 1397 176 62 tentionem
335 1397 149 62 aperit,
443 1397 176 62 monstrans
578 1397 122 62 alias
659 1397 108 62 esse
727 1397 176 62 amicitias
862 1397 149 62 praeter
970 1397 189 62 enumeratas
1119 1397 81 62 in
1159 1397 203 62 praecedenti
1322 1397 122 62 parte
1403 1397 122 62 huius
1484 1397 135 62 totius
1579 1397 189 62 voluminis,
1727 1397 81 62 in
1754 1397 122 62 secudna

202 1456 103 52 pte
261 1456 163 52 denudat
380 1456 148 52 quanam
483 1456 103 52 via
542 1456 133 52 istae
631 1456 192 52 amicitiae
779 1456 118 52 nunc
852 1456 251 52 pertractandae
1059 1456 207 52 conseruari
1222 1456 74 52 &
1251 1456 207 52 manuteneri
1414 1456 177 52 quaeant,
1547 1456 133 52 demum
1636 1456 163 52 quandam
1739 1456 133 52 dubita¬-

204 1493 137 56 tionem
300 1493 123 56 citat
382 1493 109 56 quam
451 1493 96 56 non
505 1493 137 56 multis
601 1493 137 56 eluit.
697 1493 82 56 An
738 1493 123 56 omnia
820 1493 137 56 igitur
916 1493 96 56 hoc
971 1493 123 56 pacto
1053 1493 109 56 ait.
1121 1493 96 56 Est
1176 1493 68 56 &
1203 1493 109 56 alia
1272 1493 178 56 amicitiae
1409 1493 151 56 species
1518 1493 109 56 quae
1587 1493 82 56 in
1628 1493 205 56 excellentia
1778 1493 96 56 consi

196 1540 122 60 stit,
278 1540 95 60 non
332 1540 108 60 quod
400 1540 162 60 vtrumque
521 1540 162 60 extremum
643 1540 95 60 sit
697 1540 190 60 excellens,
846 1540 95 60 set
900 1540 122 60 alter
982 1540 162 60 terminus
1103 1540 190 60 collatione
1252 1540 162 60 alterius
1374 1540 95 60 est
1428 1540 190 60 excellens,
1577 1540 81 60 vt
1618 1540 176 60 genitoris
1753 1540 81 60 ad
1780 1540 95 60 natum

199 1588 124 58 viri
276 1588 93 58 ad
322 1588 170 58 vxorem,
446 1588 201 58 principis
601 1588 93 58 ad
647 1588 93 58 ei
694 1588 201 58 subditos,
848 1588 124 58 siue
926 1588 108 58 sit
988 1588 186 58 priceps,
1127 1588 124 58 rex,
1204 1588 124 58 dux,
1282 1588 124 58 siue
1359 1588 124 58 alia
1436 1588 201 58 dignitate
1591 1588 170 58 eximius
1715 1588 124 58 haud
1777 1588 108 58 magno

198 1632 105 60 pere
263 1632 170 60 interest.
394 1632 65 60 ⁋
420 1632 78 60 Et
459 1632 157 60 sequitur
577 1632 78 60 in
616 1632 144 60 littea.
721 1632 118 60 Atque
800 1632 92 60 hae
852 1632 118 60 inter
930 1632 105 60 sese
996 1632 118 60 etiam
1074 1632 183 60 differunt.
1218 1632 92 60 Hoc
1270 1632 144 60 probat,
1375 1632 92 60 non
1427 1632 105 60 enim
1493 1632 92 60 est
1545 1632 118 60 eadem
1623 1632 157 60 amicitia
1728 1632 157 60 parentibus

204 1683 78 55 ad
243 1683 143 55 liberos
347 1683 65 55 &
373 1683 182 55 pricipibus
516 1683 78 55 ad
555 1683 169 55 subditos,
685 1683 117 55 illae
763 1683 104 55 enim
828 1683 169 55 amicitiae
958 1683 130 55 specie
1048 1683 182 55 differunt,
1191 1683 91 55 cum
1243 1683 104 55 alia
1308 1683 143 55 officia
1412 1683 143 55 habeant
1516 1683 234 55 quaecommuniter
1711 1683 91 55 per
1750 1683 117 55 obiecti

201 1728 221 55 respiciunt.
378 1728 162 55 insuper
496 1728 103 55 nec
555 1728 103 55 est
614 1728 133 55 eadem
703 1728 177 55 amicitia
836 1728 162 55 speciae
954 1728 118 55 pris
1027 1728 89 55 ad
1072 1728 162 55 liberos
1190 1728 74 55 &
1219 1728 192 55 liberorum
1367 1728 89 55 ad
1411 1728 162 55 patrem,
1529 1728 74 55 &
1558 1728 103 55 ita
1617 1728 89 55 de
1662 1728 133 55 aliis
1750 1728 89 55 an
1780 1728 103 55 enume

204 1778 139 52 ratis,
301 1778 125 52 cuius
385 1778 209 52 probationem
552 1778 111 52 prio
621 1778 83 52 in
663 1778 139 52 itetra
760 1778 125 52 ponit
844 1778 181 52 inquiens.
983 1778 153 52 Diuersa
1094 1778 111 52 enim
1164 1778 97 52 est
1219 1778 167 52 vniusque
1345 1778 125 52 horum
1428 1778 139 52 virtus
1525 1778 83 52 ac
1567 1778 125 52 opus.
1650 1778 139 52 Patris
1748 1778 97 52 est
1790 1778 83 52 libe

199 1825 102 50 ros
258 1825 88 50 in
302 1825 160 50 moribus
418 1825 73 50 &
447 1825 117 50 vita
520 1825 175 50 educari,
652 1825 175 50 filiorum
783 1825 175 50 parentes
914 1825 190 50 reuereri.
1060 1825 117 50 Ergo
1133 1825 160 50 diuersa
1250 1825 146 50 habent
1352 1825 175 50 officia.
1483 1825 102 50 Sic
1541 1825 102 50 est
1600 1825 88 50 de
1644 1825 175 50 officiis
1760 1825 117 50 dmorum

202 1861 120 55 quae
277 1861 120 55 sunt
352 1861 165 55 diuersa
472 1861 75 55 a
502 1861 180 55 famulis,
637 1861 120 55 vult
712 1861 165 55 dicere,
832 1861 150 55 quorum
937 1861 180 55 virtutes
1072 1861 75 55 &
1102 1861 135 55 opera
1192 1861 150 55 specie
1297 1861 240 55 secermintur,
1492 1861 165 55 illorum
1612 1861 195 55 amicitiae
1747 1861 135 55 speciae

196 1920 256 52 dispescuntur,
407 1920 90 52 at
452 1920 166 52 illorum
573 1920 106 52 qui
633 1920 121 52 sunt
708 1920 211 52 superiores
874 1920 226 52 excellentia
1055 1920 75 52 &
1085 1920 166 52 illorum
1206 1920 106 52 qui
1266 1920 121 52 sunt
1341 1920 226 52 inferiores,
1522 1920 136 52 opera
1613 1920 75 52 &
1643 1920 166 52 officia
1748 1920 121 52 specie

196 1963 281 54 distinguntur,
428 1963 182 54 proinde
560 1963 83 54 &
593 1963 231 54 amicitiae.
775 1963 198 54 Secundo,
924 1963 182 54 diuersa
1056 1963 149 54 etiam
1155 1963 132 54 sunt
1238 1963 83 54 &
1271 1963 99 54 ea
1320 1963 182 54 propter
1452 1963 132 54 quae
1535 1963 165 54 amant,
1651 1963 198 54 diuersae
1783 1963 99 54 igi¬-

207 2005 111 56 tur
271 2005 206 56 amationes
429 2005 79 56 &
461 2005 222 56 amicitiae.
635 2005 158 56 Tertio
746 2005 127 56 quia
825 2005 111 56 nec
888 2005 143 56 eadem
983 2005 174 56 vtrique
1110 2005 95 56 ab
1157 2005 158 56 altero
1268 2005 158 56 fiunt,
1379 2005 111 56 nec
1443 2005 143 56 fieri
1538 2005 206 56 quaerenda
1696 2005 143 56 sunt.
1775 2005 111 56 Inde¬-

204 2059 141 52 cens
292 2059 141 52 enim
380 2059 158 52 esset
486 2059 105 52 si
538 2059 158 52 talem
644 2059 264 52 reuerentiam
855 2059 193 52 dominus
995 2059 176 52 famulo
1118 2059 228 52 exhiberet
1294 2059 176 52 qualem
1417 2059 141 52 hero
1505 2059 176 52 seruus
1628 2059 211 52 exhibet.
1769 2059 105 52 Vult

194 2098 125 52 ergo
272 2098 156 52 dicere
382 2098 125 52 quod
460 2098 172 52 extrema
585 2098 219 52 excedentia
757 2098 94 52 in
803 2098 156 52 ordine
913 2098 94 52 ad
960 2098 109 52 sua
1022 2098 234 52 correlatiua
1209 2098 156 52 specie
1319 2098 219 52 differunt,
1491 2098 78 52 &
1522 2098 109 52 sic
1584 2098 94 52 de
1631 2098 187 52 excessis
1772 2098 94 52 ad
1803 2098 78 52 ex¬-

213 2147 210 54 cedentia,
374 2147 81 54 &
407 2147 97 54 de
455 2147 194 54 excessis
600 2147 145 54 inter
697 2147 113 54 se.
762 2147 81 54 ⁋
794 2147 210 54 Sequitur.
956 2147 113 54 Sed
1020 2147 113 54 cum
1085 2147 161 54 liberi
1198 2147 161 54 quidem
1311 2147 97 54 ea
1359 2147 226 54 parentibus
1537 2147 129 54 quae
1618 2147 226 54 parentibus
1779 2147 97 54 tri¬-

202 2191 155 58 buenda
310 2191 124 58 sunt
387 2191 201 58 tribuunt,
542 2191 186 58 parentes
682 2191 139 58 autem
774 2191 155 58 filiis
883 2191 124 58 quae
960 2191 155 58 filiis
1069 2191 155 58 tribui
1177 2191 170 58 debent,
1301 2191 186 58 stabilis
1440 2191 155 58 talium
1549 2191 77 58 &
1580 2191 124 58 bona
1657 2191 108 58 est
1704 2191 170 58 amicitia.

197 2239 118 56 Hic
265 2239 202 56 ostendit
416 2239 185 56 quomodo
551 2239 202 56 amicitia
702 2239 152 56 inter
803 2239 236 56 excedentem
989 2239 84 56 &
1022 2239 202 56 excessum
1174 2239 202 56 seruanda
1325 2239 135 56 est.
1410 2239 101 56 Et
1460 2239 152 56 dicit
1561 2239 135 56 quod
1645 2239 101 56 in
1696 2239 118 56 hoc
1746 2239 135 56 serua¬-

204 2281 104 55 tur
264 2281 119 55 quod
338 2281 178 55 amicorum
471 2281 163 55 vterque
590 2281 163 55 exhibet
709 2281 148 55 alteri
813 2281 119 55 quod
887 2281 104 55 est
947 2281 89 55 ei
991 2281 163 55 debitum
1110 2281 148 55 secudm
1214 2281 238 55 proportionem
1407 2281 223 55 dignitatis.
1585 2281 74 55 ⁋
1615 2281 193 55 Sequitur.
1748 2281 134 55 Oportet

206 2329 125 50 autem
289 2329 69 50 &
317 2329 194 50 amationem,
470 2329 97 50 hoc
525 2329 97 50 est
581 2329 83 50 in
622 2329 153 50 omnibus
733 2329 180 50 amicitiis
872 2329 111 50 quae
942 2329 83 50 in
983 2329 208 50 excellentia
1150 2329 194 50 consistunt
1302 2329 139 50 amatio
1399 2329 222 50 comparatione
1580 2329 167 50 rationum
1705 2329 125 50 fieri
1774 2329 111 50 debet.

205 2373 108 53 Nam
266 2373 278 53 praestabilior,
498 2373 139 53 magis
590 2373 154 53 diligi
698 2373 139 53 debet
790 2373 123 53 quam
867 2373 123 53 ipse
945 2373 200 53 diligere,
1099 2373 108 53 sic
1160 2373 200 53 vtiliorem
1315 2373 139 53 magis
1407 2373 139 53 amari
1500 2373 123 53 quam
1577 2373 154 53 amari,
1685 2373 77 53 &
1715 2373 108 53 ita
1777 2373 93 53 de
1808 2373 77 53 quo

205 2421 151 56 libet
306 2421 217 56 excedente
473 2421 100 56 ad
523 2421 217 56 excessum.
690 2421 117 56 Hoc
757 2421 100 56 in
807 2421 184 56 affectu
941 2421 117 56 sic
1008 2421 217 56 probatur.
1175 2421 151 56 Omnis
1276 2421 134 56 enim
1359 2421 201 56 amicitia
1510 2421 117 56 per
1577 2421 268 56 aequalitatem
1778 2421 100 56 con¬-

197 2471 219 54 seruatur,
365 2471 118 54 per
433 2471 118 54 hoc
500 2471 202 54 scilicet
651 2471 135 54 quod
735 2471 252 54 vnusquisque
937 2471 235 54 aequaliter
1122 2471 168 54 amatur
1240 2471 101 54 ab
1290 2471 185 54 altero,
1425 2471 84 54 &
1459 2471 118 54 hoc
1526 2471 202 54 secundum
1660 2471 219 54 quantitatem

210 2525 127 50 vel
282 2525 308 50 proportionem,
536 2525 254 50 aequalitas
735 2525 145 50 enim
826 2525 199 50 videtur
971 2525 181 50 maxime
1098 2525 236 50 amicitiae
1279 2525 217 50 amatiua.
1442 2525 109 50 In
1496 2525 236 50 amicitiis
1660 2525 217 50 personarum

202 2567 149 58 aeque
302 2567 149 58 alium
401 2567 199 58 amicitia
550 2567 249 58 conseruatur
749 2567 116 58 per
816 2567 265 58 aequalitatem
1031 2567 265 58 quantitatis.
1246 2567 99 58 Si
1296 2567 133 58 enim
1379 2567 215 58 Patroclus
1545 2567 83 58 &
1578 2567 199 58 Achilles
1727 2567 99 58 in
1760 2567 116 58 digni

206 2614 132 54 tate
288 2614 148 54 pares
387 2614 148 54 sint,
486 2614 148 54 eorum
585 2614 198 54 amicitia
733 2614 115 54 per
799 2614 115 54 hoc
865 2614 247 54 conseruatur
1062 2614 132 54 quod
1145 2614 132 54 vnus
1227 2614 148 54 bonum
1326 2614 247 54 delectabile
1524 2614 115 54 pro
1590 2614 181 54 aequali
1722 2614 132 54 bono
1788 2614 82 54 de¬-

201 2656 205 50 lectabili
359 2656 189 50 praebet,
501 2656 110 50 sed
564 2656 95 50 in
612 2656 205 50 amicitiis
769 2656 221 50 personarum
943 2656 237 50 inaequalium
1132 2656 237 50 conseruatur
1322 2656 189 50 amicitia
1464 2656 110 50 per
1527 2656 110 50 hoc
1590 2656 126 50 quod
1669 2656 174 50 vterque
1779 2656 95 50 amat

199 2702 211 54 reliquum
358 2702 211 54 secundum
516 2702 264 54 dignitatem,
727 2702 106 54 vt
780 2702 106 54 si
832 2702 176 54 Agamem
956 2702 123 54 non
1026 2702 123 54 sit
1096 2702 106 54 in
1149 2702 158 54 duplo
1255 2702 281 54 excellentior
1483 2702 193 54 vlysse,
1624 2702 141 54 tunc
1694 2702 176 54 seruatur

194 2753 243 56 aequalitas
385 2753 278 56 proportionis
611 2753 104 56 si
663 2753 191 56 vlysses
802 2753 104 56 in
854 2753 156 56 duplo
959 2753 139 56 plus
1046 2753 139 56 amet
1132 2753 278 56 Agamennonem,
1358 2753 104 56 vt
1411 2753 174 56 qualis
1532 2753 122 56 est
1602 2753 226 56 proportio
1758 2753 122 56 amati

214 2796 102 53 ad
265 2796 187 53 amatum,
401 2796 153 53 talis
503 2796 119 53 sit
570 2796 221 53 proportio
740 2796 221 53 amicitiae
910 2796 102 53 ad
961 2796 238 53 amicitiam.
1147 2796 153 53 Verum
1249 2796 102 53 ob
1300 2796 187 53 modicum
1436 2796 204 53 defectum
1589 2796 272 53 aequalitatis
1792 2796 85 53 si¬-

212 2843 108 60 ue
266 2843 215 60 secundum
427 2843 269 60 quantitatem
642 2843 143 60 siue
732 2843 215 60 secundum
893 2843 305 60 proportionem,
1144 2843 125 60 non
1216 2843 197 60 oportet
1359 2843 233 60 amicitiam
1521 2843 197 60 dissolui.

200 2888 83 65 ⁋
234 2888 200 65 Sequitur
383 2888 166 65 quarta
500 2888 233 65 conclusio.
683 2888 166 65 Aquale
799 2888 150 65 autem
899 2888 100 65 in
949 2888 166 65 iustis
1065 2888 83 65 &
1098 2888 100 65 in
1148 2888 200 65 amicitia
1298 2888 116 65 non
1364 2888 216 65 similiter
1531 2888 133 65 sese
1614 2888 166 65 habere
1714 2888 166 65 videtur,

201 2943 114 52 est
266 2943 131 52 enim
348 2943 163 52 iustis
462 2943 179 52 aequale
592 2943 147 52 primo
690 2943 131 52 quod
772 2943 114 52 est
837 2943 114 52 pro
902 2943 228 52 dignitate,
1082 2943 179 52 secundo
1212 2943 131 52 quod
1294 2943 114 52 est
1359 2943 98 52 in
1392 2943 212 52 quantitate.

214 2980 83 55 ⁋
248 2980 165 55 Contra
363 2980 149 55 autem
462 2980 99 55 in
512 2980 215 55 amicitia,
677 2980 116 55 hoc
743 2980 116 55 est
809 2980 99 55 in
858 2980 215 55 iustitia,
1023 2980 149 55 primo
1123 2980 264 55 consideranda
1337 2980 116 55 est
1403 2980 231 55 aequalitas
1585 2980 231 55 dignitatum
1750 2980 132 55 perso¬-

199 3029 167 53 narum,
316 3029 100 53 in
366 3029 167 53 quibus
483 3029 150 53 debet
584 3029 150 53 fieri
684 3029 217 53 iustitia.
851 3029 100 53 Et
901 3029 201 53 secundum
1052 3029 117 53 hoc
1118 3029 217 53 partienda
1285 3029 134 53 sunt
1369 3029 201 53 praemia.
1519 3029 150 53 Verbi
1620 3029 150 53 causa
1720 3029 100 53 si
1753 3029 134 53 Achil¬-

199 3077 113 57 les
263 3077 129 57 plus
344 3077 225 57 vtilitatis
521 3077 97 57 ac
569 3077 177 57 honoris
698 3077 97 57 in
746 3077 145 57 duplo
842 3077 209 57 Graecorum
1003 3077 193 57 phalangi
1148 3077 129 57 quam
1228 3077 177 57 vlysses
1357 3077 225 57 attulerit,
1534 3077 177 57 oportet
1663 3077 97 57 de
1711 3077 145 57 bonis
1791 3077 97 57 con¬-

200 3121 191 55 munibus
338 3121 208 55 duplicem
495 3121 225 55 portionem
668 3121 191 55 habeat.
807 3121 139 55 Vnde
893 3121 104 55 in
945 3121 208 55 iustitia
1102 3121 278 55 distributiua
1327 3121 104 55 de
1379 3121 121 55 qua
1448 3121 208 55 loquitur
1605 3121 260 55 philosophus
1795 3121 87 55 pri

209 3170 85 51 mo
251 3170 142 51 debent
351 3170 214 51 considerari
522 3170 128 51 opera
608 3170 100 51 seu
665 3170 185 51 proportio
807 3170 142 51 operum
907 3170 128 51 corum
992 3170 142 51 quibus
1092 3170 128 51 fieri
1178 3170 128 51 debet
1263 3170 228 51 distributio,
1448 3170 71 51 &
1477 3170 114 51 sedo
1548 3170 128 51 debet
1634 3170 100 51 eis
1691 3170 128 51 fieri
1762 3170 128 51 distri¬-

210 3215 126 63 butio
294 3215 126 63 rerum
378 3215 140 63 secudm
476 3215 224 63 aequalitatem
658 3215 70 63 &
686 3215 224 63 proportionem
868 3215 154 63 operum.
980 3215 126 63 Verum
1065 3215 84 63 in
1107 3215 168 63 amicitia
1233 3215 112 63 prio
1303 3215 224 63 consideranda
1485 3215 98 63 est
1541 3215 182 63 proportio
1681 3215 126 63 inter
1751 3215 140 63 personas

203 3262 134 63 sese
287 3262 201 63 amantes,
437 3262 84 63 &
471 3262 184 63 secundo
604 3262 167 63 debent
721 3262 201 63 exhiberi
872 3262 150 63 opera
972 3262 217 63 amicitiae
1139 3262 201 63 secundum
1289 3262 267 63 proportionem
1507 3262 234 63 dignitatis
1674 3262 217 63 personarum.
