2303 3608
416 311 102 67 Or
467 311 102 67 in
518 311 203 67 amicitia
670 311 169 67 primum
788 311 220 67 quantitas
958 311 271 67 consideranda
1177 311 169 67 venit,
1296 311 203 67 liquidum
1448 311 135 67 est.
1533 311 118 67 Nam
1600 311 102 67 si
1651 311 102 67 in
1702 311 203 67 virtute,
1854 311 169 67 vitio,
1973 311 118 67 vel
2023 311 102 67 diui

440 367 131 59 tiis
521 367 114 59 aut
587 367 147 59 aliis
685 367 147 59 rebus
783 367 196 59 permagna
930 367 131 59 fiat
1012 367 213 59 distantia
1176 367 114 59 non
1241 367 180 59 amplius
1372 367 147 59 fiunt
1470 367 164 59 amici,
1584 367 114 59 nec
1650 367 164 59 dignum
1764 367 164 59 quidem
1879 367 98 59 id
1911 367 213 59 existimant.

435 413 182 56 Maxime
562 413 163 56 autem
671 413 127 56 hoc
744 413 254 56 manifestum
943 413 127 56 est
1016 413 109 56 in
1071 413 163 56 ipsis
1180 413 145 56 diis
1270 413 309 56 immortalibus.
1525 413 109 56 Hi
1579 413 182 56 nanque
1706 413 218 56 plurimum
1870 413 200 56 omnibus
1997 413 127 56 bonis

416 466 271 58 antecellunt,
636 466 169 58 quorum
754 466 220 58 amicitiis
924 466 135 58 nemo
1008 466 102 58 se
1059 466 169 58 dignum
1177 466 169 58 putat.
1296 466 118 58 Hoc
1364 466 135 58 idem
1448 466 102 58 in
1499 466 186 58 regibus
1634 466 186 58 optimis
1770 466 85 58 &
1804 466 305 58 sapientissimis
2040 466 85 58 di¬-

436 507 135 65 cit.
520 507 84 65 ⁋
554 507 202 65 Sequitur
705 507 202 65 cuiusdam
857 507 252 65 quaestionis
1059 507 235 65 responsio.
1244 507 168 65 Exacta
1361 507 269 65 determinatio
1580 507 84 65 &
1614 507 151 65 limes
1715 507 219 65 praefixus
1883 507 101 65 in
1933 507 118 65 his
2000 507 118 65 non
2051 507 84 65 est

434 557 168 58 quando
552 557 168 58 primum
670 557 202 58 desinunt
821 557 135 58 esse
905 557 168 58 amici,
1023 557 135 58 scio
1107 557 135 58 enim
1191 557 135 58 quod
1275 557 151 58 magna
1376 557 219 58 distantia
1544 557 219 58 amicitiam
1712 557 202 58 impedit,
1864 557 118 58 sed
1931 557 101 58 de
1965 557 151 58 exigua,

438 599 82 54 &
470 599 114 54 vbi
536 599 114 54 est
601 599 147 54 limes
699 599 212 54 praecisus
862 599 212 54 nescitur.
1026 599 245 54 quemadmodum
1222 599 131 54 scio
1303 599 131 54 quod
1385 599 98 54 ad
1434 599 147 54 talem
1532 599 229 54 distantiam
1712 599 163 54 videre
1826 599 163 54 nequeo
1940 599 114 54 vel
1989 599 131 54 sagit¬-

431 648 110 58 tam
494 648 173 58 iacere.
620 648 110 58 sed
682 648 110 58 vbi
745 648 110 58 est
808 648 204 58 praecisus
965 648 141 58 limes
1059 648 188 58 virtutis
1200 648 126 58 meae
1279 648 173 58 ignoro,
1404 648 110 58 sic
1467 648 94 58 de
1514 648 267 58 consecratione
1734 648 251 58 eucharistiae
1938 648 110 58 per
1985 648 141 58 aliquam

443 695 235 55 distantiam
628 695 235 55 consecrare
813 695 151 55 queo,
913 695 118 55 sed
980 695 101 55 de
1031 695 185 55 termino
1165 695 235 55 dubitatur.
1350 695 84 55 ⁋
1383 695 201 55 Sequitur
1534 695 218 55 dubitatio
1702 695 185 55 quaedam
1837 695 134 55 quae
1921 695 168 55 dicit.
2021 695 101 55 Vnde

436 742 90 55 &
472 742 234 55 dubitatur
652 742 162 55 vtrum
760 742 162 55 amici
869 742 180 55 volunt
995 742 180 55 amicis
1121 742 108 55 ea
1175 742 144 55 bona
1265 742 144 55 quae
1355 742 180 55 maxima
1481 742 162 55 sunt,
1589 742 180 55 vtpote
1716 742 108 55 an
1770 742 180 55 volunt
1896 742 180 55 amicos
2004 742 108 55 suos

441 789 139 58 esse
527 789 139 58 deos
614 789 260 58 immortales.
822 789 277 58 Argumentatur
1047 789 104 58 ad
1099 789 173 58 partem
1221 789 225 58 negatiuam
1394 789 139 58 sic:
1481 789 139 58 quia
1567 789 139 58 tunc
1654 789 121 58 non
1723 789 173 58 essent
1845 789 208 58 vlterius
1983 789 139 58 amici.

442 834 90 55 &
478 834 126 55 sic
550 834 197 55 optando
693 834 143 55 bona
783 834 233 55 perderent
962 834 179 55 vtpote
1088 834 161 55 ipsos
1195 834 197 55 amicos.
1339 834 143 55 Sunt
1428 834 143 55 enim
1518 834 161 55 amici
1626 834 179 55 amicis
1751 834 161 55 bona.
1859 834 90 55 ⁋
1877 834 233 55 Respondendo

444 885 204 56 tenebrose
601 885 236 56 obiectionem
790 885 157 56 soluit
900 885 173 56 dicens,
1026 885 126 56 quod
1104 885 94 56 si
1151 885 126 56 bene
1230 885 110 56 sit
1293 885 157 56 dictum
1403 885 157 56 amicum
1513 885 126 56 bona
1591 885 157 56 illius
1701 885 157 56 gratia
1811 885 157 56 belle,
1921 885 157 56 manere
2016 885 94 56 opor

434 929 111 59 tet
498 929 254 59 qualiscumque
704 929 111 59 sit
768 929 143 59 ille.
863 929 111 59 hoc
927 929 111 59 est
990 929 95 59 vt
1038 929 159 59 maneat
1149 929 127 59 homo
1229 929 79 59 &
1261 929 143 59 talis
1356 929 175 59 naturae
1483 929 159 59 qualis
1594 929 143 59 prius
1690 929 175 59 fuerit,
1817 929 79 59 &
1849 929 143 59 etiam
1944 929 159 59 maneat
2040 929 79 59 pro

430 975 221 64 dignitate
600 975 187 64 amicus,
737 975 170 64 homini
856 975 153 64 amico
958 975 170 64 maxima
1077 975 136 64 bona
1162 975 153 64 volet
1264 975 187 64 inesse,
1401 975 85 64 &
1435 975 204 64 fortasse
1588 975 119 64 non
1656 975 153 64 omnia
1758 975 102 64 vt
1809 975 136 64 esse
1895 975 136 64 deum
1963 975 153 64 immorta

431 1022 133 53 lem,
515 1022 133 53 sibi
598 1022 133 53 enim
681 1022 133 53 ipsi
764 1022 166 53 maxime
881 1022 183 53 quisque
1014 1022 133 53 vult
1097 1022 133 53 ipsa
1164 1022 116 53 bona.

431 1035 81 97 ⁋
463 1035 146 97 Circa
561 1035 130 97 hanc
642 1035 179 97 literam
772 1035 211 97 dubitatur
935 1035 163 97 primo.
1049 1035 146 97 Dicit
1146 1035 130 97 quod
1228 1035 195 97 inferior
1374 1035 146 97 debet
1472 1035 146 97 magis
1569 1035 195 97 diligere
1716 1035 228 97 superiorem
1895 1035 130 97 quam
1960 1035 146 97 contra.

438 1114 97 59 an
486 1114 113 59 hoc
551 1114 258 59 intelligatur
761 1114 97 59 de
809 1114 226 59 maioritate
987 1114 210 59 intensiua
1148 1114 97 59 in
1197 1114 129 59 actu
1277 1114 194 59 elicito,
1423 1114 97 59 an
1471 1114 97 59 in
1520 1114 161 59 signis
1633 1114 242 59 reuerentiae
1826 1114 226 59 exterioris
2004 1114 97 59 ab
2036 1114 81 59 amo

428 1162 100 55 re
478 1162 234 55 intrinseco
662 1162 318 55 prouenientibus.
930 1162 84 55 ⁋
964 1162 184 55 Secundo
1097 1162 217 55 dubitatur
1265 1162 100 55 de
1315 1162 201 55 veritate
1466 1162 167 55 illius
1583 1162 301 55 propositionis.
1834 1162 117 55 Non
1901 1162 117 55 est
1951 1162 167 55 amicitia

427 1208 129 50 dei
500 1208 110 50 ad
555 1208 220 50 hominem.
720 1208 92 50 ⁋
757 1208 110 50 Ad
812 1208 184 50 partem
941 1208 294 50 affirmatiuam
1180 1208 275 50 argumentor.
1400 1208 202 50 Abraham
1547 1208 147 50 erat
1639 1208 129 50 Dei
1712 1208 184 50 amicus
1841 1208 110 50 vt
1896 1208 165 50 diuus
1987 1208 129 50 laco¬-

433 1256 112 60 bus
497 1256 96 60 in
545 1256 112 60 sua
610 1256 193 60 canonica
754 1256 161 60 capite
867 1256 177 60 secundo
995 1256 161 60 dicit.
1108 1256 209 60 Similiter
1268 1256 193 60 apostoli
1413 1256 177 60 fuerunt
1542 1256 145 60 amici
1638 1256 193 60 Christi.
1783 1256 80 60 ⁋
1815 1256 177 60 Tertio,
1943 1256 96 60 an
1991 1256 112 60 ego
2040 1256 80 60 ra¬-

431 1305 294 58 tionabiliter
669 1305 184 58 debeam
798 1305 165 58 velle
908 1305 165 58 amico
1018 1305 184 58 maxima
1147 1305 165 58 bona.
1257 1305 92 58 ⁋
1294 1305 184 58 Quarto
1422 1305 202 58 quomodo
1569 1305 165 58 vocat
1679 1305 275 58 philosophus
1900 1305 147 58 deos
1973 1305 147 58 immor¬-

433 1357 174 56 tales
549 1357 135 56 cum
626 1357 251 56 duodecimo
819 1357 309 56 Metaphysicae
1070 1357 154 56 vnum
1166 1357 193 56 primum
1301 1357 212 56 motorem
1456 1357 174 56 ponat
1571 1357 154 56 quem
1668 1357 154 56 deum
1745 1357 251 56 intellexit.

447 1389 82 66 ⁋
479 1389 98 66 Ad
529 1389 164 66 primum
643 1389 180 66 dicitur
775 1389 131 66 quod
857 1389 230 66 potissimum
1037 1389 262 66 intelligitur
1250 1389 98 66 in
1299 1389 164 66 signis
1414 1389 246 66 reuerentiae
1611 1389 82 66 &
1644 1389 98 66 in
1693 1389 213 66 obsequio,
1857 1389 197 66 siquidem
2004 1389 98 66 si
2037 1389 82 66 se¬-

432 1442 168 52 cundum
550 1442 235 52 dignitatem
734 1442 201 52 inferior
885 1442 218 52 superiori
1052 1442 235 52 obsequetur
1237 1442 201 52 superior
1387 1442 184 52 indigne
1521 1442 168 52 feret,
1639 1442 251 52 existimabit
1840 1442 134 52 enim
1924 1442 134 52 quod
1991 1442 117 52 infer

441 1488 131 55 rior
523 1488 99 55 se
572 1488 197 55 aequalem
720 1488 99 55 ei
769 1488 181 55 censet,
901 1488 82 55 &
934 1488 115 55 per
999 1488 230 55 consequens
1180 1488 214 55 cogitabit
1345 1488 131 55 quod
1427 1488 148 55 nimia
1525 1488 263 55 familiaritas
1739 1488 164 55 pariet
1854 1488 247 55 contemptum.
2035 1488 82 55 Er¬-

429 1536 102 58 go
480 1536 170 58 amicum
599 1536 238 58 inferiorem
786 1536 153 58 decet
888 1536 187 58 similem
1024 1536 255 58 reuerentiam
1228 1536 187 58 saepius
1365 1536 221 58 superiori
1535 1536 187 58 facere,
1671 1536 170 58 qualem
1790 1536 136 58 ipse
1875 1536 170 58 facere
1977 1536 136 58 consue

445 1582 148 55 uerat
543 1582 98 55 ab
592 1582 213 55 amicitiae
756 1582 197 55 exordio,
904 1582 164 55 dignum
1018 1582 115 55 est
1084 1582 148 55 etiam
1182 1582 131 55 quod
1264 1582 131 55 plus
1346 1582 213 55 intensiue
1510 1582 197 55 superior
1658 1582 180 55 ametur,
1789 1582 115 55 cum
1855 1582 131 55 ipse
1920 1582 197 55 inferiorem

441 1629 97 54 in
489 1629 210 54 amicitiam
650 1629 161 54 vocet,
763 1629 81 54 &
796 1629 97 54 ex
844 1629 129 54 tali
924 1629 226 54 intensiore
1102 1629 129 54 actu
1182 1629 161 54 amoris
1295 1629 193 54 inferior
1440 1629 210 54 integrius
1602 1629 242 54 nitidiusque
1795 1629 161 54 amorem
1892 1629 177 54 seruabit.

442 1670 85 65 ⁋
476 1670 102 65 Ad
527 1670 205 65 secundam
681 1670 273 65 dubitationem
903 1670 273 65 respondetur,
1125 1670 137 65 quod
1210 1670 188 65 Abraham
1347 1670 85 65 &
1381 1670 205 65 apostoli
1535 1670 188 65 proprie
1671 1670 120 65 non
1739 1670 154 65 erant
1842 1670 154 65 amici
1944 1670 120 65 dei
1995 1670 120 65 neque

438 1723 198 46 Christi,
586 1723 181 46 propter
718 1723 214 46 infinitam
883 1723 297 46 intercapedinem
1130 1723 148 46 inter
1229 1723 165 46 illos.
1344 1723 115 46 Hic
1410 1723 99 46 ea
1460 1723 148 46 tenus
1559 1723 115 46 est
1624 1723 247 46 interuallum
1822 1723 198 46 quatenus
1971 1723 115 46 est
2020 1723 99 46 per¬-

432 1770 143 64 sona
522 1770 233 64 superior:
701 1770 161 64 sicut
808 1770 233 64 distantia
987 1770 161 64 inter
1095 1770 215 64 Socratem
1256 1770 269 64 Philosophum
1470 1770 90 64 &
1506 1770 233 64 Brunellum
1685 1770 179 64 asinum
1811 1770 161 64 penes
1900 1770 215 64 perfectio¬-

432 1824 128 45 nem
505 1824 220 45 Socratis
670 1824 257 45 mensuranda
872 1824 184 45 venit,
1001 1824 165 45 erant
1111 1824 165 45 tamen
1221 1824 165 45 amici
1331 1824 184 45 laxato
1441 1824 202 45 vocabulo.

443 1866 86 53 ⁋
477 1866 104 53 Ad
529 1866 190 53 tertiam
667 1866 276 53 dubitationem
891 1866 224 53 respondeo
1064 1866 121 53 per
1133 1866 311 53 propositiones,
1392 1866 173 53 quarum
1512 1866 155 53 prima
1616 1866 138 53 est.
1702 1866 121 53 Non
1771 1866 155 53 debeo
1875 1866 155 53 velle
1978 1866 104 53 de
2013 1866 104 53 ami¬-

435 1910 95 59 co
483 1910 110 59 meo
546 1910 126 59 quod
624 1910 126 59 ipse
703 1910 110 59 sit
766 1910 142 59 deus,
861 1910 110 59 hoc
924 1910 158 59 possum
1035 1910 95 59 ei
1082 1910 158 59 velle.
1192 1910 189 59 Voluntas
1334 1910 158 59 quoque
1445 1910 110 59 est
1508 1910 268 59 impossibilium
1728 1910 158 59 tertio
1839 1910 221 59 Ethicorum,
1997 1910 110 59 licet

438 1955 162 61 debeam
551 1955 146 61 velle
649 1955 97 61 ei
698 1955 130 61 bona
779 1955 162 61 ipsius
892 1955 179 61 gratia,
1022 1955 130 61 volo
1103 1955 146 61 tamen
1201 1955 97 61 vt
1250 1955 146 61 talis
1347 1955 179 61 naturae
1477 1955 162 61 qualis
1590 1955 130 61 est,
1672 1955 179 61 maneat.
1802 1955 97 61 Et
1850 1955 130 61 hanc
1915 1955 195 61 propositio

428 2001 112 62 nem
492 2001 160 62 innuit
604 2001 240 62 Aristoteles
797 2001 96 62 in
845 2001 160 62 litera
957 2001 96 62 in
1005 2001 208 62 solutione
1165 2001 96 62 ad
1213 2001 176 62 vltimam
1342 2001 256 62 dubitationem
1550 2001 208 62 inquiens,
1710 2001 128 62 quod
1790 2001 96 62 si
1839 2001 128 62 bene
1919 2001 112 62 sit
1967 2001 144 62 dictum,

426 2045 114 54 cum
491 2045 146 54 amico
588 2045 130 54 bona
669 2045 162 54 illius
783 2045 162 54 gratia
896 2045 162 54 velle,
1010 2045 178 54 maneret
1140 2045 178 54 oportet
1269 2045 260 54 qualiscunque
1480 2045 114 54 sit
1545 2045 146 54 ille,
1643 2045 130 54 quia
1724 2045 97 54 si
1772 2045 97 54 in
1821 2045 146 54 aliam
1918 2045 178 54 speciem
2032 2045 81 54 mu¬-

431 2095 154 51 tetur
533 2095 120 51 non
602 2095 154 51 manet
704 2095 137 51 eius
789 2095 188 51 natura.
926 2095 85 51 ⁋
960 2095 188 51 Secunda
1097 2095 256 51 propositio.
1302 2095 205 51 Socrates
1455 2095 154 51 debet
1558 2095 154 51 velle
1660 2095 154 51 amico
1763 2095 120 51 suo
1831 2095 171 51 maxima
1950 2095 137 51 bona
2019 2095 102 51 gra¬-

428 2143 113 61 tia
493 2143 162 61 ipsius
606 2143 162 61 amici,
719 2143 178 61 etiansi
849 2143 130 61 illa
930 2143 130 61 bona
1011 2143 162 61 statum
1124 2143 130 61 eius
1205 2143 243 61 mutauerint,
1399 2143 162 61 vtpote
1513 2143 162 61 potest
1626 2143 146 61 velle
1723 2143 113 61 eum
1788 2143 130 61 esse
1869 2143 146 61 regem
1966 2143 113 61 aut
2015 2143 97 61 maxi

430 2191 114 59 mum
495 2191 245 59 pontificem.
691 2191 163 59 Patet,
805 2191 163 59 potest
919 2191 131 59 ipsi
1001 2191 147 59 velle
1099 2191 131 59 bona
1180 2191 82 59 &
1213 2191 163 59 citius
1327 2191 179 59 potiora
1457 2191 147 59 bona,
1555 2191 179 59 alioqui
1686 2191 114 59 non
1751 2191 147 59 esset
1849 2191 147 59 verus
1947 2191 131 59 eius
2012 2191 98 59 ami¬-

432 2238 132 57 cus.
514 2238 82 57 ⁋
547 2238 165 57 Tertia
662 2238 230 57 propositio
843 2238 132 57 homo
925 2238 148 57 volet
1024 2238 165 57 maxima
1139 2238 132 57 bona
1221 2238 148 57 sibi.
1320 2238 148 57 Patet
1419 2238 99 57 in
1468 2238 148 57 calce
1567 2238 148 57 huius
1666 2238 197 57 capitis,
1814 2238 82 57 &
1847 2238 148 57 patet
1945 2238 148 57 etiam
2028 2238 82 57 se¬-

438 2282 167 55 cundum
555 2282 183 55 ordinem
688 2282 250 55 charitatis.
888 2282 167 55 Dilige
1004 2282 200 55 proximum
1154 2282 133 55 tuum
1238 2282 150 55 sicut
1337 2282 200 55 teipsum,
1487 2282 133 55 ergo
1571 2282 133 55 homo
1654 2282 117 55 est
1720 2282 100 55 in
1770 2282 100 55 se
1820 2282 150 55 limes
1904 2282 216 55 dilectionis

436 2330 202 49 aliorum.
588 2330 101 49 Et
638 2330 152 49 istud
740 2330 152 49 etiam
841 2330 135 49 nono
925 2330 219 49 Ethicorum
1094 2330 202 49 patebit,
1245 2330 135 49 homo
1330 2330 152 49 debet
1431 2330 135 49 sibi
1515 2330 185 49 eligere
1650 2330 169 49 maiora
1768 2330 135 49 bona
1852 2330 202 49 virtutum
2004 2330 84 49 &
2021 2330 101 49 vel¬-

446 2377 89 57 le
491 2377 149 57 citius
595 2377 89 57 se
640 2377 104 57 non
699 2377 164 57 peccare
818 2377 119 57 quam
893 2377 149 57 alium.
997 2377 74 57 ⁋
1027 2377 149 57 Contra
1131 2377 179 57 secundam
1265 2377 253 57 propositionem
1473 2377 223 57 argumentor.
1652 2377 104 57 Per
1711 2377 104 57 hoc
1771 2377 179 57 Socrates
1905 2377 149 57 perdet
1994 2377 119 57 amicum

435 2425 76 54 &
465 2425 107 54 sic
526 2425 122 54 suum
603 2425 137 54 bonum
694 2425 92 54 vt
740 2425 122 54 eius
817 2425 290 54 familiaritatem.
1061 2425 168 54 Secundo
1183 2425 122 54 stat
1260 2425 122 54 quod
1336 2425 168 54 maximus
1458 2425 244 54 pontificatus
1657 2425 122 54 erit
1733 2425 92 54 ei
1779 2425 92 54 in
1825 2425 168 54 ruinam.
1947 2425 107 54 Nam
2008 2425 92 54 si
2039 2425 76 54 non

436 2469 201 57 fuissem
582 2469 109 57 de
636 2469 182 57 numero
764 2469 274 57 episcoporum
983 2469 201 57 fuissem
1129 2469 109 57 de
1184 2469 182 57 numero
1312 2469 274 57 saluandorum
1531 2469 164 57 dixit
1622 2469 164 57 quidam.

440 2504 87 69 ⁋
474 2504 104 69 Ad
526 2504 173 69 primum
647 2504 138 69 nego
734 2504 225 69 sequelam.
907 2504 121 69 Non
976 2504 173 69 perdet
1097 2504 173 69 amicum
1218 2504 156 69 licet
1322 2504 156 69 minus
1426 2504 311 69 familiaritatis
1685 2504 121 69 cum
1755 2504 104 69 eo
1807 2504 190 69 habeat,
1945 2504 173 69 estque
2049 2504 69 69 ei

433 2564 240 54 honestius
617 2564 221 54 interdum
783 2564 129 54 cum
857 2564 184 54 Romano
986 2564 240 54 pontifice
1170 2564 166 54 amice
1281 2564 166 54 loqui
1392 2564 92 54 &
1429 2564 277 54 communicare
1650 2564 92 54 &
1687 2564 221 54 officium
1853 2564 240 54 amicitiae
2019 2564 92 54 an¬-

435 2611 157 48 tiquae
545 2611 157 48 pignus
655 2611 157 48 habere
764 2611 125 48 quam
843 2611 157 48 manere
953 2611 188 48 perpetuo
1094 2611 110 48 cum
1156 2611 94 48 eo
1203 2611 94 48 in
1250 2611 157 48 maiore
1360 2611 282 48 familiaritate,
1595 2611 78 48 &
1627 2611 94 48 in
1674 2611 141 48 statu
1752 2611 188 48 inferiori.

436 2652 82 63 ⁋
468 2652 98 63 Ad
518 2652 197 63 secundum
665 2652 131 63 dico
747 2652 131 63 quod
830 2652 98 63 in
879 2652 131 63 illo
961 2652 131 63 casu
1043 2652 115 63 non
1109 2652 148 63 debeo
1207 2652 98 63 ei
1256 2652 148 63 velle
1355 2652 164 63 summum
1470 2652 279 63 pontificatum,
1700 2652 148 63 solum
1798 2652 148 63 debeo
1897 2652 98 63 ei
1946 2652 131 63 bene
2012 2652 98 63 vel¬-

435 2700 98 61 le
484 2700 81 61 &
516 2700 130 61 illa
598 2700 130 61 quae
679 2700 130 61 eius
761 2700 163 61 statui
875 2700 130 61 sunt
956 2700 228 61 accommoda,
1135 2700 114 61 cum
1201 2700 163 61 quibus
1315 2700 147 61 probe
1413 2700 163 61 viuere
1510 2700 147 61 potest.

451 2743 69 70 ⁋
479 2743 83 70 Ad
521 2743 153 70 quartam
632 2743 222 70 dubitationem
812 2743 208 70 respondetur
979 2743 111 70 quod
1049 2743 139 70 Arist.
1146 2743 167 70 loquitur
1271 2743 83 70 de
1313 2743 250 70 intelligentiis
1521 2743 125 70 quaes
1605 2743 195 70 immortales
1758 2743 139 70 putat.
1855 2743 111 70 Sedo
1924 2743 111 70 enim
1994 2743 83 70 de
2022 2743 83 70 cae¬-

435 2801 88 46 lo
479 2801 146 46 dicit.
581 2801 131 46 Extra
669 2801 146 46 caelos
771 2801 117 46 sunt
844 2801 131 46 entia
931 2801 160 46 optimam
1048 2801 131 46 vitam
1136 2801 175 46 ducentia
1267 2801 117 46 quam
1340 2801 117 46 toto
1413 2801 117 46 aeuo
1486 2801 204 46 consumunt.
1646 2801 117 46 sedo
1719 2801 175 46 loquitur
1850 2801 131 46 etiam
1938 2801 88 46 vt
1982 2801 146 46 plures
2069 2801 44 46 &

437 2841 148 59 sentit
541 2841 89 59 vt
585 2841 148 59 pauci.
688 2841 89 59 Vt
732 2841 192 59 faciendum
880 2841 162 59 censet,
998 2841 118 59 sedo
1072 2841 89 59 de
1116 2841 148 59 caelo.
1219 2841 133 59 Modus
1308 2841 118 59 iste
1381 2841 103 59 est
1440 2841 133 59 modus
1529 2841 133 59 eius,
1617 2841 74 59 &
1647 2841 207 59 cuiustibet
1809 2841 192 59 sapientis
1957 2841 133 59 loqui
2030 2841 74 59 cum

441 2894 148 63 vulgo,
545 2894 74 63 &
574 2894 104 63 cum
634 2894 148 63 exacte
737 2894 89 63 de
782 2894 118 63 illa
856 2894 163 63 materia
974 2894 207 63 loquuturus
1137 2894 104 63 est
1196 2894 178 63 propriam
1329 2894 192 63 opinionem
1477 2894 163 63 dicere.
1596 2894 118 63 mon.
1670 2894 118 63 xii.
1744 2894 237 63 Metaphysicae
1936 2894 133 63 dicit
2010 2894 89 63 quod

440 2935 224 63 pluralitas
616 2935 208 63 principum
775 2935 144 63 mala:
871 2935 160 63 mundus
983 2935 112 63 non
1047 2935 128 63 vult
1127 2935 128 63 male
1207 2935 192 63 disponi:
1350 2935 128 63 vnus
1430 2935 112 63 est
1494 2935 128 63 ergo
1574 2935 144 63 mundi
1670 2935 208 63 princeps.
1830 2935 144 63 Illic
1925 2935 160 63 expsse
2021 2935 96 63 suam

423 2986 161 61 mentem
536 2986 97 61 de
584 2986 145 61 primo
680 2986 161 61 motore
793 2986 145 61 primo
889 2986 129 61 siue
970 2986 97 61 de
1018 2986 129 61 ipso
1099 2986 113 61 deo
1163 2986 177 61 posuit.
1292 2986 129 61 Item
1372 2986 97 61 in
1420 2986 177 61 Psalmo.
1549 2986 113 61 Ego
1613 2986 129 61 dixi
1694 2986 113 61 dii
1758 2986 145 61 estis
1855 2986 80 61 &
1887 2986 145 61 filii
1967 2986 145 61 excelsi

428 3032 174 49 omnes.
549 3032 174 49 Magnos
671 3032 122 49 sic
741 3032 156 49 viros
845 3032 139 49 deos
932 3032 243 49 appellamus
1123 3032 156 49 sicut
1227 3032 156 49 Aaron
1332 3032 139 49 erat
1419 3032 209 49 propheta
1575 3032 174 49 Moysi,
1697 3032 87 49 &
1732 3032 174 49 Moyses
1853 3032 139 49 eius
1940 3032 156 49 deus.
2027 3032 87 49 In¬-

422 3077 159 61 super
528 3077 265 61 Christiani.
740 3077 194 61 Vtuntur
881 3077 229 61 nominibus
1058 3077 177 61 deorum
1181 3077 88 61 &
1217 3077 106 61 in
1270 3077 194 61 carmine
1411 3077 88 61 &
1446 3077 106 61 in
1499 3077 212 61 oratione
1658 3077 194 61 soluta.
1799 3077 141 61 Vnde
1888 3077 212 61 Baptista
2029 3077 88 61 man

413 3131 171 55 tuanus
533 3131 120 55 hoc
601 3131 171 55 sepius
721 3131 154 55 facit
823 3131 85 55 &
857 3131 103 55 in
909 3131 171 55 quodam
1028 3131 188 55 libello
1165 3131 154 55 super
1268 3131 120 55 hoc
1336 3131 154 55 edito
1438 3131 205 55 ostendit
1592 3131 154 55 illud
1695 3131 137 55 esse
1780 3131 205 55 licitum.
1934 3131 137 55 Quis
2002 3131 103 55 enim

418 3170 124 58 est
489 3170 124 58 qui
560 3170 195 58 nesciat
702 3170 160 58 louem
809 3170 160 58 illum
915 3170 178 58 fuisse
1040 3170 160 58 virum
1146 3170 320 58 perditissimum:
1413 3170 266 58 nihilominus
1626 3170 178 58 vtimur
1750 3170 142 58 modo
1839 3170 213 58 loquendi
1998 3170 107 58 de
2034 3170 71 58 lo

423 3222 104 53 ue
475 3222 156 53 summo
578 3222 121 53 hoc
647 3222 121 53 est
716 3222 104 53 de
768 3222 138 53 vero
855 3222 138 53 deo.
941 3222 190 53 Ethnici
1079 3222 138 53 enim
1166 3222 207 53 vulgares
1321 3222 207 53 putabant
1477 3222 138 53 quod
1563 3222 138 53 idem
1649 3222 156 53 esset
1753 3222 190 53 iupiter
1891 3222 121 53 qui
1960 3222 86 53 &
1978 3222 138 53 summus

424 3265 155 70 deus,
527 3265 86 70 &
562 3265 121 70 nos
631 3265 138 70 vnum
717 3265 138 70 loco
803 3265 207 70 alterius
959 3265 207 70 capimus,
1114 3265 86 70 &
1149 3265 207 70 concinne
1304 3265 224 70 quandoque
1477 3265 104 70 in
1528 3265 207 70 oratione
1684 3265 173 70 soluta
1787 3265 173 70 ponitur.
