2299 3605
471 276 199 90 Amicorum
621 276 166 90 virtus
737 276 149 90 atque
837 276 216 90 perfectio
1003 276 183 90 videtur
1136 276 133 90 esse
1219 276 166 90 amare,
1335 276 166 90 quippe
1451 276 199 90 amicitia
1600 276 149 90 magis
1700 276 100 90 in
1750 276 116 90 hoc
1816 276 133 90 quod
1899 276 183 90 amentur
2016 276 149 90 connsi¬-

465 355 154 57 stit,
568 355 206 57 magisque
722 355 223 57 landantur
893 355 188 57 amantes
1030 355 188 57 amicos.
1167 355 206 57 Amicorum
1322 355 171 57 igitur
1441 355 206 57 quatenus
1596 355 137 57 ipsi
1681 355 154 57 amici
1784 355 154 57 sunt,
1887 355 171 57 virtus
2007 355 86 57 &
2024 355 137 57 perfe¬-

466 399 131 54 ctio
547 399 98 54 in
597 399 147 54 amare
695 399 131 54 est.
777 399 82 54 ⁋
809 399 196 54 Sequitur
957 399 98 54 in
1006 399 180 54 litera.
1137 399 147 54 Quare
1235 399 98 54 in
1284 399 164 54 quibus
1399 399 115 54 &c.
1464 399 196 54 Secundum
1612 399 262 54 corollarium.
1825 399 131 54 Vnde
1906 399 115 54 fit
1972 399 98 54 vt
2021 399 115 54 qui
2070 399 82 54 pro

461 444 210 56 dignitate
622 444 177 56 faciunt
751 444 194 56 stabiles
896 444 129 56 sint
977 444 161 56 amici:
1090 444 161 56 talium
1203 444 161 56 nanque
1316 444 194 56 amicitia
1461 444 113 56 est
1525 444 226 56 stabilita.
1703 444 194 56 Profecto
1848 444 129 56 illo
1928 444 129 56 modo
2009 444 113 56 qui
2057 444 97 56 sunt

463 495 229 59 inaequales
643 495 164 59 maxime
757 495 164 59 solent
872 495 147 59 fieri
970 495 164 59 amici,
1084 495 196 59 inferior
1232 495 131 59 tunc
1313 495 131 59 plus
1395 495 164 59 amabit
1510 495 82 59 &
1542 495 115 59 sic
1608 495 147 59 erunt
1706 495 213 59 aequales,
1870 495 98 59 at
1919 495 196 59 amicitia
2049 495 115 59 aequa

465 540 141 52 litas
559 540 78 52 &
591 540 219 52 similitudo
763 540 172 52 quaedam
888 540 125 52 est,
967 540 110 52 hoc
1029 540 110 52 est
1092 540 94 52 in
1139 540 235 52 aequalitate
1327 540 219 52 consistit,
1500 540 188 52 secundum
1641 540 125 52 quod
1719 540 188 52 superius
1860 540 110 52 est
1907 540 188 52 expositum.

464 586 87 52 ⁋
498 586 225 52 Sequitur.
672 586 104 52 Et
724 586 173 52 maxime
845 586 173 52 quidem
966 586 121 52 &c.
1036 586 156 52 Dicit
1140 586 139 52 quod
1226 586 208 52 amicitia
1382 586 173 52 maxime
1503 586 156 52 eorum
1607 586 121 52 est
1677 586 243 52 similitudo
1867 586 121 52 qui
1937 586 191 52 virtute
2058 586 104 52 sunt

462 639 197 59 similes,
609 639 115 59 nam
675 639 99 59 in
724 639 181 59 seipsis
856 639 99 59 in
905 639 181 59 virtute
1036 639 230 59 permansiui
1217 639 148 59 sunt,
1316 639 82 59 &
1348 639 99 59 in
1398 639 181 59 virtute
1529 639 181 59 similes
1660 639 230 59 permanent,
1841 639 148 59 neque
1940 639 197 59 indigent
2071 639 82 59 pra

462 685 113 50 uis
527 685 113 50 hoc
591 685 113 50 est
656 685 113 50 non
721 685 146 50 egent
818 685 129 50 illo
899 685 97 50 vt
947 685 146 50 alter
1044 685 146 50 eorum
1141 685 146 50 praue
1239 685 210 50 operetur:
1400 685 146 50 neque
1498 685 146 50 talia
1595 685 275 50 subministrant
1821 685 129 50 quin
1902 685 146 50 etiam
1983 685 178 50 prohibent

466 731 103 48 tam
525 731 133 48 inter
614 731 88 48 se
658 731 118 48 quam
731 731 133 48 inter
820 731 147 48 alios.
923 731 118 48 Sane
996 731 133 48 bonos
1085 731 162 48 homines
1203 731 133 48 dicit
1291 731 162 48 litera,
1409 731 133 48 neque
1497 731 133 48 ipsos
1586 731 206 48 delinqumre
1748 731 133 48 neque
1836 731 147 48 amicos
1939 731 206 48 permittere
2086 731 74 48 pra

460 776 96 55 ua
508 776 160 55 agere.
620 776 96 55 Et
668 776 96 55 in
716 776 112 55 hoc
780 776 192 55 lonathas
924 776 128 55 erat
1004 776 160 55 amicus
1116 776 128 55 ipsi
1196 776 144 55 Saulo
1292 776 144 55 patri
1387 776 112 55 suo
1451 776 224 55 prohibendo
1627 776 176 55 quantum
1755 776 176 55 poterat
1883 776 144 55 necem
1963 776 192 55 inuocantis

463 825 171 56 dauidis.
591 825 71 56 ⁋
619 825 185 56 Sequitur.
762 825 128 56 Praui
847 825 228 56 stabilitatem
1033 825 85 56 in
1075 825 171 56 amicitia
1204 825 100 56 non
1261 825 157 56 habent.
1374 825 100 56 Nam
1431 825 128 56 neque
1517 825 185 56 sibiipsis
1659 825 157 56 similes
1773 825 228 56 perseuerant,
1959 825 100 56 sed
2016 825 128 56 breui
2087 825 71 56 mo¬-

470 867 146 50 mento
567 867 162 50 manent
680 867 162 50 amici,
793 867 113 50 sua
858 867 210 50 gaudentes
1020 867 146 50 mutuo
1117 867 226 50 prauitate.
1295 867 146 50 Praui
1392 867 129 50 enim
1473 867 146 50 nihil
1570 867 194 50 stabile,
1715 867 162 50 fixum,
1829 867 81 50 &
1861 867 178 50 amabile
1990 867 97 50 in
2039 867 97 50 se
2071 867 81 50 ha¬-

463 913 150 52 bent,
564 913 117 52 sed
630 913 251 52 prauitatem,
831 913 134 52 quae
915 913 100 52 ab
965 913 134 52 omni
1048 913 201 52 sapiente
1199 913 117 52 est
1266 913 217 52 odibilis.
1433 913 100 52 Et
1483 913 150 52 demum
1584 913 134 52 immo
1667 913 167 52 sepius
1784 913 251 52 poenitudine
1968 913 184 52 ducuntur.

477 958 97 54 Et
525 958 145 54 licet
622 958 97 54 ad
670 958 177 54 vomitum
800 958 177 54 redeant
929 958 129 54 sunt
1009 958 242 54 instabiles,
1203 958 129 54 quia
1284 958 145 54 nihil
1380 958 210 54 inueniunt
1542 958 97 54 in
1590 958 113 54 quo
1655 958 177 54 ipsorum
1784 958 194 54 voluntas
1929 958 210 54 quiescere
2074 958 81 54 po¬-

465 1011 150 48 test.
566 1011 251 48 Operationes
766 1011 150 48 autem
866 1011 150 48 probi
966 1011 100 48 ei
1016 1011 234 48 suauitatem
1200 1011 251 48 ministrant,
1401 1011 84 48 &
1434 1011 117 48 sic
1501 1011 251 48 perseuerat:
1701 1011 267 48 oppositumque
1918 1011 100 48 in
1968 1011 150 48 prauo
2052 1011 100 48 con¬-

472 1054 165 62 tingit.
592 1054 75 62 ⁋
622 1054 194 62 Sequitur.
771 1054 150 62 Vtiles
876 1054 75 62 &
906 1054 239 62 delectabiles
1100 1054 165 62 diutius
1220 1054 90 62 in
1265 1054 179 62 amicitia
1399 1054 194 62 permanent
1549 1054 120 62 quam
1624 1054 150 62 praui,
1728 1054 179 62 siquidem
1863 1054 165 62 eousque
1983 1054 150 62 durant
2072 1054 90 62 quo¬-

473 1101 149 60 usque
573 1101 232 60 emolumenta
756 1101 116 60 aut
822 1101 249 60 oblectamina
1021 1101 133 60 sibi
1104 1101 149 60 mutuo
1204 1101 232 60 praestant.
1386 1101 100 60 Ex
1436 1101 232 60 contrariis
1619 1101 199 60 amicitia
1768 1101 100 60 ob
1818 1101 149 60 vtile
1918 1101 232 60 coalescit.
2084 1101 66 60 Ob

465 1150 229 61 vtilitatem
645 1150 213 61 locupleti
809 1150 164 61 inops,
924 1150 82 61 &
956 1150 180 61 scienti
1088 1150 197 61 ignorans
1235 1150 115 61 fit
1301 1150 180 61 amicus,
1432 1150 148 61 cuius
1530 1150 131 61 enim
1612 1150 180 61 quisque
1743 1150 180 61 indiget
1874 1150 98 61 id
1924 1150 213 61 affectat,
2071 1150 82 61 pro

470 1198 124 53 quo
541 1198 160 53 aliud
648 1198 178 53 affert
772 1198 89 53 &
808 1198 231 53 rependit.
985 1198 107 53 Ad
1039 1198 142 53 hanc
1128 1198 142 53 enim
1216 1198 249 53 vtilitatem
1412 1198 142 53 quis
1501 1198 195 53 trahere
1643 1198 178 53 potest
1767 1198 213 53 amatorem
1927 1198 89 53 &
1963 1198 178 53 amatum
2087 1198 107 53 in

476 1242 223 55 venereis.
647 1242 103 55 Si
699 1242 206 55 formosum
853 1242 171 55 mulier
973 1242 171 55 turpis
1093 1242 206 55 diligat,
1247 1242 240 55 quapropter
1435 1242 86 55 &
1470 1242 206 55 amatores
1624 1242 206 55 ridiculi
1778 1242 223 55 videntur,
1949 1242 171 55 dignum
2052 1242 103 55 esse

465 1291 220 52 censentes
635 1291 187 52 perinde
770 1291 153 52 amari
872 1291 119 52 vti
940 1291 136 52 ipsi
1025 1291 170 52 amant.
1143 1291 153 52 Nulla
1245 1291 153 52 ratio
1347 1291 119 52 est
1415 1291 102 52 vt
1466 1291 187 52 formosa
1601 1291 170 52 mulier
1720 1291 153 52 virum
1822 1291 170 52 foedum
1940 1291 119 52 sic
1991 1291 153 52 diligat

468 1333 141 59 sicut
562 1333 94 59 ab
609 1333 125 59 illo
688 1333 219 59 diligitur,
860 1333 125 59 nisi
938 1333 282 59 aequipollentia
1173 1333 78 59 &
1204 1333 266 59 recompensatio
1424 1333 125 59 suae
1502 1333 157 59 formae
1612 1333 141 59 fiat,
1706 1333 110 59 cum
1768 1333 110 59 non
1831 1333 125 59 sint
1909 1333 204 59 similiter
2050 1333 94 59 ama¬-

458 1376 166 57 biles.
575 1376 100 57 Et
624 1376 149 57 forte
724 1376 100 57 in
774 1376 116 57 hac
840 1376 199 57 amicitia
990 1376 232 57 contrarium
1172 1376 116 57 non
1239 1376 116 57 per
1305 1376 100 57 se
1355 1376 232 57 contrarium
1538 1376 199 57 appetit,
1687 1376 116 57 sed
1754 1376 116 57 per
1820 1376 216 57 accidens.
1969 1376 183 57 Contrari¬-

457 1433 105 57 um
509 1433 140 57 enim
596 1433 122 57 non
666 1433 192 57 appetit
806 1433 244 57 contrarium
997 1433 209 57 secundum
1154 1433 122 57 se,
1224 1433 122 57 sed
1294 1433 122 57 est
1364 1433 227 57 appetitus
1538 1433 157 57 medii
1643 1433 209 57 secundum
1800 1433 122 57 se,
1870 1433 140 57 quod
1957 1433 174 57 quidem
2062 1433 87 57 me¬-

454 1469 140 66 dium
542 1469 123 66 est
612 1469 158 66 bonum
717 1469 210 66 subiecto
875 1469 140 66 quod
963 1469 228 66 afficitur
1138 1469 123 66 per
1208 1469 140 66 vnum
1296 1469 245 66 contrarium
1489 1469 105 66 in
1541 1469 210 66 excessu.
1699 1469 105 66 Vt
1752 1469 105 66 si
1804 1469 175 66 corpus
1927 1469 210 66 Socratis
2067 1469 88 66 sit

463 1517 190 54 siccum,
601 1517 121 54 non
670 1517 121 54 est
739 1517 241 54 appetibile
928 1517 190 54 Socrati
1066 1517 103 54 vt
1118 1517 138 54 suum
1204 1517 172 54 corpus
1325 1517 121 54 sit
1394 1517 207 54 humidum,
1549 1517 121 54 sed
1618 1517 241 54 appetibile
1807 1517 121 54 est
1876 1517 172 54 venire
1997 1517 103 54 ad
2031 1517 121 54 medi¬-

460 1571 108 54 um
514 1571 108 54 ad
568 1571 144 54 quem
658 1571 251 54 perueniret
855 1571 305 54 superueniente
1106 1571 198 54 humido,
1250 1571 198 54 quoniam
1394 1571 233 54 appetitus
1573 1571 126 54 est
1645 1571 162 54 medii
1753 1571 215 54 secundum
1915 1571 108 54 se
1968 1571 90 54 &
1986 1571 162 54 contra¬-

463 1619 119 60 rii
531 1619 119 60 per
599 1619 220 60 accidens,
768 1619 85 60 &
802 1619 119 60 ita
870 1619 102 60 in
921 1619 170 60 calido
1040 1619 85 60 &
1074 1619 237 60 similibus.
1260 1619 119 60 Sed
1328 1619 136 60 haec
1413 1619 153 60 missa
1515 1619 220 60 faciamus,
1684 1619 119 60 non
1752 1619 136 60 enim
1837 1619 102 60 ad
1888 1619 136 60 hunc
1972 1619 153 60 locum
2057 1619 85 60 ac¬

429 1653 324 60 commodantur.

467 1705 91 70 ⁋
503 1705 237 70 Dubitatur
685 1705 109 70 an
740 1705 182 70 melius
867 1705 127 70 sit
940 1705 164 70 amare
1049 1705 146 70 quam
1140 1705 182 70 amari.
1268 1705 109 70 Et
1322 1705 255 70 argumentor
1522 1705 109 70 ad
1577 1705 182 70 partem
1704 1705 255 70 negatiuam.
1904 1705 164 70 Amans
1995 1705 146 70 melius

462 1752 147 65 facit
560 1752 147 65 amato
658 1752 131 65 quam
740 1752 164 65 amatus
855 1752 180 65 amanti.
986 1752 180 65 Proinde
1117 1752 164 65 melius
1231 1752 115 65 est
1297 1752 147 65 amari
1395 1752 131 65 quam
1477 1752 164 65 amare.
1591 1752 115 65 Nam
1657 1752 147 65 amari
1755 1752 82 65 a
1788 1752 115 65 deo
1853 1752 115 65 est
1902 1752 246 65 praestabilius

471 1796 135 65 quam
555 1796 135 65 deum
640 1796 169 65 amare.
758 1796 185 65 Insuper
893 1796 152 65 illud
994 1796 118 65 est
1061 1796 202 65 nobilius
1213 1796 135 65 quod
1297 1796 270 65 superioribus
1516 1796 169 65 damus,
1634 1796 118 65 sed
1702 1796 118 65 eos
1769 1796 135 65 plus
1853 1796 169 65 amamus
1971 1796 135 65 quam
2039 1796 101 65 con¬-

468 1843 113 59 tra
516 1843 145 59 igitur.

468 1875 80 74 ⁋
500 1875 241 74 Respondetur
693 1875 128 74 quod
773 1875 177 74 vtilius
902 1875 161 74 saltem
1014 1875 257 74 temporaliter
1223 1875 112 74 est
1287 1875 145 74 amari
1383 1875 225 74 praesertim
1560 1875 80 74 a
1592 1875 209 74 locuplete
1753 1875 128 74 quam
1833 1875 161 74 amare,
1945 1875 145 74 actus
2026 1875 112 74 tamen

458 1948 127 56 non
530 1948 127 56 est
603 1948 200 56 melior.
748 1948 163 56 Amare
857 1948 145 56 enim
948 1948 127 56 est
1021 1948 163 56 bonum
1130 1948 272 56 intrinsecum
1347 1948 218 56 amantis:
1511 1948 163 56 amari
1620 1948 109 56 ab
1674 1948 254 56 extrinseco
1874 1948 236 56 dependet,
2037 1948 91 56 sa¬-

457 1988 148 65 tius
549 1988 129 65 est
623 1988 166 65 tamen
734 1988 185 65 habere
863 1988 185 65 causam
993 1988 166 65 quare
1104 1988 185 65 ametur
1233 1988 92 65 &
1270 1988 166 65 quare
1381 1988 129 65 sit
1455 1988 185 65 dignus
1584 1988 185 65 amatu.
1714 1988 148 65 Deus
1806 1988 148 65 enim
1899 1988 92 65 &
1917 1988 222 65 virtutibus

474 2026 199 63 praediti
624 2026 133 63 sunt
707 2026 150 63 amatu
790 2026 133 63 digni.

460 2086 86 61 ⁋
494 2086 225 61 Dubitatur
667 2086 190 61 secundo
806 2086 104 61 an
857 2086 208 61 amicitia
1013 2086 156 61 inter
1117 2086 173 61 prauos
1238 2086 173 61 duret.
1359 2086 259 61 Respondetur
1566 2086 138 61 quod
1653 2086 190 61 proprie
1791 2086 208 61 loquendo
1947 2086 156 61 inter
2033 2086 104 61 pra¬-

470 2136 117 54 los
537 2136 117 54 non
604 2136 117 54 est
672 2136 218 54 amicitia,
839 2136 117 54 sed
906 2136 168 54 latius
1024 2136 201 54 capiendo
1175 2136 235 54 vocabulum.
1359 2136 101 54 Et
1410 2136 134 54 dico
1494 2136 134 54 quod
1577 2136 201 54 amicitia
1728 2136 151 54 inter
1829 2136 151 54 tales
1930 2136 151 54 giros
2014 2136 117 54 mini¬-

462 2175 114 72 mae
527 2175 114 72 est
592 2175 244 72 durationis,
786 2175 97 72 vt
835 2175 195 72 perbelle
981 2175 244 72 Aristoteles
1176 2175 97 72 in
1225 2175 162 72 litera
1338 2175 162 72 docet.
1452 2175 97 72 Et
1501 2175 146 72 patet
1598 2175 130 72 alia
1679 2175 195 72 ratione.
1826 2175 179 72 Nunquam
1955 2175 130 72 enim
2020 2175 114 72 durat

455 2221 200 63 amicitia
605 2221 150 63 inter
706 2221 183 63 aliquos
839 2221 133 63 nisi
922 2221 183 63 habeant
1056 2221 150 63 inter
1156 2221 100 63 se
1206 2221 267 63 oblectamina,
1423 2221 133 63 quae
1506 2221 150 63 inter
1606 2221 250 63 flagitiosos
1806 2221 117 63 non
1873 2221 250 63 contingunt,
2057 2221 83 63 im¬-

453 2267 106 62 mo
506 2267 195 62 peccata
648 2267 230 62 tristitia
825 2267 213 62 sequitur
985 2267 106 62 vt
1038 2267 177 62 corpus
1162 2267 177 62 opacum
1286 2267 177 62 vmbra,
1410 2267 213 62 secundum
1570 2267 160 62 illud
1676 2267 266 62 Augustinum.
1889 2267 213 62 lussisti
2048 2267 124 62 do¬

451 2311 163 61 mine,
559 2311 90 61 &
596 2311 127 61 ita
668 2311 145 61 est,
758 2311 109 61 vt
813 2311 163 61 poena
921 2311 127 61 sit
994 2311 145 61 sibi
1084 2311 163 61 omnis
1192 2311 271 61 inordinatus
1410 2311 199 61 animus.
1554 2311 289 61 Conscientiam
1789 2311 235 61 mordentem
1970 2311 109 61 in
2006 2311 127 61 morem

453 2358 193 65 draconis
598 2358 161 65 habent
711 2358 161 65 praui,
823 2358 161 65 Esaiae
936 2358 177 65 tertio.
1065 2358 129 65 Erit
1146 2358 161 65 cubile
1258 2358 209 65 draconum,
1419 2358 193 65 scilicet
1564 2358 242 65 conscientia
1742 2358 193 65 peccatrix.

656 2433 372 97 Tractatus.
949 2433 186 97 II.
1055 2433 213 97 Cap.
1188 2433 213 97 III.
1321 2433 160 97 Et
1401 2433 213 97 Lib.
1534 2433 239 97 VIII.
1694 2433 213 97 Cap.
1800 2433 133 97 IX.

715 2502 206 70 ldetur
860 2502 186 70 autem
983 2502 247 70 amicitia
1169 2502 103 70 &
1210 2502 206 70 iustum
1355 2502 103 70 (
1396 2502 124 70 vt
1458 2502 124 70 in
1519 2502 247 70 pricipio
1705 2502 247 70 diximus)
1891 2502 186 70 circa
1994 2502 144 70 eadem

788 2568 89 60 &
824 2568 107 60 in
878 2568 179 60 eisdem
1003 2568 161 60 esse.
1110 2568 107 60 In
1164 2568 143 60 omni
1253 2568 179 60 nanque
1379 2568 233 60 societate
1557 2568 179 60 iustum
1683 2568 215 60 aliquod,
1844 2568 89 60 &
1880 2568 215 60 amicitia
2023 2568 107 60 esse

794 2629 220 68 videtur.
959 2629 183 68 ltaque
1087 2629 110 68 vt
1142 2629 183 68 amicos
1270 2629 256 68 appellant,
1472 2629 165 68 simul
1581 2629 275 68 nauigantes,
1801 2629 92 68 &
1838 2629 311 68 commilitones,
2076 2629 55 68 &

782 2679 214 66 caeteros
943 2679 232 66 similiter
1122 2679 197 66 socios:
1265 2679 161 66 atque
1372 2679 214 66 quatenus
1533 2679 286 66 communicant,
1765 2679 197 66 eatenus
1908 2679 125 66 est
1961 2679 179 66 amicitia

784 2736 96 72 &
822 2736 193 72 iustum
957 2736 154 72 enim
1054 2736 174 72 eodem
1170 2736 174 72 modo.
1285 2736 116 72 Et
1343 2736 270 72 prouerbium
1555 2736 193 72 recte,
1690 2736 116 72 ea
1748 2736 154 72 quae
1845 2736 154 72 sunt
1922 2736 212 72 amicorum,

629 2755 137 100 fag
708 2755 235 100 communia
884 2755 176 100 dicit
1002 2755 176 100 esse.
1119 2755 235 100 Amicitia
1296 2755 196 100 nanque
1433 2755 118 100 in
1491 2755 372 100 communicatione,
1805 2755 313 100 societateque
2040 2755 98 100 con

456 2845 198 64 sistit.
600 2845 162 64 Atque
709 2845 235 64 fratribus
889 2845 180 64 quidem
1015 2845 289 64 sodalibusque
1250 2845 180 64 cuncta
1376 2845 217 64 communia
1539 2845 162 64 sunt,
1647 2845 217 64 caeteris
1809 2845 162 64 autem
1917 2845 235 64 definita:
2080 2845 54 64 &

451 2896 161 73 aliis
558 2896 179 73 plura,
684 2896 161 73 aliis
791 2896 233 73 pauciora.
970 2896 268 73 Amicitiarum
1185 2896 143 73 enim
1274 2896 161 73 aliae
1382 2896 179 73 magis,
1507 2896 161 73 aliae
1614 2896 161 73 minus
1721 2896 233 73 amicitiae
1900 2896 161 73 sunt.
1990 2896 143 73 Diffe¬-

444 2960 145 54 runt
534 2960 163 54 autem
643 2960 90 54 &
679 2960 181 54 iusta.
805 2960 126 54 Non
878 2960 145 54 enim
968 2960 163 54 eadem
1076 2960 145 54 sunt
1167 2960 253 54 parentibus
1365 2960 108 54 ad
1419 2960 181 54 filios
1546 2960 90 54 &
1582 2960 235 54 fratribus
1763 2960 163 54 inter
1871 2960 126 54 se:
1943 2960 163 54 neque
2034 2960 90 54 so¬-

440 3021 211 63 dalibus,
599 3021 158 63 atque
704 3021 211 63 ciuibus,
863 3021 88 63 &
898 3021 106 63 in
951 3021 211 63 caeteris
1109 3021 229 63 similiter
1285 3021 246 63 amicitiis.
1478 3021 193 63 Diuersa
1619 3021 176 63 igitur
1742 3021 141 63 sunt
1830 3021 88 63 &
1865 3021 158 63 iusta
1971 3021 106 63 ad
2006 3021 123 63 horum

456 3058 225 71 singulos.
628 3058 104 71 Et
680 3058 242 71 incrementa
870 3058 242 71 suscipiunt
1060 3058 138 71 quod
1147 3058 138 71 sunt
1233 3058 104 71 ad
1285 3058 155 71 magis
1388 3058 190 71 amicos.
1527 3058 121 71 Est
1596 3058 138 71 enim
1682 3058 190 71 grauius
1820 3058 190 71 sodali,
1958 3058 138 71 quam
2027 3058 104 71 ciui

454 3125 214 62 pecuniam
614 3125 214 62 auferre,
775 3125 89 62 &
810 3125 178 62 fratri
935 3125 142 62 quam
1024 3125 214 62 extraneo
1184 3125 142 62 opem
1273 3125 125 62 non
1345 3125 178 62 ferre:
1469 3125 89 62 &
1505 3125 178 62 patrem
1629 3125 142 62 quam
1718 3125 196 62 quemuis
1861 3125 160 62 alium
1950 3125 178 62 pulsare.

444 3179 197 62 Crescit
588 3179 161 62 autem
695 3179 90 62 &
731 3179 179 62 iustum
857 3179 126 62 cum
928 3179 215 62 amicitia
1090 3179 179 62 simul,
1215 3179 179 62 quippe
1341 3179 126 62 cum
1413 3179 143 62 sint
1502 3179 108 62 in
1556 3179 197 62 eisdem,
1700 3179 90 62 &
1735 3179 161 62 aeque
1843 3179 143 62 sese
1915 3179 215 62 extendant.

442 3225 107 97 At
496 3225 143 97 vero
585 3225 250 97 societates
782 3225 179 97 omnes,
907 3225 197 97 similes
1050 3225 143 97 sunt
1139 3225 214 97 partibus
1300 3225 250 97 societatis
1497 3225 214 97 ciuilis.
1657 3225 125 97 Nam
1729 3225 107 97 ob
1782 3225 250 97 vtilitatem
1961 3225 161 97 aliquam
