2349 3602
226 245 93 109 Ei
272 245 139 109 autem
365 245 186 109 publicae
504 245 108 109 &c.
566 245 108 109 Hoc
628 245 108 109 est
690 245 170 109 quartum
814 245 186 109 capuntur
953 245 139 109 huius
1046 245 170 109 secundi
1170 245 232 109 tractatuns,
1356 245 93 109 in
1402 245 108 109 quo
1464 245 232 109 Aristoteles
1650 245 155 109 dictis
1743 245 108 109 dicen

212 318 94 81 da
259 318 157 81 assuit
369 318 141 81 atque
464 318 204 81 annectit.
621 318 204 81 Nuperrime
778 318 141 81 dixit
872 318 126 81 quod
951 318 189 81 amicitia
1092 318 94 81 in
1139 318 204 81 societate
1296 318 220 81 consistit.
1469 318 173 81 Insuper
1595 318 189 81 enodauit
1720 318 126 81 iusti¬-

270 367 121 84 tiam
345 367 136 84 atque
436 367 196 84 amicitiam
587 367 136 84 circa
678 367 151 84 eandem
783 367 166 84 versari
904 367 196 84 materiam.
1055 367 196 84 Praeterea
1206 367 211 84 monstrauit
1372 367 181 84 singulas
1508 367 211 84 societates
1674 367 91 84 ad
1704 367 136 84 ciuilem

166 416 192 92 attinere,
314 416 163 92 tamquam
433 416 148 92 partes
536 416 89 92 ad
580 416 148 92 totum,
684 416 118 92 nunc
758 416 118 92 vero
832 416 207 92 societatem
995 416 163 92 ciuilem
1113 416 89 92 in
1157 416 118 92 suos
1231 416 133 92 ramos
1320 416 207 92 distrahit,
1483 416 74 92 &
1513 416 252 92 similitudinem
1705 416 133 92 ipsarum

176 459 172 95 enucleat
305 459 86 95 ad
348 459 201 95 societatem
505 459 100 95 rei
562 459 215 95 familiaris.
734 459 86 95 Et
777 459 100 95 hoc
834 459 115 95 quia
906 459 86 95 ad
949 459 129 95 illas
1035 459 100 95 non
1092 459 129 95 solum
1178 459 172 95 iustitia
1307 459 215 95 extenditur,
1479 459 201 95 verumetiam
1636 459 186 95 amicitia.
1780 459 86 95 In

175 514 173 86 geminas
301 514 157 86 partes
411 514 142 86 caput
505 514 157 86 secat.
616 514 94 86 In
663 514 157 86 priore
773 514 173 86 species
899 514 110 86 rei
961 514 173 86 ciuilis
1087 514 173 86 aperit.
1213 514 94 86 In
1260 514 220 86 posteriore
1433 514 126 86 vero
1512 514 220 86 societates
1685 514 110 86 rei
1732 514 110 86 fami¬-

173 554 168 90 liaris.
295 554 137 90 Dicit
386 554 122 90 ergo
463 554 153 90 primo.
570 554 107 90 Rei
631 554 137 90 autem
722 554 183 90 publicae
860 554 122 90 tres
936 554 122 90 sunt
1013 554 183 90 species,
1150 554 76 90 &
1180 554 168 90 totidem
1303 554 290 90 transgressiones
1547 554 76 90 &
1577 554 137 90 quasi
1669 554 153 90 labes,
1761 554 76 90 hoc

174 607 105 80 est
234 607 256 80 corruptiones.
445 607 90 80 Et
490 607 136 80 illae
581 607 151 80 quidem
686 607 136 80 sunt,
776 607 151 80 Regum,
882 607 196 80 Optimorum
1033 607 196 80 potestas,
1183 607 105 80 hoc
1243 607 105 80 est
1304 607 256 80 Aristocratia,
1515 607 75 80 &
1545 607 151 80 tertia
1650 607 105 80 est
1710 607 90 80 ea
1756 607 121 80 quae

177 654 75 87 &
207 654 181 87 censibus
343 654 121 87 fit,
418 654 121 87 quam
494 654 287 87 censupotestatem
735 654 151 87 dicere
841 654 241 87 accommodatum
1037 654 181 87 videtur,
1172 654 166 87 plurimi
1293 654 136 87 autem
1384 654 226 87 rempublicam
1565 654 196 87 appellare
1700 654 136 87 consue¬-

173 692 148 95 uere.
271 692 148 95 Aliis
370 692 131 95 vero
452 692 247 95 Timocratia.
649 692 197 95 Hodierno
797 692 115 95 die
863 692 99 95 in
912 692 115 95 his
978 692 164 95 extera
1093 692 247 95 subnectemus
1290 692 164 95 duorum
1405 692 247 95 secundorum.
1602 692 131 95 quia
1685 692 148 95 regia
1767 692 82 95 po¬-

176 747 156 82 testas
285 747 109 82 est
348 747 202 82 perspicua
504 747 249 82 Aristocratia
706 747 125 82 est.
784 747 93 82 In
831 747 187 82 Venetiis
971 747 109 82 vbi
1033 747 187 82 patritii
1173 747 125 82 soli
1251 747 234 82 reipublicae
1438 747 171 82 habenas
1563 747 234 82 moderantur.
1734 747 109 82 Metis

172 793 97 84 in
220 793 194 84 confinio
366 793 275 84 Lotharingiae,
592 793 243 84 Florentiae,
787 793 162 84 Senis,
900 793 194 84 Lubeccae
1045 793 97 84 in
1094 793 210 84 Germania.
1256 793 194 84 Exemplum
1401 793 162 84 tertii
1514 793 113 84 est
1579 793 129 84 apud
1644 793 194 84 Heluetios:

182 837 110 90 qui
245 837 173 90 homines
371 837 94 90 in
418 837 126 90 illa
496 837 173 90 politia
622 837 126 90 sunt
701 837 204 90 aequales,
858 837 110 90 nec
920 837 141 90 inter
1015 837 173 90 nobiles
1140 837 79 90 &
1172 837 204 90 ignobiles
1329 837 110 90 est
1392 837 220 90 discrimen:
1564 837 110 90 sed
1627 837 157 90 ciuium
1721 837 126 90 aequa¬-

178 887 173 81 litatem
304 887 205 81 quaerunt.
462 887 205 81 Sequitur.
620 887 142 81 Atque
714 887 142 81 harum
809 887 221 81 politiarum
982 887 158 81 optima
1092 887 110 81 est
1155 887 173 81 regnum,
1282 887 252 81 deiectissima
1486 887 284 81 censupotestas,
1723 887 79 81 &
1739 887 110 81 media

188 938 210 82 optimorum
350 938 210 82 potestas.
512 938 162 82 Regnum
625 938 113 82 est
690 938 162 82 optima
803 938 178 82 politia
932 938 130 82 quia
1013 938 146 82 illic
1111 938 130 82 vnus
1191 938 178 82 prudens
1321 938 194 82 praeest.
1467 938 97 82 Ex
1515 938 113 82 hoc
1580 938 210 82 duodecimo
1726 938 113 82 Meta¬-

181 975 194 98 physicae
326 975 242 98 Aristoteles
520 975 129 98 vnum
600 975 194 98 rectorem
745 975 194 98 vniuersi
890 975 226 98 concludit.
1068 975 97 98 Et
1116 975 129 98 quia
1197 975 177 98 politia
1326 975 242 98 Timocratica
1519 975 258 98 ambitiosorum
1713 975 129 98 maxime

178 1026 90 80 ab
223 1026 165 80 vnitate
343 1026 180 80 recedit,
477 1026 120 80 illa
552 1026 105 80 est
612 1026 209 80 deterrima.
777 1026 90 80 Et
821 1026 120 80 quia
896 1026 180 80 paucorum
1031 1026 180 80 potestas
1166 1026 105 80 non
1226 1026 105 80 ita
1285 1026 120 80 late
1360 1026 75 80 a
1390 1026 165 80 politia
1510 1026 150 80 regali
1615 1026 150 80 distat
1719 1026 120 80 illa
1779 1026 75 80 est

186 1069 147 83 media.
289 1069 235 83 Transgressio
480 1069 132 83 regni
568 1069 176 83 tyrannis
699 1069 176 83 vocatur,
831 1069 103 83 hoc
890 1069 103 83 est
949 1069 88 83 ea
993 1069 132 83 labes
1081 1069 117 83 quae
1154 1069 176 83 politiae
1286 1069 147 83 regali
1389 1069 191 83 opponitur
1535 1069 176 83 tyrannis
1652 1069 191 83 appellatur.

183 1119 91 89 In
228 1119 167 89 vtraque
349 1119 121 89 enim
425 1119 167 89 politia
546 1119 121 89 vnus
622 1119 106 89 est
683 1119 197 89 monarcha,
834 1119 106 89 sed
895 1119 136 89 inter
986 1119 151 89 selate
1092 1119 212 89 differunt.
1258 1119 182 89 Tyrannus
1395 1119 121 89 enim
1470 1119 136 89 suum,
1561 1119 106 89 rex
1622 1119 121 89 vero
1698 1119 136 89 eorum
1773 1119 76 89 qui

186 1167 185 85 reguntur
324 1167 170 85 quaerit
448 1167 247 85 emolumentum.
648 1167 108 85 Non
710 1167 123 85 enim
787 1167 185 85 quispiam
926 1167 170 85 meretur
1050 1167 123 85 dici
1127 1167 108 85 rex
1189 1167 123 85 nisi
1266 1167 93 85 ad
1312 1167 185 85 regendum
1451 1167 93 85 ex
1497 1167 93 85 se
1543 1167 216 85 sufficiens
1713 1167 154 85 fuerit
1806 1167 46 85 &

185 1209 172 89 omnibus
310 1209 141 89 bonis
404 1209 235 89 antecellat.
592 1209 109 89 Non
655 1209 125 89 ergo
733 1209 125 89 suas
811 1209 125 89 ipse
889 1209 109 89 sed
952 1209 141 89 eorum
1046 1209 125 89 quos
1124 1209 141 89 regit
1218 1209 219 89 vtilitates
1390 1209 188 89 quaerit:
1531 1209 109 89 qui
1593 1209 141 89 autem
1687 1209 141 89 talis
1781 1209 109 89 non

185 1254 105 87 est
245 1254 135 87 forte
335 1254 150 87 potius
440 1254 105 87 est
500 1254 150 87 quidem
605 1254 180 87 princeps
740 1254 120 87 quam
815 1254 120 87 rex.
890 1254 180 87 Tyrannis
1025 1254 105 87 est
1084 1254 135 87 labes
1174 1254 135 87 inter
1264 1254 105 87 has
1324 1254 120 87 tres
1399 1254 285 87 transgressiones
1624 1254 225 87 abiectissima.

183 1305 201 84 Probatio,
337 1305 124 84 quia
414 1305 201 84 opponitur
569 1305 185 84 optimae:
708 1305 201 84 quamobrem
863 1305 124 84 ipsa
940 1305 108 84 est
1002 1305 185 84 pessima.
1141 1305 201 84 Propterea
1296 1305 108 84 eim
1357 1305 139 84 odium
1450 1305 108 84 dei
1512 1305 108 84 est
1574 1305 201 84 flagitium
1713 1305 139 84 immane.

185 1348 126 94 quia
264 1348 173 94 virtuti
390 1348 189 94 optimae.
532 1348 94 94 i.
579 1348 220 94 dilectioni
752 1348 110 94 dei
815 1348 236 94 aduersatur.
1004 1348 94 94 Ex
1051 1348 205 94 optimatum
1209 1348 126 94 vero
1287 1348 205 94 potestate
1445 1348 94 94 ad
1492 1348 189 94 paucorum
1634 1348 205 94 potentiam
1775 1348 79 94 fit

187 1402 278 83 transgressio,
415 1402 82 83 &
448 1402 131 83 haec
529 1402 147 83 labes
627 1402 98 83 in
676 1402 180 83 antiqua
807 1402 261 83 translatione
1019 1402 180 83 vocatur
1150 1402 245 83 oligarchia,
1346 1402 114 83 hoc
1411 1402 114 83 est
1476 1402 180 83 quoniam
1607 1402 147 83 probi
1705 1402 82 83 &
1737 1402 147 83 pauci
1819 1402 49 83 a

181 1450 209 85 principio
342 1450 177 85 habenas
470 1450 241 85 reipublicae
663 1450 129 85 bene
743 1450 241 85 moderantur,
936 1450 112 85 qui
1000 1450 112 85 res
1065 1450 209 85 ciuitatis
1225 1450 177 85 praeter
1354 1450 225 85 dignitatem
1531 1450 257 85 distribuunt,
1739 1450 80 85 &
1756 1450 112 85 magi¬-

182 1492 176 85 stratus
310 1492 112 85 non
374 1492 144 85 aequa
470 1492 144 85 lance
567 1492 240 85 partiuntur,
759 1492 112 85 sed
823 1492 160 85 eosdem
935 1492 240 85 magistratus
1128 1492 208 85 opulentis
1288 1492 224 85 conferunt.
1464 1492 96 85 Ex
1512 1492 289 85 censupotestate
1753 1492 96 85 ad
1785 1492 80 85 po¬-

184 1535 184 98 pularem
318 1535 234 98 potestatem
502 1535 117 98 fit
569 1535 284 98 transgressio,
803 1535 117 98 hoc
870 1535 117 98 est
937 1535 100 98 ad
987 1535 268 98 Democratiam.
1204 1535 117 98 Hae
1271 1535 134 98 enim
1355 1535 134 98 duae
1438 1535 134 98 sunt
1522 1535 234 98 finitimae.
1706 1535 100 98 At
1739 1535 134 98 minima

186 1589 303 82 transgressionum
441 1589 239 82 reipublicae
633 1589 112 82 est
697 1589 207 82 popularis
856 1589 207 82 potestas:
1016 1589 255 82 quandoquidem
1223 1589 144 82 parum
1319 1589 239 82 reipublicae
1510 1589 271 82 transgreditur
1717 1589 144 82 speciem

185 1627 80 87 &
217 1627 144 87 patet
313 1627 193 87 ratione.
458 1627 241 87 Timocratica
650 1627 112 87 est
715 1627 225 87 politiarum
891 1627 177 87 infima,
1019 1627 160 87 itaque
1132 1627 128 87 lues
1212 1627 96 87 ei
1260 1627 193 87 opposita
1405 1627 112 87 est
1469 1627 177 87 infima.
1597 1627 128 87 Item
1677 1627 96 87 in
1710 1627 144 87 politia

203 1672 260 90 Timocratica,
414 1672 114 90 est
479 1672 195 90 aequalis
626 1672 195 90 obtuitus
772 1672 98 90 ad
821 1672 228 90 locupletes
1000 1672 81 90 &
1033 1672 179 90 inopes:
1163 1672 98 90 in
1212 1672 244 90 Democratica
1407 1672 195 90 inopibus
1554 1672 130 90 plus
1635 1672 179 90 fauoris
1749 1672 114 90 datur

191 1722 124 94 quam
269 1722 264 94 locupletibus.
487 1722 93 94 Et
534 1722 140 94 licet
627 1722 93 94 id
674 1722 171 94 praeter
798 1722 218 94 dignitatem
969 1722 140 94 fiat,
1063 1722 140 94 labes
1156 1722 140 94 tamen
1249 1722 109 94 non
1312 1722 109 94 est
1374 1722 171 94 maxima.
1498 1722 187 94 Inopibus
1638 1722 124 94 enim
1716 1722 124 94 quia
1778 1722 78 94 non

192 1767 104 91 est
252 1767 179 91 iniuria,
386 1767 104 91 sed
446 1767 254 91 locupletibus,
655 1767 134 91 parua
744 1767 104 91 est
804 1767 254 91 transgressio,
1013 1767 104 91 qui
1073 1767 134 91 illam
1162 1767 149 91 melius
1267 1767 119 91 quam
1342 1767 179 91 pauperes
1476 1767 194 91 sustinere
1625 1767 194 91 possunt:,
1774 1767 75 91 &
1789 1767 75 91 hoc

194 1818 115 82 est
259 1818 148 82 totum
358 1818 197 82 peccatum
505 1818 131 82 quod
588 1818 98 82 in
637 1818 115 82 hac
702 1818 181 82 politia
834 1818 131 82 fit.
916 1818 98 82 De
965 1818 246 82 Democratica
1162 1818 98 82 ad
1211 1818 263 82 Timocraticam
1425 1818 131 82 quia
1507 1818 131 82 sunt
1589 1818 164 82 multum
1687 1818 181 82 finitimae

191 1870 176 86 facilis
319 1870 112 86 est
383 1870 225 86 transitus:
560 1870 128 86 quia
640 1870 96 86 in
688 1870 305 86 symbolizantibus
945 1870 192 86 facilior
1089 1870 112 86 est
1153 1870 273 86 transmutatio,
1378 1870 176 86 secundo
1506 1870 96 86 de
1554 1870 257 86 generatione.
1747 1870 112 86 Harum

193 1908 151 94 trium
294 1908 219 94 specierum
462 1908 252 94 reipublicae
664 1908 202 94 effigiem
815 1908 101 94 in
866 1908 252 94 oeconomicis
1067 1908 84 94 &
1101 1908 101 94 in
1151 1908 101 94 re
1202 1908 219 94 familiari
1370 1908 202 94 accipere
1521 1908 168 94 potes.
1639 1908 202 94 Societas
1773 1908 101 94 enim

200 1954 155 96 patris
308 1954 93 96 ad
355 1954 155 96 filium
463 1954 124 96 prae
541 1954 93 96 se
587 1954 124 96 fert
665 1954 186 96 specimen
804 1954 155 96 ipsius
913 1954 186 96 politiae
1052 1954 186 96 regalis.
1192 1954 140 96 Patri
1285 1954 155 96 namque
1393 1954 155 96 liberi
1502 1954 124 96 sunt
1579 1954 155 96 curae.
1688 1954 124 96 Hinc
1765 1954 78 96 &
1781 1954 78 96 Ho¬-

190 2003 150 87 merus
290 2003 150 87 louem
390 2003 167 87 patrem
507 2003 216 87 appellat.
673 2003 150 87 Ipsum
773 2003 133 87 enim
856 2003 167 87 regnum
973 2003 200 87 imperium
1123 2003 133 87 vult
1206 2003 133 87 esse
1289 2003 216 87 paternum.
1456 2003 167 87 Patris
1572 2003 150 87 tamen
1672 2003 133 87 apud
1739 2003 133 87 Persas

200 2047 189 86 imperium
342 2047 220 86 tyrannicum
515 2047 126 86 est:
593 2047 126 86 suis
672 2047 126 86 enim
750 2047 157 86 filiis
860 2047 173 86 vtuntur
986 2047 94 86 vt
1033 2047 173 86 seruis.
1159 2047 110 86 Non
1222 2047 110 86 est
1285 2047 110 86 hic
1347 2047 141 86 sermo
1442 2047 94 86 de
1489 2047 157 86 seruis
1599 2047 236 86 mercenariis
1787 2047 110 86 sed

200 2097 224 84 legalibus.
376 2097 128 84 Heri
456 2097 192 84 dominium
600 2097 96 84 ad
648 2097 160 84 seruos
760 2097 224 84 tyrannicum
936 2097 128 84 est.
1016 2097 144 84 Herus
1113 2097 112 84 est
1177 2097 192 84 dominus,
1321 2097 144 84 Heros
1417 2097 144 84 autem
1513 2097 144 84 quasi
1609 2097 176 84 diuinus
1737 2097 80 84 &
1753 2097 112 84 semi¬-

193 2151 145 85 deus:
290 2151 145 85 sicut
386 2151 161 85 aeneas
499 2151 81 85 a
532 2151 145 85 poeta
628 2151 177 85 maximus
757 2151 145 85 heros
854 2151 242 85 appellatur:
1048 2151 81 85 &
1080 2151 129 85 hinc
1160 2151 177 85 heroica
1289 2151 177 85 virtus,
1418 2151 97 85 de
1467 2151 113 85 qua
1531 2151 97 85 in
1580 2151 177 85 septimo
1693 2151 177 85 Ethicorum

194 2200 142 75 dictum
293 2200 113 75 est.
364 2200 85 75 Et
407 2200 128 75 licet
492 2200 170 75 seruitus
619 2200 128 75 recta
705 2200 113 75 sit:
775 2200 128 75 tamen
861 2200 99 75 per
917 2200 85 75 se
960 2200 142 75 errant
1059 2200 85 75 in
1102 2200 99 75 hoc
1158 2200 113 75 quod
1229 2200 142 75 filiis
1329 2200 156 75 tamquam
1442 2200 142 75 seruis
1542 2200 170 75 vtuntur.
1669 2200 99 75 Nam
1712 2200 170 75 diuersorum

195 2245 185 80 diuersa
329 2245 168 80 debent
447 2245 134 80 esse
531 2245 201 80 imperia.
682 2245 101 80 At
732 2245 134 80 viri
816 2245 84 80 &
850 2245 168 80 vxoris
967 2245 201 80 societas
1118 2245 185 80 similis
1252 2245 218 80 optimatum
1420 2245 218 80 potestati
1588 2245 201 80 videtur.
1739 2245 117 80 Pro
1789 2245 84 80 di¬-

196 2281 172 98 gnitate
322 2281 110 98 vir
384 2281 204 98 praesidet
541 2281 78 98 &
572 2281 94 98 in
619 2281 110 98 his
682 2281 125 98 quae
760 2281 141 98 virum
854 2281 172 98 decent:
980 2281 125 98 quae
1058 2281 125 98 vero
1137 2281 141 98 vxori
1231 2281 266 98 accommodantur
1450 2281 125 98 haec
1528 2281 125 98 illi
1607 2281 172 98 tribuit
1732 2281 125 98 vir.
1795 2281 78 98 Hoc

198 2330 119 87 est
266 2330 102 87 de
317 2330 273 87 exterioribus
539 2330 85 87 &
573 2330 102 87 de
624 2330 119 87 his
693 2330 136 87 quae
778 2330 136 87 sunt
863 2330 171 87 magnae
983 2330 154 87 molis
1085 2330 119 87 vir
1153 2330 222 87 prouidet,
1324 2330 102 87 de
1375 2330 273 87 minutioribus
1597 2330 85 87 &
1631 2330 119 87 his
1699 2330 136 87 quae
1768 2330 102 87 domi

195 2377 155 83 sunt,
298 2377 172 83 mulier
419 2377 224 83 prouidet.
591 2377 103 83 Qa
643 2377 103 83 si
695 2377 103 83 in
746 2377 190 83 omnibus
884 2377 121 83 vir
953 2377 224 83 dominetur
1126 2377 103 83 in
1177 2377 207 83 paucorum
1333 2377 241 83 potestatem
1522 2377 207 83 mutatur.
1660 2377 207 83 Nonnunquam

195 2424 156 87 tamen
298 2424 173 87 vxores
420 2424 104 87 ob
471 2424 242 87 patrimonii
662 2424 277 87 amplitudinem
886 2424 259 87 dominantur,
1094 2424 121 87 sed
1163 2424 138 87 tunc
1250 2424 121 87 non
1319 2424 138 87 sunt
1405 2424 190 87 imperia
1543 2424 104 87 ob
1595 2424 208 87 virtutem
1751 2424 121 87 sed
1803 2424 69 87 ob

198 2469 141 89 opes:
292 2469 172 89 perinde
417 2469 141 89 atque
511 2469 94 89 in
557 2469 187 89 paucorum
698 2469 109 89 fit
760 2469 219 89 potestate,
932 2469 172 89 fratrum
1057 2469 125 89 vero
1135 2469 187 89 societas
1276 2469 172 89 similis
1401 2469 109 89 est
1463 2469 297 89 censupotestati:
1713 2469 125 89 sunt
1775 2469 94 89 enim

201 2517 144 95 pares
297 2517 175 95 praeter
424 2517 255 95 differentias
632 2517 191 95 aetatis,
775 2517 80 95 &
807 2517 96 95 si
855 2517 96 95 in
903 2517 160 95 aetate
1015 2517 160 95 multum
1126 2517 175 95 distent
1254 2517 144 95 aegre
1350 2517 144 95 inter
1445 2517 112 95 eos
1509 2517 191 95 seruatur
1653 2517 191 95 fraterna
1780 2517 96 95 ami¬-

202 2572 166 76 citia.
319 2572 216 76 Popularis
485 2572 150 76 autem
585 2572 199 76 potestas
734 2572 100 76 in
784 2572 116 76 his
851 2572 166 76 maxime
967 2572 299 76 habitationibus
1216 2572 116 76 est
1283 2572 133 76 quae
1366 2572 166 76 domino
1482 2572 183 76 carent.
1615 2572 116 76 Hic
1682 2572 150 76 autem
1765 2572 116 76 omnes

199 2610 127 82 sunt
278 2610 206 82 aequales,
437 2610 79 82 &
468 2610 95 82 in
516 2610 158 82 quibus
627 2610 190 82 princeps
769 2610 111 82 est
832 2610 222 82 imbecillis
1006 2610 79 82 &
1038 2610 206 82 vnicuique
1196 2610 142 82 inest
1291 2610 206 82 potestas,
1450 2610 174 82 debilis
1576 2610 111 82 est
1640 2610 190 82 princeps
1766 2610 111 82 inter

199 2655 135 85 eos.
283 2655 101 85 Vt
334 2655 202 85 Heluetii
485 2655 168 85 quando
603 2655 101 85 ad
654 2655 168 85 bellum
771 2655 320 85 proficiscuntur,
1041 2655 202 85 ductores
1192 2655 202 85 ordinant
1343 2655 118 85 qui
1411 2655 84 85 &
1444 2655 252 85 magistratus
1646 2655 101 85 in
1680 2655 202 85 republica,

199 2703 112 85 sed
263 2703 144 85 parum
359 2703 256 85 authoritatis
567 2703 176 85 habent.
694 2703 144 85 Certe
790 2703 96 85 si
838 2703 96 85 in
886 2703 160 85 paruis
998 2703 192 85 labantur
1142 2703 160 85 vltimo
1254 2703 208 85 supplicio
1414 2703 224 85 feriuntur,
1589 2703 112 85 sic
1653 2703 112 85 est
1717 2703 96 85 de
1749 2703 128 85 priore

203 2755 219 87 Sorbonico
372 2755 152 87 annuo
473 2755 84 87 &
507 2755 101 87 in
557 2755 219 87 collegiis
726 2755 101 87 in
777 2755 169 87 quibus
895 2755 118 87 est
962 2755 202 87 sociorum
1114 2755 253 87 aequalitas,
1316 2755 118 87 hoc
1384 2755 169 87 dempto
1502 2755 135 87 quod
1586 2755 169 87 quidam
1704 2755 118 87 cum
1755 2755 118 87 parua

196 2821 267 59 authoritate
410 2821 232 59 aliquando
588 2821 267 59 magistratum
784 2821 143 59 gerit.

200 2814 85 122 ⁋
234 2814 238 122 Quaeritur,
421 2814 136 122 quae
507 2814 238 122 politiarum
694 2814 119 122 est
762 2814 341 122 praestantissima.
1051 2814 272 122 Respondetur,
1273 2814 221 122 monarchia
1443 2814 153 122 inter
1545 2814 153 122 omnes
1648 2814 204 122 politias
1801 2814 119 122 est
1852 2814 51 122 (

202 2888 152 94 prima
303 2888 253 94 caeterisque
505 2888 270 94 anteponenda.
724 2888 101 94 In
775 2888 169 94 apibus
893 2888 118 94 est
960 2888 135 94 rex,
1045 2888 152 94 cuius
1146 2888 219 94 auspiciis
1314 2888 152 94 bella
1415 2888 118 94 cum
1483 2888 152 94 hoste
1584 2888 185 94 gerunt,
1719 2888 202 94 defessum
1853 2888 51 94 p

195 2944 253 77 subleuant:
394 2944 271 77 egredientem
611 2944 217 77 turmatim
774 2944 308 77 circumuolant.
1027 2944 90 77 &
1064 2944 127 77 cum
1136 2944 145 77 apes
1226 2944 217 77 rationis
1389 2944 217 77 expertes
1552 2944 109 77 id
1607 2944 217 77 doceant,
1751 2944 127 77 omni¬-

196 2984 125 87 bus
268 2984 125 87 non
339 2984 125 87 est
410 2984 321 87 praetereundum.
678 2984 107 87 Et
732 2984 161 87 prima
839 2984 143 87 quia
928 2984 143 87 ante
1018 2984 161 87 alias
1125 2984 196 87 fluxit.
1268 2984 196 87 Assyrii
1411 2984 143 87 enim
1500 2984 161 87 reges
1607 2984 196 87 tempore
1732 2984 143 87 Tharae

202 3030 177 91 patris
326 3030 195 91 Abrahae
468 3030 230 91 floruere.
645 3030 195 91 Abraham
786 3030 124 91 cum
857 3030 195 91 regibus
999 3030 230 91 bellabat,
1176 3030 106 91 vt
1229 3030 124 91 ex.
1300 3030 124 91 ia.
1371 3030 177 91 capite
1495 3030 212 91 Geneseos
1654 3030 230 91 edocemur.
1813 3030 71 91 Ad

208 3078 131 87 haec
290 3078 148 87 vsque
388 3078 180 87 tempora
519 3078 197 87 perdurat
667 3078 164 87 vbiuis
781 3078 180 87 gentium
912 3078 197 87 diffusa.
1060 3078 98 87 In
1109 3078 148 87 Asia,
1208 3078 197 87 Affrica,
1355 3078 98 87 ac
1404 3078 131 87 pene
1486 3078 98 87 in
1535 3078 131 87 tota
1617 3078 164 87 Europa
1732 3078 148 87 reges
1814 3078 82 87 im¬-

211 3121 178 96 perant.
340 3121 194 96 Secundo,
485 3121 226 96 pluralitas
663 3121 210 96 principum
824 3121 129 96 mala
905 3121 129 96 est.
986 3121 81 96 .
1018 3121 274 96 Metaphysicae,
1244 3121 178 96 vnusque
1373 3121 113 96 est
1438 3121 145 96 mundi
1535 3121 161 96 rector
1648 3121 194 96 scilicet
1777 3121 113 96 deus.

198 3178 191 81 itaque
331 3178 153 81 vnus
427 3178 210 81 habenas
580 3178 172 81 regni
694 3178 305 81 moderabitur,
942 3178 114 81 in
999 3178 172 81 cuius
1114 3178 267 81 argumentum
1324 3178 210 81 Romulus
1476 3178 95 81 &
1514 3178 172 81 Remus
1629 3178 172 81 simul
1724 3178 172 81 regnare

199 3216 245 93 nequibant.
391 3216 262 93 Parricidium
601 3216 227 93 monarcham
776 3216 210 93 peperit,
933 3216 262 93 convenienti
1143 3216 297 93 similitudine,
1388 3216 122 93 nec
1458 3216 105 93 in
1510 3216 192 93 omnibus
1633 3216 262 93 similitudinem
