2336 3595
168 244 129 91 ipso
248 244 113 91 quo
313 244 113 91 est
377 244 177 91 seruus,
506 244 113 91 non
571 244 161 91 vtitur
683 244 193 91 amicitia
828 244 97 91 ad
877 244 145 91 ipsum
973 244 113 91 sed
1038 244 113 91 quo
1102 244 113 91 est
1166 244 145 91 homo.
1263 244 225 91 Cuiuslibet
1440 244 129 91 enim
1521 244 177 91 hominis
1650 244 97 91 ad
1682 244 177 91 quemlibet

172 317 175 62 hominem
300 317 96 62 ei
347 317 239 62 occurrentem
539 317 112 62 est
602 317 159 62 iustum
714 317 80 62 &
746 317 207 62 amicitia.
905 317 112 62 Hoc
969 317 96 62 in
1017 317 143 62 primo
1112 317 159 62 capite
1224 317 143 62 huius
1319 317 159 62 octaui
1431 317 223 62 annotauit.
1606 317 96 62 In
1638 317 207 62 popularibus

173 363 252 56 Potestatibus
378 363 189 56 plurimum
520 363 142 56 inter
615 363 300 56 transgressiones
867 363 205 56 amicitiae
1025 363 126 56 est:
1104 363 142 56 certe
1199 363 110 56 cum
1262 363 126 56 sunt
1341 363 142 56 pares
1436 363 142 56 plura
1530 363 126 56 sunt
1609 363 110 56 eis
1656 363 174 56 communia.

178 408 80 68 ⁋
210 408 224 68 Dubitatur,
386 408 96 68 an
434 408 144 68 regen
529 408 144 68 pater
625 408 240 68 magnitudine
817 408 256 68 beneficiorum
1025 408 192 68 excedit.
1168 408 96 68 Et
1216 408 224 68 argumentor
1392 408 128 68 quod
1472 408 128 68 non.
1552 408 192 68 Officium
1695 408 144 68 regis
1775 408 80 68 est

165 462 147 44 magis
263 462 163 44 arduum
377 462 98 44 in
426 462 131 44 tota
508 462 212 44 republica
671 462 82 44 &
704 462 147 44 magis
802 462 261 44 necessarium.
1015 462 180 44 Insuper
1145 462 196 44 Socrates
1292 462 180 44 tenetur
1423 462 131 44 regi
1505 462 229 44 succurrere
1685 462 147 44 patre
1766 462 82 44 ne¬-

178 504 169 66 glecto,
301 504 154 66 quando
408 504 108 66 vni
470 504 123 66 soli
547 504 215 66 succurrere
716 504 154 66 potest
824 504 123 66 casu
901 504 108 66 quo
963 504 92 66 ad
1009 504 139 66 regis
1101 504 231 66 internetium
1286 504 108 66 res
1347 504 169 66 publica
1471 504 185 66 labaret.
1609 504 77 66 ⁋
1625 504 215 66 Respondetur,

172 557 118 55 quod
246 557 103 55 rex
305 557 103 55 est
364 557 162 55 vtilior
482 557 118 55 toti
556 557 236 55 reipublicae,
747 557 103 55 sed
806 557 133 55 pater
895 557 118 55 suis
968 557 133 55 natis
1057 557 177 55 vtilior.
1189 557 177 55 Obiectum
1322 557 133 55 regis
1411 557 103 55 est
1469 557 206 55 sublimius,
1632 557 118 55 quia
1705 557 118 55 tota
1764 557 74 55 res

178 605 181 57 publica,
314 605 121 57 quam
389 605 211 57 conseruare
555 605 106 57 pro
616 605 151 57 virili
721 605 151 57 debet.
827 605 136 57 Pater
917 605 136 57 autem
1008 605 91 57 ad
1053 605 136 57 solum
1144 605 121 57 suam
1219 605 181 57 familiam
1355 605 181 57 obtuitum
1491 605 181 57 flectit.
1627 605 91 57 Ad
1657 605 181 57 argumentum

178 647 164 64 concedo
297 647 223 64 antecedens,
476 647 74 64 &
505 647 119 64 nego
580 647 253 64 consequentiam
788 647 104 64 cum
847 647 238 64 consequente.
1041 647 74 64 ⁋
1071 647 149 64 Contra
1175 647 134 64 aliud
1264 647 149 64 dictum
1368 647 89 64 in
1413 647 119 64 fine
1487 647 164 64 capitis
1606 647 208 64 argumentor
1755 647 89 64 sic.

169 692 97 53 Ad
217 692 129 53 hunc
298 692 178 53 hominem
428 692 97 53 ea
476 692 178 53 ratione
605 692 113 53 qua
670 692 113 53 hic
735 692 129 53 homo
816 692 113 53 est
880 692 194 53 amicitia
1026 692 129 53 est:
1107 692 81 53 &
1139 692 113 53 hic
1204 692 129 53 homo
1284 692 113 53 est
1349 692 113 53 hic
1414 692 178 53 seruus:
1543 692 129 53 ergo
1624 692 97 53 ad
1672 692 129 53 hunc
1737 692 97 53 ser¬-

176 740 106 50 uum
237 740 91 50 ea
282 740 167 50 ratione
404 740 106 50 qua
465 740 152 50 seruus
571 740 106 50 est
632 740 182 50 amicitia
768 740 122 50 est,
844 740 243 50 expositorie.
1042 740 76 50 ⁋
1072 740 243 50 Respondetur,
1270 740 243 50 consequentia
1467 740 137 50 nihil
1559 740 152 50 valet.
1650 740 182 50 Appellatio

169 783 181 54 rationis
304 783 90 54 id
349 783 226 54 manifestat.
530 783 166 54 Ingenue
650 783 135 54 tamen
741 783 166 54 fatebor
861 783 105 54 vbi
921 783 135 54 herus
1012 783 166 54 fidelem
1132 783 150 54 seruum
1237 783 211 54 inuenerit,
1403 783 120 54 eius
1478 783 105 54 est
1538 783 166 54 officii
1658 783 135 54 illum
1734 783 105 54 vnice

169 827 198 56 diligere.
321 827 198 56 Considera
474 827 152 56 seruum
580 827 137 56 illum
672 827 183 56 Hispanum
809 827 107 56 qui
870 827 229 56 Hasdrubalem
1053 827 183 56 Poenorum
1190 827 137 56 ducem
1281 827 213 56 intrepidus
1449 827 213 56 interemit,
1616 827 91 56 eo
1662 827 122 56 quod
1723 827 122 56 ipsius

161 885 175 63 dominum
288 885 190 63 truciter
431 885 206 63 mactauit.
590 885 95 63 Et
637 885 111 63 cum
701 885 95 63 ad
748 885 222 63 supplicium
923 885 206 63 raperetur
1081 885 206 63 exultauit
1240 885 127 63 quod
1319 885 95 63 in
1367 885 143 63 tanta
1462 885 206 63 honestate
1621 885 190 63 supremum
1748 885 95 63 age¬-

180 925 118 66 ret
248 925 152 66 diem.
349 925 169 66 Quando
467 925 152 66 heros
568 925 84 66 a
602 925 186 66 famulis
737 925 219 66 diligitur
905 925 236 66 firmissima
1091 925 118 66 est
1158 925 186 66 illorum
1276 925 186 66 custodia.

587 982 206 114 Tract.
732 982 144 114 II.
814 982 165 114 Cap.
917 982 144 114 VI.
999 982 165 114 quod
1102 982 144 114 est
1185 982 165 114 Lib.
1288 982 185 114 VIII.
1411 982 165 114 Cap.
1493 982 124 114 XII.

501 1075 144 81 Mnis
591 1075 180 81 igitur
717 1075 216 81 amicitia
878 1075 126 81 (vt
950 1075 180 81 dictum
1076 1075 144 81 est)
1166 1075 108 81 in
1219 1075 233 81 societate
1399 1075 251 81 consistit.
1579 1075 269 81 Consanguineam

500 1147 155 76 autem
603 1147 207 76 quispiam
758 1147 207 76 seiunxit
913 1147 103 76 ac
965 1147 258 76 sodalitiam.
1171 1147 172 76 Ciuium
1292 1147 155 76 autem
1395 1147 224 76 amicitiae
1567 1147 86 76 &
1585 1147 258 76 contribulium,

505 1198 89 66 &
541 1198 160 66 simul
648 1198 285 66 nauigantium,
879 1198 89 66 &
915 1198 214 66 quotquot
1075 1198 142 66 sunt
1164 1198 178 66 tales,
1288 1198 160 66 magis
1395 1198 107 66 in
1448 1198 231 66 societate
1609 1198 231 66 consistunt.

504 1253 134 63 Nam
580 1253 306 63 stipulatione
829 1253 172 63 quasi
944 1253 191 63 quadam
1078 1253 230 63 constare
1251 1253 249 63 videntur.
1442 1253 172 63 Inter
1557 1253 134 63 has
1633 1253 230 63 quispiam
1787 1253 57 63 &

507 1314 300 60 hospitalitiam
754 1314 300 60 collocauerit.
1001 1314 282 60 Consanguinea
1230 1314 141 60 vero
1319 1314 229 60 multiplex
1495 1314 141 60 esse
1583 1314 212 60 videtur:
1724 1314 106 60 pen¬-

494 1363 127 64 det
566 1363 163 64 autem
675 1363 163 64 omnis
784 1363 109 64 ex
838 1363 217 64 paterna.
1001 1363 217 64 Parentes
1164 1363 145 64 enim
1255 1363 217 64 diligunt
1418 1363 181 64 natos,
1545 1363 109 64 vt
1599 1363 199 64 aliquid
1726 1363 109 64 sui:

162 1419 125 64 nati
240 1419 125 64 vero
318 1419 187 64 parentes
458 1419 93 64 vt
505 1419 125 64 quid
583 1419 93 64 ex
630 1419 156 64 illis.
739 1419 140 64 Atque
832 1419 140 64 magis
926 1419 156 64 sciunt
1035 1419 187 64 parentes
1175 1419 109 64 eos
1237 1419 109 64 qui
1299 1419 125 64 sunt
1377 1419 93 64 ex
1424 1419 156 64 ipsis,
1533 1419 125 64 quam
1611 1419 140 64 nati,
1704 1419 93 64 se
1736 1419 93 64 esse

171 1478 96 73 ex
219 1478 160 73 illis.
331 1478 191 73 Magisque
474 1478 223 73 coniunctum
650 1478 112 73 est
713 1478 96 73 id
761 1478 96 73 ex
809 1478 112 73 quo
873 1478 144 73 natum
969 1478 112 73 est
1032 1478 128 73 ipsi
1112 1478 144 73 nato,
1208 1478 128 73 quam
1288 1478 160 73 factum
1399 1478 96 73 ei
1447 1478 128 73 quod
1527 1478 160 73 fecit.
1639 1478 112 73 Est
1702 1478 128 73 enim
1766 1478 64 73 ei

176 1534 104 67 ex
228 1534 122 67 quo
297 1534 122 67 est
367 1534 156 67 ortum
471 1534 209 67 proprium
627 1534 104 67 id
680 1534 139 67 quod
767 1534 104 67 ex
819 1534 139 67 ipso
906 1534 122 67 est
975 1534 174 67 ortum,
1097 1534 104 67 vt
1149 1534 156 67 dens,
1253 1534 191 67 crinis,
1392 1534 87 67 &
1427 1534 191 67 quiduis
1566 1534 209 67 habenti.
1705 1534 139 67 Nullum

163 1592 166 66 autem
273 1592 203 66 illorum
420 1592 110 66 id
476 1592 110 66 ex
531 1592 129 66 quo
604 1592 147 66 orta
697 1592 166 66 sunt,
807 1592 129 66 aut
881 1592 184 66 minus.
1010 1592 203 66 Accedit
1157 1592 166 66 eodem
1267 1592 92 66 &
1304 1592 221 66 temporis
1470 1592 258 66 longitudo.
1654 1592 184 66 Parentes

171 1643 136 64 enim
256 1643 154 64 natos
359 1643 205 64 continuo
512 1643 222 64 diligunt.
683 1643 136 64 Illi
768 1643 136 64 vero
853 1643 222 64 parentes,
1024 1643 256 64 incrementis
1229 1643 188 64 tempore
1365 1643 239 64 susceptis,
1553 1643 85 64 &
1587 1643 171 64 mentis
1689 1643 154 64 compre¬-

175 1698 212 70 hensione
334 1698 124 70 vel
405 1698 194 70 sensus.
546 1698 106 70 Ex
599 1698 124 70 his
670 1698 159 70 autem
776 1698 159 70 patet
882 1698 88 70 &
917 1698 124 70 cur
988 1698 159 70 magis
1094 1698 212 70 diligant
1253 1698 194 70 matres.
1394 1698 212 70 Parentes
1553 1698 177 70 igitur
1677 1698 159 70 natos
1765 1698 71 70 vt

170 1754 184 62 seipsos
304 1754 167 62 amant,
421 1754 117 62 qui
487 1754 167 62 namque
604 1754 100 62 ex
654 1754 150 62 ipsis
754 1754 133 62 sunt
838 1754 150 62 orti:
938 1754 133 62 sunt
1021 1754 150 62 quasi
1121 1754 150 62 ipsi,
1222 1754 133 62 alii
1305 1754 267 62 separatione.
1522 1754 133 62 Nati
1605 1754 133 62 vero
1672 1754 167 62 parentes

167 1811 105 67 vt
219 1811 140 67 orti
306 1811 105 67 ex
359 1811 175 67 illis.
481 1811 87 67 ⁋
516 1811 192 67 Fratres
656 1811 157 67 autem
760 1811 140 67 sese
848 1811 157 67 mutuo
952 1811 227 67 diligunt,
1127 1811 140 67 quod
1214 1811 105 67 ex
1267 1811 175 67 eisdem
1389 1811 140 67 sunt
1476 1811 157 67 orti.
1581 1811 227 67 ldentitas
1738 1811 105 67 enim

164 1869 129 66 quae
245 1869 113 66 est
309 1869 97 66 ad
358 1869 146 66 illa,
455 1869 129 66 idem
536 1869 146 66 inter
633 1869 146 66 ipsos
730 1869 162 66 facit.
844 1869 227 66 Quapropter
1022 1869 162 66 eundem
1135 1869 210 66 sanguinem
1297 1869 178 66 dicunt,
1426 1869 81 66 &
1459 1869 194 66 stirpen,
1604 1869 81 66 &
1637 1869 162 66 talia:
1734 1869 97 66 sunt

181 1920 182 68 igitur
308 1920 255 68 quodammodo
508 1920 146 68 idem
599 1920 91 68 &
636 1920 109 68 in
690 1920 218 68 diuisis.
854 1920 182 68 Magnum
982 1920 164 68 autem
1091 1920 109 68 ad
1145 1920 237 68 amicitiam
1327 1920 127 68 est
1400 1920 91 68 &
1437 1920 237 68 enutritos
1619 1920 164 68 simul
1710 1920 127 68 esse,

168 1976 89 60 &
204 1976 195 60 aetatis
346 1976 231 60 aequalis.
523 1976 195 60 Equalis
665 1976 142 60 enim
753 1976 213 60 aequalem
913 1976 231 60 delectat:
1090 1976 89 60 &
1126 1976 142 60 ipsi
1214 1976 248 60 familiares
1409 1976 195 60 sodales
1551 1976 160 60 sunt,
1658 1976 89 60 &
1675 1976 160 60 idcirco

172 2031 203 59 fraterna
325 2031 203 59 amicitia
477 2031 237 59 sodalitiae
663 2031 186 59 similis
799 2031 136 59 est:
883 2031 220 59 patrueles
1053 2031 152 59 vero,
1155 2031 85 59 &
1188 2031 186 59 caeteri
1324 2031 237 59 propinqui.
1510 2031 102 59 ex
1561 2031 119 59 his
1629 2031 136 59 sunt
1697 2031 152 59 coniun¬-

170 2091 135 71 cti:
254 2091 219 71 propterea
423 2091 135 71 quod
507 2091 135 71 sunt
592 2091 101 71 ex
642 2091 186 71 eisdem.
777 2091 152 71 Atque
879 2091 135 71 alii
963 2091 169 71 magis,
1081 2091 135 71 alii
1165 2091 152 71 minus
1267 2091 152 71 fiunt
1368 2091 101 71 ex
1418 2091 101 71 eo
1469 2091 236 71 coniuncti,
1654 2091 135 71 quia
1722 2091 118 71 prope

168 2148 125 62 est
240 2148 125 62 aut
311 2148 178 62 distat
436 2148 178 62 origo.
561 2148 214 62 Amicitia
721 2148 161 62 autem
828 2148 143 62 quae
917 2148 214 62 filiorum
1078 2148 125 62 est
1149 2148 107 62 ad
1203 2148 232 62 parentes,
1381 2148 89 62 &
1417 2148 196 62 hominum
1560 2148 107 62 ad
1613 2148 161 62 deos,
1720 2148 107 62 vt
1774 2148 107 62 ad

170 2198 158 61 bonum
276 2198 123 61 est
346 2198 158 61 atque
451 2198 245 61 excellens.
643 2198 123 61 Nam
713 2198 175 61 maxima
836 2198 228 61 beneficia
1011 2198 280 61 contulerunt:
1238 2198 193 61 fuerunt
1378 2198 140 61 enim
1466 2198 193 61 essendi
1606 2198 175 61 causa,
1728 2198 88 61 &
1746 2198 105 61 ali¬-

168 2255 177 62 menti,
292 2255 106 62 ac
345 2255 283 62 educationis.
575 2255 159 62 Habet
682 2255 159 62 autem
788 2255 88 62 &
823 2255 248 62 voluptatem
1018 2255 88 62 &
1053 2255 248 62 vtilitatem
1248 2255 159 62 talis
1354 2255 212 62 amicitia
1513 2255 159 62 magis
1620 2255 142 62 quam
1690 2255 142 62 extra¬-

172 2308 179 68 neorum
297 2308 179 68 quanto
423 2308 89 68 &
458 2308 143 68 vita
548 2308 233 68 communior
727 2308 161 68 ipsis
834 2308 143 68 est.
924 2308 143 68 Sunt
1013 2308 161 68 autem
1120 2308 89 68 &
1156 2308 107 68 in
1210 2308 215 68 fraterna
1371 2308 215 68 amicitia
1532 2308 107 68 ea
1586 2308 143 68 quae
1675 2308 89 68 &
1711 2308 107 68 in
1747 2308 89 68 so¬-

171 2366 197 60 dalitia
314 2366 161 60 sunt,
422 2366 89 60 &
457 2366 161 60 magis
565 2366 107 60 in
618 2366 179 60 bonis,
744 2366 89 60 &
779 2366 179 60 omnino
905 2366 107 60 in
958 2366 233 60 similibus
1137 2366 179 60 quanto
1262 2366 233 60 coniuncti
1441 2366 143 60 sunt
1531 2366 179 60 magis:
1656 2366 179 60 itaque
1763 2366 72 60 ab

169 2415 141 75 ortu
258 2415 141 75 sese
346 2415 159 75 mutuo
452 2415 229 75 diligunt.
628 2415 106 75 Et
681 2415 176 75 quanto
805 2415 141 75 sunt
893 2415 159 75 magis
999 2415 212 75 similium
1158 2415 159 75 morum
1264 2415 124 75 qui
1334 2415 106 75 ex
1387 2415 176 75 eisdem
1511 2415 141 75 sunt
1599 2415 159 75 orti,
1705 2415 88 75 &
1722 2415 124 75 simul

170 2476 201 74 nutriti,
321 2476 84 74 &
355 2476 218 74 similiter
522 2476 201 74 educati,
673 2476 101 74 ac
723 2476 201 74 eruditi.
874 2476 201 74 Probatio
1025 2476 134 74 enim
1109 2476 134 74 quae
1192 2476 168 74 quidem
1310 2476 117 74 fit
1377 2476 201 74 tempore,
1528 2476 184 74 plurima
1662 2476 117 74 est
1729 2476 151 74 atque

173 2533 266 68 firmissima.
386 2533 142 68 Sunt
474 2533 159 68 etiam
581 2533 89 68 &
616 2533 213 68 caeteris
775 2533 106 68 in
829 2533 301 68 consanguineis
1076 2533 106 68 ea
1130 2533 142 68 quae
1218 2533 106 68 ad
1271 2533 230 68 amicitiam
1448 2533 230 68 attinent,
1625 2533 106 68 vt
1661 2533 177 68 rationum

169 2586 249 75 comparatio
365 2586 231 75 flagitat.
542 2586 142 75 Viro
631 2586 160 75 autem
738 2586 89 75 &
774 2586 160 75 vxori
880 2586 213 75 secundum
1040 2586 196 75 naturam
1182 2586 213 75 amicitia
1342 2586 196 75 videtur
1485 2586 196 75 inesse.
1627 2586 142 75 Homo
1698 2586 142 75 namque

169 2639 169 62 natura
288 2639 220 62 coniugale
457 2639 169 62 fmagis
575 2639 135 62 est,
660 2639 135 62 quam
744 2639 186 62 ciuile:
880 2639 169 62 quanto
998 2639 152 62 prius
1100 2639 85 62 &
1133 2639 254 62 necessarium
1336 2639 152 62 magis
1438 2639 118 62 est
1506 2639 152 62 domus
1607 2639 135 62 quam
1675 2639 169 62 ciuitas:

171 2699 89 56 &
207 2699 249 56 procreatio
403 2699 231 56 communior
581 2699 267 56 animalibus.
794 2699 107 56 At
848 2699 249 56 caeterorum
1044 2699 178 56 quidem
1168 2699 249 56 animalium,
1364 2699 125 56 hic
1435 2699 249 56 societatis
1631 2699 125 56 est
1685 2699 142 56 termi¬-

169 2748 144 73 nus.
259 2748 197 73 Homines
402 2748 162 73 autem
510 2748 233 73 coniugium
689 2748 197 73 subeunt
833 2748 126 73 non
905 2748 162 73 solum
1013 2748 323 73 procreationis:
1282 2748 126 73 sed
1353 2748 162 73 eorum
1461 2748 162 73 etiam
1569 2748 179 73 gratia
1694 2748 144 73 quae
1766 2748 72 73 ad

168 2805 151 66 ipsam
269 2805 218 66 conferunt
437 2805 168 66 vitam:
554 2805 185 66 officia
688 2805 168 66 namque
806 2805 201 66 continuo
957 2805 134 66 sunt
1041 2805 185 66 diuisa.
1175 2805 151 66 Atque
1276 2805 134 66 alia
1359 2805 151 66 viri,
1460 2805 134 66 alia
1544 2805 134 66 sunt
1628 2805 185 66 vxoris.
1745 2805 101 66 Opem

166 2866 178 66 itaque
291 2866 143 66 sibi
380 2866 160 66 mutuo
487 2866 196 66 ferunt:
629 2866 125 66 res
701 2866 214 66 proprias
861 2866 107 66 in
915 2866 196 66 commune
1057 2866 232 66 ponentes.
1235 2866 249 66 Quapropter
1431 2866 125 66 hac
1502 2866 107 66 in
1556 2866 214 66 amicitia
1698 2866 143 66 vtili¬-

178 2916 114 72 tas
243 2916 163 72 inesse
357 2916 196 72 videtur,
505 2916 147 72 atque
603 2916 213 72 voluptas.
766 2916 163 72 Fuerit
881 2916 147 72 autem
979 2916 82 72 &
1011 2916 98 72 ob
1060 2916 213 72 virtutem,
1224 2916 147 72 etiam
1322 2916 196 72 amicitia
1469 2916 98 72 si
1518 2916 131 72 boni
1600 2916 147 72 sint.
1698 2916 114 72 Est
1747 2916 98 72 enim

171 2974 212 65 vtriusque
334 2974 180 65 virtus,
465 2974 147 65 atque
563 2974 114 65 hoc
628 2974 131 65 ipso
709 2974 131 65 esse
791 2974 229 65 gaudebunt.
971 2974 147 65 Filii
1069 2974 147 65 autem
1167 2974 147 65 eorum
1265 2974 229 65 coniunctio
1444 2974 131 65 esse
1526 2974 196 65 videtur.
1673 2974 180 65 Iccirco
1787 2974 49 65 &

168 3032 166 64 citius
284 3032 99 64 ii
334 3032 116 64 qui
400 3032 166 64 carent
516 3032 182 64 liberis
648 3032 281 64 dissoluuntur.
880 3032 149 64 Filii
979 3032 166 64 namque
1095 3032 149 64 bonum
1195 3032 116 64 est
1261 3032 199 64 vtrisque
1410 3032 199 64 commune,
1559 3032 149 64 ipsum
1658 3032 149 64 autem
1741 3032 99 64 con¬-

177 3086 150 60 mune
271 3086 244 60 continet.
459 3086 226 60 Quaerere
628 3086 150 60 vero
722 3086 263 60 quonammodo
929 3086 150 60 viro
1023 3086 226 60 viuendum
1192 3086 132 60 est
1267 3086 132 60 cum
1342 3086 188 60 vxore,
1474 3086 94 60 &
1512 3086 188 60 omnino
1643 3086 169 60 amico
1737 3086 94 60 cum

163 3139 181 77 amico:
289 3139 127 77 nil
362 3139 163 77 aliud
470 3139 145 77 esse
561 3139 199 77 videtur
705 3139 145 77 quam
796 3139 217 77 quaerere
958 3139 199 77 quomodo
1103 3139 181 77 iustum
1229 3139 145 77 est.
1320 3139 127 77 Non
1392 3139 145 77 enim
1482 3139 145 77 idem
1573 3139 181 77 iustum
1681 3139 163 77 videtur

168 3194 186 85 amico
292 3194 207 85 amicum
437 3194 145 85 nec
520 3194 124 85 ad
582 3194 269 85 extraneum
789 3194 103 85 &
830 3194 227 85 sodalem
995 3194 124 85 ac
1057 3194 352 85 condiscipulum
1326 3194 145 85 esse¬
