2313 3599
573 260 139 87 Mnis
659 260 173 87 igitur
781 260 208 87 amicitia
937 260 121 87 &c.
1006 260 121 87 Iam
1076 260 243 87 praemittit
1267 260 260 87 philosophus
1475 260 104 87 id
1527 260 139 87 quod
1614 260 260 87 saepenumero
1822 260 173 87 dixit,
1943 260 208 87 scilicet
2082 260 104 87 quod

551 316 156 89 omnis
655 316 208 89 amicitia
811 316 104 89 in
863 316 174 89 quadam
985 316 226 89 societate
1158 316 243 89 consistit:
1349 316 87 89 &
1384 316 122 89 non
1454 316 104 89 ab
1506 316 104 89 re
1558 316 191 89 aliquis
1697 316 278 89 distingueret
1923 316 226 89 amicitiam
2079 316 104 89 con¬-

625 372 222 84 sanguineam
800 372 79 84 &
832 372 222 84 sodalitiam
1006 372 79 84 a
1038 372 191 84 reliquis
1181 372 222 84 amicitiis.
1355 372 143 84 Porro
1451 372 143 84 ciues
1546 372 238 84 contribules
1736 372 79 84 &
1768 372 175 84 similes
1895 372 95 84 vt
1943 372 127 84 sunt
2006 372 175 84 hospites,

513 404 224 99 societates
689 404 240 99 pactionibus
881 404 224 99 constantes
1056 404 160 99 habere
1168 404 208 99 videntur:
1328 404 192 99 quocirca
1472 404 144 99 istae
1568 404 208 99 amicitiae
1728 404 128 99 sunt
1807 404 288 99 distinguendae.
2031 404 160 99 Amicitia

510 471 267 76 consanguinea
727 471 84 76 a
761 471 217 76 societate
928 471 200 76 naturali
1078 471 217 76 profluit:
1245 471 84 76 &
1279 471 200 76 amicitia
1429 471 217 76 sodalitia
1596 471 84 76 a
1630 471 150 76 mutua
1730 471 284 76 conuersatione
1964 471 84 76 a
1997 471 167 76 primis
2097 471 84 76 in¬-

512 519 215 71 cunabulis
678 519 298 71 proficiscitur.
926 519 99 71 Et
976 519 166 71 rursus
1092 519 265 71 consanguinea
1307 519 116 71 est
1373 519 232 71 multiplex,
1555 519 149 71 verum
1654 519 149 71 omnis
1754 519 99 71 ex
1803 519 182 71 paterna
1936 519 166 71 stirpe
2035 519 149 71 pendet.

513 560 125 83 Sane
592 560 188 83 parentes
733 560 157 83 filios
842 560 94 83 vt
889 560 172 83 aliquid
1014 560 172 83 illorum
1140 560 157 83 suapte
1249 560 157 83 natura
1359 560 204 83 diligunt.
1516 560 188 83 Ediuerso
1657 560 125 83 nati
1735 560 188 83 parentes
1876 560 94 83 vt
1923 560 172 83 aliquid
2048 560 94 83 ex
2079 560 110 83 illis

513 610 202 79 emanans.
665 610 236 79 Verumtamen
850 610 202 79 parentes
1002 610 253 79 vehementius
1205 610 152 79 natos
1306 610 152 79 amant
1407 610 135 79 quam
1491 610 186 79 contra.
1626 610 169 79 lstius
1744 610 169 79 amoris
1863 610 202 79 glutinum
2014 610 101 79 ex
2048 610 135 79 variis

510 653 307 84 proficiscitur.
765 653 153 84 Primo
868 653 119 84 quo
936 653 204 84 quispiam
1089 653 153 84 magis
1191 653 170 84 causam
1310 653 221 84 dignoscit
1481 653 102 84 ob
1532 653 136 84 quam
1617 653 153 84 amat,
1719 653 102 84 eo
1770 653 238 84 feruentius
1958 653 153 84 amat:
2060 653 102 84 at
2094 653 85 84 ge¬-

511 707 170 79 nitores
634 707 139 79 magis
727 707 155 79 causam
836 707 217 79 cognoscunt
1006 707 139 79 quare
1099 707 155 79 filios
1208 707 139 79 ament
1301 707 124 79 quam
1378 707 155 79 filii:
1487 707 139 79 quare
1580 707 201 79 genitores
1735 707 217 79 feruentius
1905 707 170 79 liberos
2029 707 124 79 quam
2091 707 93 79 edi¬-

513 750 143 71 uerso
608 750 158 71 liberi
719 750 190 71 parentes
862 750 158 71 amant.
972 750 143 71 Certe
1067 750 190 71 parentes
1210 750 174 71 liberos
1337 750 143 71 amant
1432 750 127 71 quis
1511 750 127 71 sunt
1590 750 174 71 ipsorum
1717 750 190 71 aliquid,
1859 750 143 71 filii
1954 750 127 71 enim
2033 750 95 71 ab
2065 750 111 71 ipsis

510 789 172 83 fluunt.
635 789 187 83 Secundo,
776 789 109 83 quo
838 789 172 83 aliquid
963 789 109 83 est
1026 789 141 83 magis
1119 789 219 83 coniunctum
1291 789 172 83 alicui,
1416 789 94 83 eo
1463 789 141 83 magis
1556 789 141 83 illud
1650 789 141 83 amore
1744 789 250 83 prosequetur:
1947 789 109 83 sed
2009 789 156 83 filius
2103 789 78 83 est

507 836 143 79 patri
602 836 222 79 coniunctus
777 836 95 79 vt
824 836 127 79 pars
903 836 143 79 eius,
998 836 127 79 quia
1078 836 143 79 semen
1173 836 158 79 patris
1284 836 254 79 compositione
1490 836 143 79 filii
1585 836 238 79 ingreditur.
1775 836 127 79 pars
1854 836 143 79 autem
1949 836 158 79 genita
2060 836 79 79 a
2076 836 95 79 toto

504 890 190 80 dependet
647 890 142 80 velut
742 890 142 80 dens,
837 890 158 80 pilus,
947 890 79 80 &
979 890 158 80 manus.
1090 890 174 80 Tertio,
1216 890 111 80 qui
1280 890 222 80 prolixiore
1454 890 190 80 temporis
1596 890 206 80 curriculo
1755 890 142 80 amant
1850 890 127 80 plus
1929 890 142 80 amant
2024 890 127 80 quam
2087 890 95 80 illi

514 938 118 73 qui
582 938 169 73 minore
700 938 237 73 tempestate
886 938 169 73 amant:
1004 938 101 73 at
1055 938 203 73 parentes
1207 938 253 73 productiore
1410 938 186 73 tempore
1545 938 152 73 natos
1646 938 152 73 amant
1748 938 135 73 quam
1832 938 220 73 ediuerso.
1984 938 186 73 Amicitiae

510 984 133 81 enim
593 984 199 81 temporis
742 984 199 81 successu
892 984 232 81 incrementa
1074 984 249 81 suscipiunt.
1273 984 133 81 Modo
1356 984 182 81 literam
1488 984 133 81 quae
1571 984 215 81 tenebrosa
1737 984 133 81 est,
1820 984 99 81 vt
1870 984 215 81 poterimus
2019 984 149 81 aperire

511 1027 206 80 curabimus,
673 1027 118 80 quae
747 1027 103 80 est
806 1027 133 80 haec,
895 1027 177 80 Magisque
1027 1027 206 80 coniunctum
1189 1027 103 80 est
1248 1027 88 80 id
1293 1027 88 80 ex
1337 1027 103 80 quo
1396 1027 133 80 natum
1484 1027 118 80 ipsi
1558 1027 133 80 nato,
1646 1027 118 80 quam
1720 1027 147 80 factum
1823 1027 88 80 ei
1867 1027 118 80 quod
1941 1027 147 80 fecit.
2044 1027 103 80 Est
2089 1027 88 80 enim

514 1068 95 91 ei
562 1068 95 91 ex
609 1068 111 91 quo
672 1068 142 91 ortum
767 1068 111 91 est
831 1068 95 91 vt
878 1068 142 91 dens,
973 1068 79 91 &
1005 1068 174 91 crinis,
1131 1068 79 91 &
1163 1068 174 91 quiduis
1289 1068 190 91 habenti.
1432 1068 158 91 Nullum
1542 1068 142 91 autem
1637 1068 174 91 illorum
1764 1068 95 91 id
1811 1068 95 91 ex
1859 1068 111 91 quo
1922 1068 127 91 orta
2001 1068 142 91 sunt.
2080 1068 95 91 Ecce

505 1122 136 82 valor
596 1122 181 82 rationis
731 1122 91 82 in
777 1122 106 82 hoc
837 1122 151 82 iacet,
943 1122 106 82 quo
1003 1122 166 82 aliquis
1124 1122 106 82 est
1184 1122 166 82 cuipiam
1305 1122 227 82 coniunctior
1486 1122 91 82 eo
1532 1122 136 82 magis
1622 1122 136 82 illum
1713 1122 181 82 diligit,
1849 1122 91 82 at
1894 1122 136 82 pater
1985 1122 106 82 est
2030 1122 136 82 liberis

501 1170 235 76 coniunctior
689 1170 125 76 quam
768 1170 204 76 ediuerso:
924 1170 141 76 pater
1018 1170 94 76 se
1065 1170 141 76 habet
1159 1170 94 76 vt
1206 1170 141 76 totum
1300 1170 141 76 cuius
1394 1170 157 76 filius
1504 1170 94 76 in
1551 1170 141 76 prima
1645 1170 235 76 productione
1832 1170 110 76 est
1895 1170 141 76 pars,
1989 1170 141 76 pater
2067 1170 110 76 autem

499 1212 108 75 non
560 1212 108 75 est
622 1212 170 75 aliquid
746 1212 155 75 filii.
855 1212 77 75 ⁋
886 1212 186 75 Sequitur
1025 1212 93 75 in
1071 1212 170 75 litera.
1195 1212 93 75 Ex
1242 1212 108 75 his
1304 1212 139 75 autem
1397 1212 186 75 insinuat
1536 1212 155 75 matres
1644 1212 139 75 magis
1737 1212 186 75 diligere
1877 1212 139 75 natos
1970 1212 124 75 quam
2032 1212 139 75 patres:

499 1254 123 92 quia
576 1254 185 92 matribus
714 1254 108 92 est
776 1254 139 92 maior
868 1254 200 92 certitudo
1022 1254 185 92 filiorum
1161 1254 123 92 quam
1238 1254 200 92 patribus,
1392 1254 139 92 atque
1485 1254 247 92 contractiore
1685 1254 185 92 temporis
1824 1254 154 92 tractu
1931 1254 139 92 natos
2009 1254 169 92 diligunt:

505 1305 81 77 &
537 1305 145 77 magis
634 1305 194 77 continue
779 1305 161 77 filios
892 1305 97 77 in
941 1305 129 77 sinu
1022 1305 81 77 &
1054 1305 145 77 super
1151 1305 129 77 genu
1231 1305 194 77 fouentes
1377 1305 161 77 dulcia
1490 1305 161 77 oscula
1603 1305 145 77 genis
1700 1305 226 77 paruulorum
1877 1305 210 77 infigunt:
2023 1305 145 77 fratres

495 1355 140 83 autem
589 1355 124 83 sese
667 1355 187 83 diligunt
807 1355 124 83 quia
884 1355 93 83 ex
931 1355 140 83 eadem
1025 1355 156 83 stirpe
1133 1355 202 83 immediata
1289 1355 265 83 profluxerunt,
1507 1355 156 83 nonnum
1616 1355 124 83 quam
1694 1355 93 83 ex
1740 1355 140 83 patre
1834 1355 171 83 tantum:
1958 1355 218 83 nonnumquam
2114 1355 62 83 ex

501 1400 172 75 materno
627 1400 157 75 latere
737 1400 172 75 tantum:
862 1400 188 75 interdum
1003 1400 94 75 ex
1050 1400 172 75 vtroque
1176 1400 188 75 parente.
1317 1400 220 75 Quaecumque
1489 1400 141 75 autem
1583 1400 125 75 sunt
1662 1400 125 75 idem
1740 1400 110 75 vni
1803 1400 157 75 tertio
1912 1400 141 75 eadem
1991 1400 188 75 identitate

498 1442 136 85 sunt
583 1442 136 85 idem
667 1442 152 85 inter
769 1442 119 85 se:
837 1442 102 85 at
888 1442 186 85 fratres
1023 1442 136 85 sunt
1108 1442 136 85 idem
1193 1442 254 85 parentibus:
1396 1442 186 85 igitur.
1531 1442 119 85 Non
1599 1442 136 85 sunt
1684 1442 169 85 omnino
1802 1442 152 85 idem,
1904 1442 119 85 sed
1972 1442 119 85 pro
2022 1442 136 85 modulo

498 1489 118 91 pro
566 1489 169 91 quanto
684 1489 102 91 ad
735 1489 186 91 tertium
870 1489 254 91 referuntur.
1073 1489 169 91 Frater
1192 1489 135 91 enim
1276 1489 186 91 dicitur
1412 1489 152 91 quasi
1513 1489 135 91 fere
1598 1489 169 91 alter.
1716 1489 152 91 Mutua
1818 1489 237 91 sodalitate
2004 1489 186 91 aluntur
2122 1489 51 91 &

488 1539 169 86 aetate
607 1539 136 86 fere
691 1539 152 86 pares
793 1539 169 86 solent
912 1539 152 86 esse,
1013 1539 152 86 mutuo
1115 1539 237 86 colludunt:
1301 1539 152 86 atque
1403 1539 152 86 magno
1504 1539 152 86 amore
1606 1539 136 86 sese
1691 1539 305 86 complectuntur:
1945 1539 119 86 nam
1996 1539 169 86 aequalem

494 1576 194 93 aequalis
639 1576 210 93 delectat.
801 1576 210 93 Patrueles
963 1576 129 93 siue
1044 1576 227 93 fratrueles
1222 1576 146 93 magna
1319 1576 210 93 charitate
1481 1576 129 93 sese
1562 1576 275 93 prosequuntur,
1789 1576 81 93 &
1821 1576 129 93 alii
1902 1576 97 93 in
1951 1576 178 93 omnibus
2064 1576 97 93 con¬-

492 1628 272 92 sanguinitatis
716 1628 192 92 gradibus
860 1628 272 92 conglutinati:
1083 1628 208 92 propterea
1243 1628 128 92 quod
1323 1628 96 92 ex
1371 1628 144 92 eadem
1467 1628 160 92 stirpe
1579 1628 176 92 mediate
1707 1628 272 92 descenderunt.
1930 1628 80 92 A
1962 1628 176 92 communi
2074 1628 96 92 sti¬-

495 1679 129 88 pite
576 1679 210 88 sollicite
737 1679 129 88 suos
818 1679 145 88 nexus
915 1679 210 88 calculant
1076 1679 194 88 secundum
1221 1679 194 88 accessum
1367 1679 97 88 ad
1415 1679 178 88 truncum
1544 1679 226 88 propinquum
1722 1679 145 88 magis
1819 1679 145 88 atque
1916 1679 145 88 minus
2013 1679 129 88 sese
2077 1679 81 88 di¬-

495 1723 182 87 ligunt:
628 1723 166 87 semper
744 1723 199 87 paritate
894 1723 133 87 data
977 1723 232 87 intellige.
1159 1723 232 87 Cognomines
1342 1723 166 87 quoque
1458 1723 249 87 incredibili
1657 1723 182 87 glutino
1789 1723 100 87 in
1839 1723 216 87 Britannia
1989 1723 182 87 annectun¬-

504 1772 132 85 tur.
587 1772 116 85 Ibi
653 1772 132 85 loci
736 1772 132 85 vnus
819 1772 232 85 cognominem
1001 1772 132 85 sibi
1084 1772 149 85 nullo
1183 1772 215 85 sanguinis
1349 1772 182 85 vinculo
1481 1772 182 85 iunctum
1614 1772 166 85 nepoti
1730 1772 99 85 ex
1779 1772 166 85 sorore
1895 1772 232 85 praeponit.
2061 1772 99 85 Aua¬-

496 1811 138 91 ritia
587 1811 138 91 autem
679 1811 184 91 filiorum
817 1811 92 91 ad
863 1811 199 91 parentes,
1016 1811 76 91 &
1046 1811 168 91 hominum
1169 1811 92 91 ad
1215 1811 122 91 deos
1291 1811 107 91 est
1352 1811 214 91 excellens:
1521 1811 184 91 loquendo
1658 1811 92 91 vt
1704 1811 168 91 plures,
1826 1811 107 91 per
1888 1811 122 91 deos
1964 1811 184 91 vnitatem
2087 1811 76 91 dei

486 1862 237 89 intelligit.
676 1862 142 89 Porro
771 1862 126 89 deus
850 1862 79 89 &
881 1862 206 89 genitores
1040 1862 221 89 potissimum
1213 1862 126 89 bona
1292 1862 158 89 pueris
1403 1862 237 89 tribuerunt:
1593 1862 142 89 esse,
1688 1862 206 89 alimentum
1846 1862 174 89 pariter
1972 1862 79 89 &
1988 1862 174 89 educatio¬-

491 1911 139 82 nem.
577 1911 173 82 Animam
699 1911 156 82 creat
803 1911 139 82 deus
890 1911 156 82 citra
994 1911 156 82 cuius
1098 1911 260 82 influentiam
1306 1911 208 82 creatura
1462 1911 156 82 omnis
1566 1911 208 82 protinus
1722 1911 226 82 tabescat.
1896 1911 156 82 Talis
1983 1911 173 82 amicitia

480 1951 263 94 iucunditatem
693 1951 115 94 cum
759 1951 214 94 vtilitate
923 1951 148 94 magis
1022 1951 131 94 quam
1104 1951 247 94 extraneorum
1301 1951 263 94 amplectitur.
1515 1951 148 94 Mutuo
1614 1951 230 94 conuiuunt,
1794 1951 82 94 &
1827 1951 197 94 seniores
1959 1951 197 94 iunioribus

480 2010 222 80 prouident:
654 2010 79 80 &
686 2010 158 80 quando
797 2010 206 80 senescant
955 2010 79 80 &
987 2010 127 80 sunt
1066 2010 206 80 decrepiti
1225 2010 158 80 liberi
1335 2010 143 80 illis
1430 2010 206 80 prouident
1589 2010 95 80 vt
1636 2010 95 80 in
1684 2010 158 80 pullis
1795 2010 190 80 ciconiae
1937 2010 206 80 contingit
2080 2010 79 80 vbi

488 2058 149 80 pulli
588 2058 199 80 effoetas
737 2058 166 80 matres
853 2058 199 80 pascunt.
1002 2058 83 80 ⁋
1035 2058 132 80 Post
1118 2058 132 80 haec
1201 2058 215 80 luculente
1366 2058 199 80 declarat
1515 2058 149 80 quare
1615 2058 199 80 fraterna
1764 2058 199 80 amicitia
1913 2058 149 80 magna
1995 2058 166 80 arctitu¬-

485 2102 137 82 dine
571 2102 120 82 est
639 2102 206 82 connexa.
794 2102 137 82 Sunt
879 2102 137 82 enim
965 2102 206 82 sodales,
1120 2102 189 82 moribus
1257 2102 206 82 similes,
1411 2102 223 82 colludunt
1583 2102 86 82 &
1617 2102 120 82 sua
1686 2102 189 82 secreta
1823 2102 154 82 mutuo
1909 2102 240 82 communicant.

477 2144 86 88 ⁋
511 2144 225 88 Sequitur.
684 2144 138 88 Viro
770 2144 155 88 autem
874 2144 86 88 &
909 2144 155 88 vxori
1012 2144 121 88 &c.
1081 2144 138 88 Haec
1168 2144 207 88 amicitia
1323 2144 121 88 non
1392 2144 104 88 ob
1444 2144 225 88 sanguinis
1617 2144 155 88 nexum
1720 2144 276 88 contrahitur:
1945 2144 104 88 in
1979 2144 173 88 gradibus

480 2190 229 87 propinquis
659 2190 82 87 a
692 2190 196 87 coniugio
839 2190 212 87 arcentur.
1002 2190 114 87 Hoc
1067 2190 245 87 Aristoteles
1263 2190 98 87 in
1312 2190 163 87 litera
1427 2190 245 87 subindicat.
1623 2190 131 87 Haec
1704 2190 147 87 autem
1802 2190 196 87 societas
1949 2190 163 87 natura
2047 2190 98 87 con¬-

478 2239 139 87 stat.
570 2239 108 87 Hoc
632 2239 200 87 monstrans
786 2239 108 87 ait
847 2239 123 87 quod
925 2239 123 87 homo
1002 2239 108 87 est
1063 2239 154 87 animal
1171 2239 139 87 magis
1264 2239 200 87 coniugale
1418 2239 123 87 quam
1495 2239 170 87 ciuile:
1618 2239 92 87 at
1664 2239 108 87 est
1726 2239 154 87 natura
1834 2239 170 87 ciuilis
1957 2239 139 87 homo,
2034 2239 108 87 primo

483 2279 260 98 Politicorum:
694 2279 179 98 proinde
824 2279 146 98 magis
922 2279 163 98 natura
1036 2279 228 98 coniugale.
1215 2279 114 98 Qui
1280 2279 114 98 sit
1345 2279 146 98 magis
1443 2279 163 98 natura
1557 2279 228 98 coniugalis
1736 2279 130 98 quam
1817 2279 195 98 ciuilis,
1964 2279 179 98 duplici
2078 2279 81 98 ra¬-

473 2328 146 91 tione
570 2328 178 91 fulcit:
700 2328 162 91 quarum
813 2328 146 91 prior
911 2328 130 91 est.
992 2328 97 91 ld
1040 2328 113 91 est
1105 2328 146 91 magis
1202 2328 195 91 naturale
1348 2328 162 91 homini
1462 2328 130 91 quod
1543 2328 113 91 est
1608 2328 146 91 magis
1705 2328 243 91 necessarium
1900 2328 81 91 &
1932 2328 146 91 prius
2013 2328 146 91 natura:

476 2376 95 91 at
524 2376 126 91 esse
602 2376 205 91 coniugale
760 2376 110 91 est
823 2376 142 91 prius
918 2376 158 91 natura
1028 2376 79 91 &
1060 2376 142 91 magis
1154 2376 237 91 necessarium
1344 2376 126 91 quam
1423 2376 126 91 esse
1501 2376 173 91 ciuile:
1628 2376 205 91 quamobrem
1785 2376 110 91 est
1848 2376 158 91 homini
1943 2376 205 91 natutalius,

487 2421 128 93 quia
567 2421 144 93 domus
663 2421 144 93 prius
760 2421 112 93 est
824 2421 160 93 natura
936 2421 128 93 quam
1017 2421 177 93 ciuitas
1145 2421 144 93 atque
1241 2421 144 93 magis
1338 2421 241 93 necessaria.
1530 2421 193 93 Secundo.
1675 2421 96 93 Id
1723 2421 128 93 quod
1803 2421 144 93 totum
1899 2421 209 93 animalium
2044 2421 112 93 genus

480 2473 201 89 comitatur
634 2473 77 89 &
665 2473 108 89 est
726 2473 216 89 communius,
896 2473 108 89 est
958 2473 231 89 naturalius:
1143 2473 93 89 at
1189 2473 185 89 filiorum
1328 2473 216 89 procreatio
1498 2473 93 89 ad
1544 2473 123 89 quam
1621 2473 262 89 communiugalis
1837 2473 185 89 societas
1961 2473 185 89 ordinatur,

480 2514 109 94 est
543 2514 217 94 huiusmodi,
713 2514 171 94 igitur.
838 2514 140 94 Atque
931 2514 202 94 belluarum
1086 2514 109 94 hic
1148 2514 109 94 est
1210 2514 186 94 societas
1350 2514 171 94 scopus.
1474 2514 155 94 Genita
1583 2514 78 94 &
1614 2514 140 94 alita
1707 2514 140 94 prole
1800 2514 155 94 alites
1909 2514 78 94 &
1940 2514 171 94 caetera
2049 2514 93 94 ani¬-

473 2559 153 92 malia
575 2559 273 92 segregantur:
797 2559 188 92 homines
933 2559 153 92 autem
1036 2559 222 92 connubium
1206 2559 205 92 subeunt,
1360 2559 119 92 non
1428 2559 153 92 solum
1530 2559 171 92 prolis
1650 2559 171 92 gratia
1769 2559 256 92 generandae,
1973 2559 119 92 sed
2025 2559 119 92 etiam

473 2617 144 83 causa
569 2617 176 83 illorum
697 2617 128 83 quae
778 2617 96 83 ad
826 2617 144 83 vitam
922 2617 224 83 conducunt.
1098 2617 224 83 Officiaque
1274 2617 176 83 diuersa
1403 2617 176 83 habent,
1531 2617 128 83 viri
1611 2617 144 83 munus
1707 2617 112 83 est
1771 2617 160 83 curare
1884 2617 128 83 illa
1964 2617 128 83 quae
2028 2617 112 83 foris

469 2656 140 89 sunt,
563 2656 78 89 &
594 2656 124 89 opes
672 2656 218 89 procurare:
843 2656 187 89 mulieris
983 2656 187 89 tractare
1123 2656 124 89 illa
1200 2656 124 89 quae
1278 2656 124 89 domi
1356 2656 140 89 sunt,
1449 2656 171 89 sibique
1574 2656 140 89 mutuo
1667 2656 202 89 suppetias
1822 2656 156 89 ferunt
1931 2656 140 89 parta
2025 2656 93 89 in
2056 2656 93 89 con¬-

470 2699 134 92 muni
554 2699 201 92 ponentes
705 2699 101 92 vt
755 2699 101 92 in
806 2699 252 92 oeconomicis
1007 2699 151 92 atque
1107 2699 218 92 politicis
1275 2699 168 92 abunde
1392 2699 201 92 dicitur.
1543 2699 201 92 Quocirca
1694 2699 101 92 in
1745 2699 117 92 hac
1812 2699 201 92 amicitia
1963 2699 117 92 est
2013 2699 134 92 vtili¬-

481 2753 109 82 tas
544 2753 140 82 atque
637 2753 234 82 iucunditas.
824 2753 187 82 Vtilitas
965 2753 171 82 quidem,
1089 2753 125 82 quia
1167 2753 171 82 communi
1292 2753 203 82 vtilitati
1448 2753 218 82 consulunt:
1620 2753 187 82 voluptas
1760 2753 140 82 autem
1853 2753 94 82 ob
1900 2753 249 82 generationem
2087 2753 47 82 &

474 2793 98 90 in
523 2793 147 90 bonis
621 2793 196 90 liberis,
767 2793 82 90 &
800 2793 98 90 se
849 2793 147 90 mutuo
947 2793 114 90 vir
1012 2793 82 90 &
1045 2793 131 90 vxor
1126 2793 212 90 diligunt.
1290 2793 114 90 Nec
1355 2793 163 90 virtus
1469 2793 147 90 illis
1567 2793 196 90 defuerit
1714 2793 131 90 modo
1795 2793 147 90 probi
1893 2793 147 90 sint,
1991 2793 82 90 &
2024 2793 114 90 (vt
2073 2793 65 90 de

470 2846 197 77 caeteris
618 2846 181 77 taceam)
749 2846 230 77 castitatem
930 2846 230 77 coniugalem
1111 2846 230 77 seruabunt.
1292 2846 99 77 Et
1341 2846 148 77 huius
1440 2846 214 77 amicitiae
1605 2846 148 77 filii
1703 2846 132 77 sunt
1786 2846 148 77 nodus
1884 2846 82 77 &
1901 2846 230 77 firmamentum.

464 2887 100 97 In
514 2887 150 97 cuius
614 2887 233 97 argumentum
797 2887 116 97 cum
864 2887 233 97 infoecunda
1047 2887 183 97 muliere
1180 2887 166 97 citius
1296 2887 250 97 matrimonium
1496 2887 266 97 dissoluitur.
1712 2887 216 97 Filiisunt
1879 2887 233 97 parentibus
2045 2887 100 97 con¬-

466 2937 133 92 mune
550 2937 167 92 bonum,
666 2937 117 92 non
733 2937 183 92 possunt
867 2937 150 92 illos
967 2937 200 92 separare
1117 2937 100 92 vt
1167 2937 150 92 mater
1267 2937 167 92 filias
1384 2937 167 92 capiat
1500 2937 83 92 &
1534 2937 150 92 pater
1634 2937 217 92 masculos:
1800 2937 150 92 ipsum
1901 2937 150 92 autem
1984 2937 150 92 commune

467 2978 147 97 bonum
565 2978 131 97 hanc
646 2978 213 97 amicitiam
810 2978 262 97 conglutinat.
1022 2978 82 97 ⁋
1055 2978 213 97 Sequitur.
1219 2978 196 97 Quaerere
1366 2978 147 97 autem
1464 2978 114 97 &c.
1529 2978 180 97 Tacitae
1660 2978 229 97 quaestioni
1840 2978 163 97 obiter
1938 2978 196 97 occurrenti

466 3034 233 89 respondet.
649 3034 183 89 Diceret
782 3034 133 89 enim
865 3034 216 89 quispiam,
1032 3034 183 89 domine,
1165 3034 150 89 multa
1264 3034 100 89 de
1314 3034 200 89 amicitia
1464 3034 183 89 ciuili,
1597 3034 216 89 coniugali
1763 3034 150 89 atque
1846 3034 283 89 consanguineorum

468 3075 188 85 dixisti:
609 3075 173 85 attamen
735 3075 110 85 non
798 3075 220 85 tradidisti
970 3075 157 85 normam
1080 3075 173 85 viuendi
1206 3075 94 85 in
1253 3075 125 85 eis.
1331 3075 235 85 Respondens,
1519 3075 173 85 inquit,
1645 3075 110 85 hoc
1707 3075 141 85 nihil
1802 3075 141 85 aliud
1896 3075 110 85 est
1943 3075 188 85 percontari

462 3126 102 89 ac
513 3126 170 89 quonam
632 3126 170 89 pacto,
751 3126 119 89 hoc
819 3126 119 89 est
887 3126 187 89 iustum.
1024 3126 170 89 Procul
1143 3126 153 89 dubio
1245 3126 153 89 quale
1347 3126 119 89 est
1415 3126 187 89 iustum:
1551 3126 153 89 talis
1653 3126 119 89 est
1722 3126 187 89 viuendi
1858 3126 170 89 modus.
1960 3126 170 89 Conside¬-

462 3174 161 78 randus
574 3174 112 78 est
639 3174 225 78 personarum
815 3174 161 78 sexus,
928 3174 225 78 discretio,
1105 3174 80 78 &
1137 3174 177 78 caetera
1265 3174 96 78 id
1314 3174 145 78 genus
1410 3174 129 78 quae
1490 3174 161 78 iustum
1603 3174 241 78 contingunt:
1796 3174 80 78 &
1828 3174 145 78 omnia
1924 3174 129 78 sunt
1988 3174 145 78 aperta.

462 3213 118 101 Non
530 3213 135 101 enim
614 3213 135 101 idem
699 3213 186 101 videtur
834 3213 169 101 iustum
953 3213 152 101 amico
1055 3213 102 101 ad
1105 3213 169 101 animum
1224 3213 85 101 &
1258 3213 102 101 ad
1308 3213 220 101 extraneum
1478 3213 118 101 nec
1545 3213 102 101 ad
1596 3213 186 101 sodalem
1732 3213 102 101 ac
1782 3213 288 101 condiscipulum
2003 3213 118 101 esse.
