2411 3606
261 246 102 106 us
312 246 273 106 adipiscemur.
534 246 154 106 Licet
637 246 120 106 hoc
705 246 205 106 effugium
859 246 188 106 quandam
995 246 307 106 probabilitatem
1252 246 171 106 habere
1371 246 222 106 videatur,
1542 246 154 106 tamen
1644 246 85 106 a
1679 246 205 106 scientia
1815 246 154 106 discre¬-

263 334 122 71 par
332 334 87 71 e
367 334 209 71 videtur.
523 334 139 71 ideo
610 334 122 71 hoc
680 334 226 71 confutat,
854 334 226 71 inquiens,
1028 334 157 71 ldeae
1132 334 209 71 cognitio
1289 334 209 71 perparum
1445 334 209 71 conducit
1602 334 104 71 ad
1654 334 191 71 bonorum
1776 334 191 71 consequu¬-

260 378 189 69 tionem.
397 378 223 69 Vniuersae
569 378 137 69 enim
654 378 154 69 artes
757 378 154 69 bonum
860 378 189 69 quoddam
997 378 240 69 affectant,
1186 378 86 69 &
1220 378 137 69 quod
1306 378 154 69 deest
1409 378 154 69 ipsis
1512 378 257 69 necessarium
1718 378 257 69 perquirunt,
1907 378 51 69 &

263 419 141 71 ideo
351 419 264 71 cognitionem
563 419 335 71 praetermittunt.
845 419 176 71 Tantam
968 419 159 71 autem
1074 419 141 71 opem
1162 419 88 71 &
1197 419 247 71 praesidium
1391 419 229 71 vniuersos
1567 419 229 71 artifices
1744 419 229 71 ignorare,
1902 419 53 71 &

260 469 124 76 non
331 469 265 76 perquirere,
543 469 124 76 non
614 469 124 76 est
685 469 195 76 rationi
827 469 301 76 consentaneum.
1074 469 212 76 Ambiguum
1234 469 159 76 autem
1340 469 124 76 est
1410 469 142 76 quid
1499 469 212 76 textori,
1658 469 177 76 fabro,
1782 469 124 76 aut
1835 469 124 76 medi¬-

254 518 104 89 co
306 518 157 89 illud
410 518 157 89 scire
514 518 226 89 conducat.
688 518 191 89 Medicus
828 518 139 89 enim
914 518 122 89 non
984 518 122 89 per
1054 518 104 89 se
1106 518 243 89 sanitatem,
1297 518 122 89 sed
1367 518 209 89 hominis.
1523 518 139 89 Immo
1610 518 87 89 &
1645 518 157 89 huius
1749 518 191 89 hominis
1871 518 87 89 sa¬-

257 557 182 64 nitatem
390 557 216 64 inquirit,
556 557 116 64 cum
622 557 199 64 singulis
771 557 216 64 medeatur,
937 557 116 64 hoc
1004 557 116 64 est
1070 557 149 64 circa
1169 557 232 64 singularia
1352 557 116 64 est
1402 557 182 64 medicina.

255 601 85 83 ⁋
289 601 221 83 Dubitatur
459 601 153 83 primo
561 601 153 83 quare
663 601 170 83 dicit,
781 601 272 83 particulares
1002 601 238 83 voluptates
1189 601 238 83 quaeruntur
1376 601 119 83 per
1444 601 119 83 se,
1511 601 221 83 similiter
1681 601 85 83 &
1698 601 170 83 honores.

257 655 84 69 ⁋
291 655 202 69 Secundo,
442 655 152 69 quare
544 655 253 69 Aristoteles
746 655 118 69 hic
813 655 101 69 se
864 655 185 69 excusat
998 655 101 69 de
1049 655 270 69 praeceptoris
1268 655 286 69 impugnatione,
1504 655 118 69 cum
1571 655 185 69 saepius
1706 655 101 69 id
1757 655 168 69 faciat
1858 655 84 69 nec

252 706 178 73 veniam
377 706 178 73 petat.
502 706 89 73 ⁋
537 706 196 73 Tertio,
680 706 160 73 bonum
787 706 249 73 diuturnius
983 706 125 73 est
1054 706 143 73 bono
1143 706 125 73 non
1214 706 214 73 diuturno
1375 706 214 73 nobilius
1535 706 196 73 secundm
1678 706 267 73 philosophum
1874 706 71 73 in

251 748 195 57 topicis.
397 748 81 57 ⁋
430 748 163 57 Quarto
544 748 228 57 dubitatur,
723 748 98 57 an
772 748 163 57 vbique
885 748 179 57 veritas
1016 748 114 57 est
1081 748 146 57 amico
1162 748 228 57 praeferenda.

244 800 85 79 ⁋
278 800 102 79 Ad
329 800 170 79 primum
448 800 170 79 dubium
567 800 272 79 respondetur,
788 800 136 79 quod
873 800 170 79 aliqua
992 800 221 79 voluptas,
1163 800 119 79 sed
1231 800 119 79 non
1299 800 153 79 omnis
1401 800 119 79 est
1469 800 204 79 honesta:
1622 800 272 79 quandocumque
1826 800 102 79 cau¬-

259 843 95 64 sa
307 843 205 64 effectrix
465 843 221 64 voluptatis
638 843 111 64 est
701 843 190 64 honesta,
844 843 126 64 ipsa
923 843 190 64 voluptas
1065 843 190 64 emergens
1207 843 111 64 est
1270 843 174 64 licita.
1396 843 205 64 ldentidem
1554 843 95 64 de
1586 843 142 64 honore.

259 894 79 77 ⁋
291 894 94 77 Ad
338 894 173 77 secundm
464 894 189 77 dicitur,
605 894 126 77 quod
684 894 126 77 more
763 894 299 77 conditionatoris
1015 894 126 77 equi
1093 894 142 77 vitia
1188 894 94 77 in
1235 894 157 77 templo
1345 894 236 77 insectatur,
1534 894 236 77 Aristoteles
1723 894 110 77 hic
1770 894 173 77 loquitur.

263 938 137 72 Quia
348 938 137 72 enim
434 938 205 72 nonnulli
588 938 205 72 dicerent
742 938 120 72 eum
811 938 240 72 procaciter
999 938 103 72 in
1050 938 274 72 praeceptorem
1273 938 188 72 inuehi,
1409 938 86 72 &
1444 938 137 72 ideo
1529 938 154 72 bonos
1632 938 154 72 mores
1718 938 222 72 transilire:

255 988 211 70 propterea
417 988 114 70 hic
482 988 98 70 de
531 988 179 70 moribus
661 988 195 70 tractans
808 988 98 70 se
857 988 195 70 excusat.
1003 988 98 70 Et
1052 988 130 70 quia
1133 988 146 70 falsa
1231 988 195 70 opinatio
1377 988 163 70 potest
1491 988 163 70 multis
1605 988 130 70 esse
1686 988 146 70 causa
1784 988 130 70 male
1849 988 81 70 opi

249 1038 176 48 nandi,
373 1038 211 48 consulto
531 1038 282 48 praeceptoris
760 1038 247 48 positionem
936 1038 194 48 impugnat.

251 1078 86 85 ⁋
285 1078 103 85 Ad
337 1078 189 85 tertium
474 1078 189 85 dicitur
611 1078 137 85 quod
697 1078 171 85 regula
817 1078 171 85 topica
937 1078 274 85 intelligitur
1160 1078 103 85 in
1211 1078 154 85 bonis
1314 1078 240 85 diuersarum
1502 1078 223 85 rationum.
1674 1078 103 85 vt
1725 1078 137 85 bona
1794 1078 137 85 animae

252 1125 132 63 sunt
335 1125 282 63 praestantiora
567 1125 149 63 bonis
650 1125 182 63 corporis.

250 1170 82 72 ⁋
282 1170 99 72 Ad
332 1170 181 72 quartum
464 1170 181 72 dicitur
596 1170 132 72 quod
678 1170 99 72 ob
727 1170 165 72 nullum
843 1170 181 72 amicum,
974 1170 165 72 falsum
1090 1170 165 72 notum,
1205 1170 115 72 aut
1271 1170 181 72 putatum
1403 1170 148 72 talem
1502 1170 165 72 (extra
1617 1170 231 72 reflexiua)
1798 1170 115 72 est
1848 1170 82 72 as¬-

256 1220 225 77 serendum,
428 1220 138 77 quia
515 1220 121 77 hoc
584 1220 121 77 est
653 1220 242 77 mendacium.
843 1220 104 77 vt
895 1220 155 77 patet
998 1220 173 77 quarto
1119 1220 242 77 Ethicorum.
1309 1220 207 77 Possumus
1465 1220 155 77 tamen
1569 1220 225 77 conniuere
1724 1220 190 77 nonnunque

264 1266 101 81 ob
315 1266 169 81 amicum
433 1266 101 81 de
484 1266 220 81 veritate.
653 1266 186 81 Veritas
788 1266 135 81 enim
872 1266 152 81 odium
974 1266 169 81 parit,
1092 1266 220 81 obsequium
1261 1266 186 81 amicos:
1396 1266 152 81 teste
1498 1266 186 81 comico.
1633 1266 169 81 Dicere
1751 1266 169 81 verum,
1853 1266 84 81 est

253 1314 249 73 praeceptum
449 1314 285 73 affirmatiuum
681 1314 125 73 non
752 1314 178 73 semper
876 1314 89 73 &
912 1314 125 73 pro
983 1314 214 73 quolibet
1144 1314 196 73 tempore
1286 1314 231 73 obligans,
1464 1314 125 73 sed
1535 1314 178 73 quando
1660 1314 178 73 tempus
1785 1314 89 73 &
1802 1314 125 73 locus

255 1369 267 84 efflagitant.
472 1369 183 84 Attamen
606 1369 183 84 veritas
739 1369 150 84 vitae
839 1369 100 84 ob
889 1369 167 84 nullam
1006 1369 217 84 amicitiam
1173 1369 117 84 est
1239 1369 267 84 postferenda.
1456 1369 117 84 Sed
1523 1369 217 84 opinionum
1690 1369 217 84 veritates
1840 1369 83 84 su¬-

266 1409 170 60 spectas
389 1409 186 60 cribrare
528 1409 93 60 ne
575 1409 170 60 caeteri
699 1409 201 60 fallantur
853 1409 108 60 non
915 1409 108 60 est
961 1409 155 60 inutile.

254 1456 85 80 ⁋
288 1456 188 80 Propter
424 1456 239 80 ineruditos
612 1456 119 80 qui
680 1456 188 80 iuuenes
817 1456 102 80 ab
868 1456 273 80 Aristotelica
1089 1456 205 80 doctrina
1243 1456 205 80 auocant,
1396 1456 102 80 eo
1448 1456 136 80 quod
1533 1456 205 80 asserunt
1686 1456 119 80 eum
1737 1456 188 80 damnatum,

250 1506 184 76 alienum
384 1506 117 76 non
451 1506 167 76 fuerit
568 1506 217 76 inquirere
735 1506 100 76 an
786 1506 251 76 Aristoteles
986 1506 117 76 sit
1053 1506 100 76 de
1103 1506 167 76 numero
1220 1506 268 76 saluandorum:
1438 1506 217 76 quaerimus
1605 1506 117 76 hic
1672 1506 134 76 hanc
1739 1506 184 76 quaestio¬-

249 1554 118 74 nem
316 1554 118 74 tum
384 1554 101 74 ob
434 1554 118 74 eos
501 1554 118 74 qui
568 1554 235 74 Aristoteli
753 1554 201 74 plurimum
904 1554 269 74 afficiuntur,
1122 1554 118 74 tum
1189 1554 101 74 ob
1240 1554 151 74 illos
1340 1554 118 74 qui
1408 1554 151 74 illum
1508 1554 235 74 allatrant,
1693 1554 134 74 eius
1760 1554 168 74 succosam

244 1596 222 81 doctrinam
415 1596 103 81 ob
466 1596 137 81 eius
552 1596 256 81 damnationem
757 1596 273 81 reiicientes.
979 1596 188 81 Ioannes
1116 1596 222 81 Buridanus
1287 1596 103 81 ex
1338 1596 171 81 variis
1457 1596 205 81 passibus
1611 1596 273 81 Aristotelis,
1816 1596 120 81 niti¬-

251 1644 120 72 tur
319 1644 223 72 ostendere
491 1644 154 72 ipsum
594 1644 223 72 potentiam
765 1644 308 72 supernaturalem
1022 1644 240 72 agnouisse,
1210 1644 86 72 &
1245 1644 103 72 se
1296 1644 206 72 plurimum
1450 1644 103 72 ex
1502 1644 120 72 hoc
1570 1644 206 72 gaudere.
1724 1644 171 72 Talsus
1844 1644 86 72 &
1861 1644 69 72 de

248 1692 173 75 ceptus
369 1692 190 75 Ioannes
507 1692 190 75 rebatur
645 1692 190 75 neminem
783 1692 138 75 nisi
870 1692 311 75 supernaturalia
1129 1692 207 75 ponentem
1285 1692 190 75 saluari
1423 1692 173 75 posse.
1544 1692 173 75 Paucis
1665 1692 138 75 hanc
1734 1692 190 75 quaestio¬-

252 1740 115 73 nem
317 1740 278 73 absoluerimus.
546 1740 197 73 Ponamque
694 1740 278 73 propositionem
923 1740 147 73 hanc.
1021 1740 197 73 Gentiles
1169 1740 131 73 ante
1251 1740 164 73 legemn
1365 1740 246 73 euangelicam
1562 1740 246 73 promulgatam
1758 1740 115 73 non
1807 1740 115 73 erant

250 1790 169 71 obnoxii
372 1790 92 71 ad
418 1790 184 71 Mosaicam
556 1790 138 71 legem
648 1790 215 71 seruandam.
817 1790 92 71 Ad
863 1790 184 71 Romanos.
1001 1790 107 71 ii.
1062 1790 107 71 Hoc
1124 1790 138 71 sacer
1216 1790 153 71 Paulus
1323 1790 199 71 monstrat.
1476 1790 153 71 Gentes
1584 1790 123 71 quam
1660 1790 138 71 legem
1752 1790 107 71 non
1798 1790 123 71 habent

255 1830 113 71 sibi
326 1830 113 71 sunt
396 1830 113 71 lex,
467 1830 85 71 si
509 1830 184 71 seruarunt
650 1830 127 71 legis
735 1830 155 71 naturae
848 1830 141 71 scita,
947 1830 99 71 hoc
1004 1830 99 71 eis
1060 1830 226 71 sufficiebat,
1244 1830 71 71 &
1272 1830 99 71 eis
1329 1830 212 71 peccantibus
1498 1830 212 71 sufficiebat
1668 1830 184 71 perctorum
1795 1830 127 71 detesta

255 1882 97 79 tio
311 1882 69 79 &
338 1882 97 79 non
394 1882 222 79 requirebatur
574 1882 83 79 ea
615 1882 194 79 tempestate
768 1882 180 79 perctorum
906 1882 180 79 denudatio
1045 1882 194 79 sacerdoti.
1197 1882 97 79 Hoc
1252 1882 111 79 enim
1322 1882 125 79 solum
1405 1882 166 79 temporae
1529 1882 194 79 euangelici
1682 1882 180 79 discursus
1806 1882 125 79 raequi¬-

247 1926 146 81 ritur,
350 1926 132 81 satis
437 1926 117 81 erat
510 1926 205 81 Aristoteli
671 1926 146 81 ponere
773 1926 175 81 vnitatem
905 1926 117 81 Dei,
978 1926 132 81 curam
1066 1926 132 81 rerum
1153 1926 190 81 humanarum
1300 1926 190 81 habentis.
1446 1926 102 81 Hoc
1504 1926 146 81 autem.
1606 1926 117 81 xii.
1680 1926 234 81 Metaphysicae
1855 1926 73 81 non

250 1979 170 79 obscure
373 1979 154 79 ponit:
481 1979 77 79 &
512 1979 154 79 decimo
620 1979 216 79 Athicorum.
790 1979 77 79 &
821 1979 108 79 cum
883 1979 124 79 hoc,
960 1979 124 79 boni
1037 1979 124 79 post
1114 1979 201 79 interitum
1269 1979 278 79 praemiabuntur:
1501 1979 124 79 mali
1578 1979 124 79 vero
1655 1979 263 79 torquabuntur,
1856 1979 77 79 nec

250 2020 257 77 deuinciebatur
461 2020 136 77 scire
552 2020 91 77 de
597 2020 227 77 particulari
779 2020 121 77 loco
854 2020 181 77 praemii,
990 2020 106 77 aut
1051 2020 91 77 de
1096 2020 166 77 elysiis
1217 2020 166 77 campis,
1338 2020 106 77 nec
1398 2020 91 77 de
1444 2020 136 77 ditis
1534 2020 136 77 antro
1625 2020 181 77 punitiuo
1761 2020 136 77 circa
1836 2020 91 77 cen¬-

243 2073 119 59 trum
317 2073 163 59 terrae.
436 2073 119 59 deos
510 2073 133 59 autem
599 2073 104 59 cum
658 2073 133 59 vulgo
747 2073 178 59 nominat.
881 2073 133 59 Modus
969 2073 119 59 eius
1044 2073 178 59 loquendi
1177 2073 104 59 est
1236 2073 133 59 loqui
1325 2073 89 59 vt
1370 2073 163 59 plures,
1488 2073 133 59 extra
1577 2073 178 59 materiam
1711 2073 104 59 qua
1755 2073 163 59 veritatem

247 2110 187 78 indagat.
388 2110 141 78 Etiam
482 2110 203 78 scriptura
638 2110 156 78 heroes
747 2110 125 78 deos
825 2110 203 78 appellat.
981 2110 94 78 In
1028 2110 109 78 his
1091 2110 141 78 autem
1184 2110 156 78 libris
1293 2110 203 78 Ethicorum
1450 2110 203 78 diuinitus
1606 2110 94 78 de
1653 2110 203 78 moralibus
1793 2110 125 78 virtu¬-

241 2158 137 70 tibus
332 2158 198 70 loquitur,
484 2158 167 70 consone
606 2158 91 70 ad
652 2158 213 70 orthodoxam
819 2158 152 70 fidem,
926 2158 183 70 nulloque
1063 2158 122 70 modo
1139 2158 91 70 ab
1184 2158 91 70 ea
1230 2158 213 70 discrepat.
1397 2158 107 70 Non
1458 2158 152 70 ignoro
1565 2158 167 70 quidnam
1687 2158 167 70 lacobus
1808 2158 76 70 a
1823 2158 107 70 vora¬-

250 2204 118 80 gine
324 2204 88 80 in
368 2204 147 80 quodam
471 2204 162 80 sermone
588 2204 88 80 de
632 2204 206 80 Aristotele
794 2204 147 80 dicat:
897 2204 118 80 quod
970 2204 191 80 videlicet
1117 2204 147 80 cuidam
1220 2204 235 80 discipulorum
1411 2204 147 80 appuit
1514 2204 147 80 dicens
1617 2204 88 80 se
1661 2204 132 80 nihil
1749 2204 147 80 scire,
1838 2204 73 80 pra

245 2259 108 70 ter
306 2259 155 70 poenam
415 2259 124 70 quam
492 2259 201 70 cogebatur
647 2259 232 70 cognoscere.
833 2259 108 70 Sed
895 2259 124 70 vide
972 2259 77 70 &
1003 2259 93 70 ex
1049 2259 108 70 qua
1111 2259 186 70 officina
1251 2259 93 70 id
1297 2259 124 70 ille
1374 2259 186 70 sumpsit:
1514 2259 77 70 &
1545 2259 93 70 an
1591 2259 139 70 prima
1684 2259 139 70 origo
1761 2259 155 70 asserti¬-

247 2303 103 69 est
306 2303 205 69 autentica,
467 2303 132 69 glosa
555 2303 132 69 super
643 2303 147 69 illos.
746 2303 176 69 Absorpti
878 2303 117 69 sunt
951 2303 147 69 iuncti
1053 2303 147 69 Petrae
1156 2303 161 69 iudices
1273 2303 132 69 eorum
1361 2303 161 69 Psalmo.
1478 2303 117 69 exl.
1552 2303 117 69 ait,
1625 2303 147 69 Plato,
1713 2303 205 69 Aristoteles,

253 2349 212 75 Pythagoras
419 2349 151 75 iuncti
525 2349 166 75 Petrae.
646 2349 91 75 i.
691 2349 166 75 Christo
812 2349 181 75 absorpti
948 2349 136 75 sunt,
1039 2349 197 75 quaelibet
1190 2349 121 75 enim
1266 2349 181 75 creatura
1402 2349 166 75 collata
1523 2349 166 75 Christo
1644 2349 151 75 modici
1750 2349 106 75 est
1795 2349 121 75 momen¬-

242 2403 104 59 ti,
301 2403 104 59 aut
361 2403 178 59 nullius.
494 2403 89 59 Ab
538 2403 118 59 ipso
612 2403 118 59 suam
686 2403 192 59 bonitatem
834 2403 178 59 capiunt.
967 2403 133 59 Verum
1056 2403 148 59 Plato,
1159 2403 237 59 Aristoteles,
1352 2403 163 59 Seneca,
1470 2403 163 59 Tullius
1589 2403 74 59 &
1618 2403 178 59 plerique
1736 2403 178 59 philosopho

241 2443 105 76 rum
301 2443 120 76 visi
376 2443 120 76 sunt
451 2443 120 76 mihi
526 2443 120 76 viri
602 2443 90 76 in
647 2443 135 76 vitae
737 2443 180 76 bonitate
872 2443 195 76 celebres,
1022 2443 165 76 naturam
1143 2443 135 76 ducem
1233 2443 150 76 optime
1338 2443 165 76 secuti:
1458 2443 195 76 propterea
1608 2443 225 76 imprudentis
1789 2443 105 76 est
1834 2443 75 76 il¬-

238 2486 105 77 los
298 2486 225 77 vituperare,
478 2486 105 77 sed
539 2486 180 77 quicquid
674 2486 105 77 sit
734 2486 90 77 de
779 2486 165 77 illorum
899 2486 150 77 salute
1005 2486 210 77 frugiferum
1170 2486 165 77 illorum
1290 2486 135 77 dogma
1380 2486 240 77 discutientes
1561 2486 195 77 colligamus,

240 2521 78 86 ⁋
272 2521 202 86 Finaliter
427 2521 202 86 dubitatur
583 2521 93 86 an
630 2521 140 86 iuste
723 2521 233 86 Aristoteles
910 2521 187 86 Platonem
1050 2521 93 86 in
1097 2521 140 86 ideis
1190 2521 233 86 oppugnauit.
1377 2521 125 86 Sane
1455 2521 78 86 a
1486 2521 93 86 me
1532 2521 218 86 ambigitur.
1704 2521 171 86 Vterque
1813 2521 93 86 enim

239 2583 186 73 scilicet
379 2583 78 73 &
410 2583 140 73 Plato
503 2583 78 73 &
534 2583 233 73 Aristoteles
720 2583 171 73 Minerua
845 2583 217 73 excellenti
1015 2583 124 73 erat
1093 2583 217 73 praeditus,
1263 2583 124 73 vero
1341 2583 155 73 simile
1450 2583 109 73 est
1512 2583 186 73 Platonem
1651 2583 140 73 multa
1744 2583 155 73 arcana
1837 2583 78 73 ha¬-

246 2626 154 69 buisse
353 2626 123 69 quam
430 2626 215 69 Aristoteli
600 2626 77 69 &
630 2626 185 69 reliquis
769 2626 231 69 auditoribus
953 2626 92 69 ad
1000 2626 154 69 vnguem
1107 2626 123 69 haud
1184 2626 231 69 explanauit.
1369 2626 92 69 Et
1415 2626 169 69 Platone
1538 2626 169 69 Egyptum
1661 2626 77 69 &
1692 2626 139 69 alias
1785 2626 123 69 oras
1846 2626 77 69 pe¬-

239 2679 125 73 tente
322 2679 111 73 eius
392 2679 167 73 ingenium
517 2679 97 73 non
573 2679 167 73 quieuit:
698 2679 153 73 aliquam
809 2679 153 73 interea
920 2679 167 73 concepit
1045 2679 70 73 &
1073 2679 153 73 scripto
1184 2679 167 73 reliquit
1309 2679 83 73 in
1351 2679 139 73 quibus
1448 2679 139 73 Arist.
1546 2679 167 73 ambigere
1671 2679 167 73 poterat.
1796 2679 111 73 Sile
1865 2679 83 73 in

234 2727 176 66 Cuilelmo
366 2727 132 66 Oclam
454 2727 73 66 &
484 2727 88 66 in
528 2727 161 66 doctore
645 2727 161 66 subtili
762 2727 117 66 eius
836 2727 220 66 praeceptore
1012 2727 191 66 offendis,
1158 2727 147 66 quaere
1261 2727 132 66 recte
1349 2727 132 66 dicit
1437 2727 132 66 Oclam
1525 2727 191 66 interdum,
1671 2727 117 66 haec
1745 2727 103 66 est
1789 2727 117 66 opinio

244 2765 157 84 Ioannis
358 2765 86 84 si
401 2765 128 84 banen
486 2765 143 84 capio,
586 2765 71 84 &
615 2765 114 84 quod
686 2765 143 84 Arist.
786 2765 214 84 dubitauerit
958 2765 100 84 hoc
1015 2765 100 84 est
1072 2765 214 84 argumentum,
1243 2765 114 84 quod
1314 2765 214 84 inquisitiue
1486 2765 100 84 cum
1543 2765 157 84 Platone
1657 2765 100 84 hic
1714 2765 186 84 disceptat
1843 2765 71 84 vti

237 2812 257 83 bacchalaureius
451 2812 86 83 in
494 2812 157 83 sorbona
608 2812 143 83 contra
708 2812 243 83 respondentem.
908 2812 143 83 Seneca
1008 2812 86 83 in
1050 2812 128 83 epsis
1136 2812 86 83 ad
1179 2812 186 83 Lucilliu,
1322 2812 128 83 Epla.
1407 2812 86 83 S.
1450 2812 71 83 &
1479 2812 114 83 Aug.
1550 2812 114 83 lib.
1621 2812 86 83 &,
1664 2812 228 83 quaestionum,
1836 2812 71 83 Pla

239 2861 123 82 tonem
321 2861 82 82 in
362 2861 95 82 mon
416 2861 163 82 loquendi
539 2861 109 82 sunt
607 2861 163 82 imitati.
730 2861 109 82 Vide
798 2861 204 82 Augustinum,
961 2861 95 82 qud
1016 2861 95 82 &o.
1070 2861 136 82 illius
1166 2861 136 82 libri.
1261 2861 82 82 Et
1302 2861 136 82 magtur
1397 2861 218 82 sententiarum
1574 2861 123 82 dist.
1656 2861 95 82 in.
1711 2861 123 82 secdi
1792 2861 109 82 lib.
1847 2861 68 82 ait

236 2910 179 60 Platonem
370 2910 119 60 tria
445 2910 179 60 posuisse
579 2910 89 60 ab
623 2910 164 60 aeterno
742 2910 119 60 Deum
817 2910 179 60 exemplar
951 2910 119 60 siue
1025 2910 149 60 ideam,
1130 2910 74 60 &
1159 2910 194 60 materiam.
1308 2910 164 60 Veroque
1428 2910 119 60 sile
1502 2910 104 60 est
1562 2910 179 60 Platonem
1696 2910 134 60 velle
1785 2910 134 60 ideam
1859 2910 60 60 vo

236 2955 121 77 care
312 2955 182 77 exemplar
448 2955 227 77 creaturarum
630 2955 91 77 in
675 2955 136 77 mente
766 2955 136 77 diuia
857 2955 227 77 theologorum
1039 2955 136 77 more.
1129 2955 106 77 Nam
1190 2955 91 77 de
1235 2955 121 77 idea
1311 2955 182 77 nonnihil
1447 2955 212 77 Theosophi.
1614 2955 257 77 digladiantur,
1811 2955 106 77 Vtrum

228 3001 126 71 ideo
307 3001 110 71 sit
370 3001 188 71 creatura
511 3001 173 71 cognita
636 3001 78 71 a
668 3001 126 71 deo.
746 3001 94 71 an
793 3001 141 71 diuia
888 3001 204 71 cognitio.
1045 3001 157 71 Secdam
1154 3001 126 71 viam
1233 3001 157 71 imitor
1343 3001 126 71 quia
1421 3001 141 71 Augin
1516 3001 251 71 praeallegato
1720 3001 126 71 loco
1798 3001 78 71 &
1814 3001 94 71 ali¬-

236 3057 100 54 ubi
293 3057 86 54 de
336 3057 128 54 ideis
421 3057 171 54 loquens,
549 3057 128 54 dicit
635 3057 100 54 eas
692 3057 171 54 stabiles
820 3057 71 54 &
849 3057 171 54 aeternas
977 3057 86 54 in
1020 3057 128 54 mente
1105 3057 157 54 diuina:
1219 3057 114 54 sunt
1291 3057 114 54 enim
1362 3057 171 54 rationes
1490 3057 128 54 atque
1576 3057 200 54 exemplaria
1733 3057 86 54 ad
1775 3057 114 54 quae
1832 3057 86 54 Deus

231 3101 187 76 respiciens
377 3101 120 76 omnia
457 3101 133 76 creata
551 3101 173 76 producit,
684 3101 160 76 omnemque
804 3101 173 76 creaturam
937 3101 200 76 praecedunt.
1097 3101 107 76 Dico
1164 3101 107 76 ergo
1230 3101 107 76 quod
1297 3101 107 76 mens
1364 3101 133 76 diuina
1457 3101 107 76 siue
1523 3101 200 76 intellectus
1683 3101 147 76 diuinus
1790 3101 93 76 est
1830 3101 80 76 eius

232 3147 187 73 cognitio,
376 3147 72 73 &
405 3147 101 73 est
462 3147 173 73 respectu
592 3147 130 73 omnim
679 3147 231 73 possibilium.
866 3147 87 73 Et
909 3147 115 73 quia
981 3147 231 73 producibilia
1169 3147 115 73 sunt
1241 3147 144 73 plura,
1342 3147 72 73 &
1371 3147 173 73 ordinate
1500 3147 87 73 ac
1544 3147 187 73 distincte
1688 3147 115 73 dmns
1760 3147 115 73 deus
1817 3147 87 73 illa

233 3195 231 70 cognoscit,
414 3195 181 70 idcirco
546 3195 148 70 ideae
645 3195 165 70 plures
760 3195 214 70 dicuntur.
925 3195 132 70 ldea
1008 3195 198 70 Socratis
1156 3195 99 70 in
1206 3195 115 70 deo
1272 3195 115 70 est
1338 3195 247 70 intellectus
1536 3195 198 70 diuinus.
1684 3195 214 70 Vocahulum
1833 3195 82 70 au¬-

219 3245 118 84 tem
287 3245 202 84 connotat
438 3245 135 84 Deum
523 3245 169 84 habere
641 3245 202 84 notitiam
792 3245 219 84 Socratis.
961 3245 202 84 quocirca
1113 3245 152 84 idaem
1214 3245 118 84 est
1281 3245 135 84 idea
1366 3245 202 84 Socratis
1517 3245 84 84 &
1551 3245 219 84 Platonis:
1720 3245 118 84 sed
1787 3245 135 84 alia
1854 3245 51 84 &
