2275 3611
392 304 115 77 num
457 304 196 77 virtutis
604 304 131 77 quam
686 304 147 77 amico
785 304 98 77 ob
834 304 147 77 bonum
932 304 196 77 generis.
1079 304 164 77 Tertio
1194 304 147 77 vtrum
1292 304 131 77 quis
1374 304 164 77 citius
1489 304 164 77 patrem
1603 304 82 77 a
1636 304 229 77 latronibus
1816 304 196 77 liberare
1947 304 131 77 habeat

382 364 96 77 an
430 364 112 77 eum
494 364 112 77 qui
558 364 144 77 ipsum
654 364 96 77 in
703 364 128 77 tali
783 364 240 77 necessitate
975 364 224 77 liberauit.
1151 364 160 77 Quarto
1264 364 96 77 an
1312 364 144 77 illud
1408 364 112 77 est
1472 364 144 77 verum
1568 364 128 77 quod
1648 364 240 77 philosophus
1841 364 160 77 dicit:
1953 364 128 77 homo
2017 364 80 77 de¬-

391 410 105 67 bet
451 410 150 67 potius
556 410 150 67 patrem
661 410 120 67 quam
736 410 165 67 seipsum
857 410 90 67 ab
902 410 195 67 ergastulo
1052 410 195 67 liberare.
1202 410 150 67 Quinto
1307 410 150 67 quando
1412 410 105 67 est
1472 410 120 67 vnus
1547 410 135 67 solus
1637 410 135 67 deus,
1728 410 135 67 etiam
1818 410 180 67 secundum
1938 410 150 67 philoso¬-

383 467 156 60 phum,
487 467 104 60 vt
539 467 104 60 in
591 467 191 60 octauum
730 467 156 60 huius
835 467 209 60 diximus,
991 467 191 60 quomodo
1130 467 122 60 est
1200 467 122 60 hoc
1269 467 156 60 verum
1373 467 139 60 quod
1460 467 122 60 non
1530 467 156 60 omnis
1634 467 156 60 honos
1738 467 139 60 loui
1825 467 243 60 tribuitur:
1999 467 87 60 cum

390 513 132 62 per
466 513 170 62 louem
579 513 188 62 summum
711 513 151 62 deum
786 513 245 62 intelligat.

404 546 83 68 ⁋
438 546 100 68 Ad
488 546 167 68 primum
604 546 250 68 respondetur
805 546 117 68 per
871 546 284 68 conclusiones:
1105 546 167 68 quarum
1222 546 150 68 prima
1322 546 133 68 est.
1405 546 100 68 In
1455 546 183 68 omnibus
1589 546 234 68 obediendum
1772 546 117 68 est
1839 546 200 68 secundum
1972 546 117 68 subie

392 605 166 57 ctionem
513 605 272 57 superioritatis
740 605 76 57 &
770 605 106 57 non
831 605 166 57 aliter.
952 605 121 57 Haec
1028 605 197 57 conclusio
1179 605 121 57 duas
1255 605 182 57 sortitur
1391 605 166 57 partes,
1512 605 151 57 quarum
1618 605 136 57 prior
1709 605 121 57 est:
1784 605 91 57 vt
1830 605 166 57 obtutus
1951 605 91 57 ad
1981 605 106 57 subie

387 651 187 68 ctionem
523 651 222 68 habeatur,
694 651 136 68 quia
779 651 119 68 par
847 651 102 68 in
898 651 153 68 parem
1000 651 119 68 non
1069 651 153 68 habet
1171 651 222 68 imperium,
1341 651 85 68 &
1375 651 119 68 hoc
1443 651 170 68 probat
1563 651 204 68 secundam
1716 651 170 68 partem
1818 651 256 68 conclusionis.

388 693 98 65 Ex
437 693 131 65 isto
518 693 147 65 primo
617 693 196 65 sequitur
764 693 131 65 quod
845 693 163 65 medico
960 693 196 65 infirmus
1107 693 82 65 &
1140 693 114 65 non
1205 693 147 65 patri
1303 693 245 65 obtemperare
1499 693 163 65 habet,
1614 693 163 65 vtpote
1728 693 98 65 si
1777 693 229 65 interdicat
1941 693 147 65 medicus

391 741 118 65 ipsi
465 741 236 65 febricitanti
657 741 133 65 vino,
745 741 133 65 pater
833 741 133 65 autem
922 741 133 65 filio
1010 741 206 65 aegrotanti
1172 741 206 65 praecipiat
1334 741 147 65 bibere
1438 741 147 65 vinum,
1541 741 103 65 iam
1600 741 133 65 patri
1688 741 147 65 filius
1791 741 147 65 parere
1894 741 103 65 non
1939 741 147 65 tenetur.

398 794 137 62 Primo
489 794 168 62 tenetur
611 794 107 62 non
672 794 168 62 parere:
794 794 122 62 quia
870 794 91 62 in
916 794 107 62 hoc
977 794 137 62 patri
1068 794 107 62 non
1129 794 107 62 est
1190 794 213 62 subiectus.
1358 794 168 62 Secundo
1480 794 183 62 sequitur
1617 794 122 62 quod
1693 794 91 62 si
1739 794 137 62 pater
1830 794 213 62 praecipiat
1982 794 107 62 filio

400 838 154 68 colere
507 838 138 68 agros
600 838 77 68 &
630 838 138 68 operi
723 838 215 68 oeconomico
892 838 200 68 intendere
1045 838 169 68 tempore
1168 838 108 68 quo
1230 838 123 68 illi
1307 838 231 68 intendendum
1491 838 123 68 est:
1568 838 77 68 &
1599 838 108 68 rex
1660 838 108 68 pro
1722 838 154 68 libito
1830 838 108 68 suo
1891 838 138 68 illud
1968 838 123 68 vetat:

384 884 149 60 filius
488 884 134 60 patri
578 884 74 60 &
607 884 104 60 non
667 884 119 60 regi
741 884 149 60 parere
846 884 149 60 debet.
950 884 179 60 Probatio
1084 884 134 60 pater
1173 884 194 60 praecipit
1322 884 89 60 in
1367 884 104 60 his
1426 884 119 60 quae
1500 884 149 60 patris
1605 884 119 60 sunt
1679 884 104 60 non
1739 884 134 60 autem
1828 884 119 60 rex,
1902 884 104 60 sed
1947 884 134 60 (periam

394 932 168 59 positum
516 932 245 59 fundamentum)
715 932 184 59 parendum
853 932 107 59 est
914 932 199 59 superiori
1067 932 92 59 in
1113 932 107 59 iis
1174 932 122 59 quae
1251 932 276 59 superioritatis
1481 932 122 59 eius
1557 932 138 59 sunt.
1649 932 153 59 Tertio
1756 932 184 59 sequitur
1894 932 122 59 quod
1971 932 92 59 si
2001 932 92 59 con¬-

388 983 202 65 fessionis
544 983 171 65 auditor
668 983 140 65 filio
762 983 249 65 poenitentiam
964 983 187 65 iniungat
1104 983 124 65 quam
1181 983 140 65 pater
1275 983 155 65 vetat,
1383 983 155 65 filius
1492 983 109 65 non
1554 983 140 65 habet
1648 983 140 65 patri
1741 983 155 65 parere
1850 983 109 65 sed
1912 983 109 65 suo
1959 983 124 65 confes

389 1025 137 79 sario
480 1025 107 79 qui
541 1025 91 79 in
587 1025 107 79 hoc
648 1025 107 79 est
709 1025 91 79 ei
754 1025 198 79 superior.
907 1025 152 79 Quarto
1013 1025 183 79 sequitur
1151 1025 122 79 quod
1227 1025 91 79 si
1272 1025 152 79 alicui
1379 1025 152 79 domino
1486 1025 152 79 filius
1592 1025 198 79 famuletur
1745 1025 76 79 &
1775 1025 137 79 pater
1867 1025 198 79 prohibeat
2004 1025 76 79 ser

390 1079 168 51 uitium
508 1079 135 51 quod
592 1079 185 51 dominus
727 1079 135 51 eius
811 1079 236 51 praecipit,
996 1079 168 51 domino
1114 1079 84 51 &
1148 1079 118 51 non
1215 1079 152 51 patri
1316 1079 202 51 parendum
1451 1079 101 51 est.

386 1118 82 77 ⁋
418 1118 181 77 Secunda
550 1118 214 77 conclusio
715 1118 247 77 principalis
912 1118 115 77 est
978 1118 148 77 haec.
1077 1118 165 77 Quando
1192 1118 82 77 &
1225 1118 148 77 pater
1324 1118 82 77 &
1357 1118 115 77 rex
1423 1118 296 77 rationabiliter
1669 1118 165 77 petunt
1785 1118 99 77 vt
1834 1118 165 77 quando
1933 1118 148 77 seorsum

385 1171 195 68 vtriusque
535 1171 210 68 praeceptum
700 1171 135 68 esset
790 1171 165 68 licitum
910 1171 165 68 reliquo
1030 1171 180 68 secluso:
1165 1171 120 68 tunc
1241 1171 120 68 regi
1316 1171 75 68 &
1346 1171 105 68 non
1406 1171 135 68 patri
1496 1171 180 68 parendum
1631 1171 120 68 est.
1706 1171 165 68 Declaro
1826 1171 240 68 exemplariter
2006 1171 60 68 vt

377 1214 93 65 si
423 1214 108 65 Rex
485 1214 201 65 praecipit
639 1214 139 65 filio
732 1214 139 65 adire
825 1214 154 65 bellum
933 1214 108 65 pro
995 1214 154 65 salute
1103 1214 170 65 patriae
1226 1214 247 65 necessarium:
1427 1214 139 65 pater
1520 1214 124 65 vero
1597 1214 201 65 praecipit
1752 1214 154 65 colere
1860 1214 154 65 agros.
1952 1214 124 65 Proba¬-

388 1263 103 64 tur
447 1263 118 64 haec
521 1263 192 64 conclusio
669 1263 118 64 sic.
743 1263 148 64 domino
846 1263 192 64 superiori
993 1263 148 64 potius
1097 1263 103 64 est
1156 1263 207 64 obediendum
1318 1263 118 64 quam
1392 1263 192 64 inferiori
1540 1263 103 64 vbi
1599 1263 280 64 incompossibilia
1835 1263 236 64 praecipiunt:
2012 1263 59 64 at

381 1315 119 63 rex
449 1315 119 63 est
517 1315 187 63 dominus
653 1315 221 63 superior:
823 1315 187 63 igitur.
959 1315 187 63 Insuper
1095 1315 153 63 bonum
1197 1315 170 63 quanto
1316 1315 221 63 communius
1486 1315 153 63 tanto
1588 1315 119 63 est
1656 1315 221 63 diuinius:
1826 1315 102 63 at
1877 1315 119 63 rex
1928 1315 153 63 commune

391 1350 137 61 bonum
482 1350 137 61 magis
573 1350 183 61 intuetur
710 1350 122 61 quam
786 1350 152 61 pater:
893 1350 167 61 igitur.
1015 1350 137 61 Domus
1106 1350 122 61 enim
1182 1350 107 61 est
1243 1350 122 61 pars
1319 1350 213 61 ciuitatis,
1486 1350 198 61 propterea
1639 1350 259 61 imperfectior,
1852 1350 137 61 sicut
1943 1350 122 61 pars
2004 1350 76 61 re¬-

382 1397 167 65 spectu
499 1397 167 65 totius
616 1397 150 65 primo
717 1397 268 65 politicorum.
934 1397 167 65 Tertio
1051 1397 150 65 licet
1151 1397 100 65 ab
1202 1397 217 65 inferiori
1369 1397 167 65 domino
1486 1397 100 65 ad
1536 1397 234 65 superiorem
1720 1397 234 65 prouocare,
1904 1397 117 65 non
1954 1397 117 65 autem

383 1446 174 77 contra:
510 1446 126 77 ergo
589 1446 126 77 homo
668 1446 174 77 tenetur
794 1446 205 77 superiori
952 1446 95 77 in
1000 1446 126 77 casu
1079 1446 126 77 isto
1158 1446 174 77 parere,
1284 1446 205 77 inferiori
1442 1446 205 77 neglecto.
1600 1446 158 77 Quarto
1711 1446 190 77 opposito
1853 1446 142 77 dato,
1948 1446 142 77 omnes
2027 1446 63 77 fi

383 1489 126 78 lios
462 1489 79 78 a
493 1489 141 78 iusto
588 1489 141 78 bello
682 1489 220 78 excusares,
855 1489 126 78 quod
933 1489 110 78 est
996 1489 267 78 inconueniens.
1216 1489 79 78 ⁋
1247 1489 157 78 Contra
1357 1489 189 78 secundum
1499 1489 236 78 corollarium
1687 1489 157 78 primae
1797 1489 267 78 conclusionis,
2001 1489 79 78 po¬-

391 1543 134 74 nendo
480 1543 119 74 quod
555 1543 134 74 pater
644 1543 134 74 iuste
733 1543 208 74 praecipiat
897 1543 134 74 filio
986 1543 179 74 retinere
1120 1543 208 74 frumentum,
1284 1543 119 74 quod
1358 1543 104 74 rex
1418 1543 164 74 iniuste
1537 1543 193 74 praecipit
1685 1543 179 74 exponere
1819 1543 223 74 venditioni.
1983 1543 89 74 argu

385 1593 151 71 mentor
491 1593 121 71 sic.
566 1593 91 71 In
612 1593 106 71 hoc
672 1593 121 71 casu
748 1593 106 71 non
809 1593 166 71 tenetur
930 1593 151 71 parere
1036 1593 151 71 patri,
1142 1593 76 71 &
1172 1593 136 71 tamen
1263 1593 136 71 casus
1354 1593 197 71 huiusmodi
1505 1593 106 71 est
1565 1593 91 71 de
1611 1593 257 71 iurisdictione
1823 1593 182 71 paterna:
1944 1593 136 71 igitur.

384 1633 229 75 Consequentia
570 1633 129 75 tenet
656 1633 100 75 cum
713 1633 157 75 minore.
827 1633 86 75 Et
870 1633 200 75 probaretur
1028 1633 143 75 maior:
1128 1633 115 75 quia
1200 1633 115 75 tunc
1271 1633 72 75 a
1300 1633 115 75 rege
1371 1633 200 75 occidetur.
1529 1633 157 75 Ioannes
1643 1633 186 75 Buridanus
1786 1633 100 75 hic
1844 1633 129 75 dicit
1930 1633 115 75 quod
1987 1633 100 75 prae¬-

393 1686 153 65 ceptum
500 1686 138 65 regis
592 1686 107 65 est
654 1686 169 65 iniquum
776 1686 77 65 &
807 1686 200 65 propterea
961 1686 107 65 non
1022 1686 107 65 est
1083 1686 92 65 ei
1129 1686 200 65 parendum.
1283 1686 92 65 Et
1329 1686 123 65 quia
1406 1686 184 65 imponere
1544 1686 138 65 manus
1636 1686 92 65 in
1682 1686 123 65 bona
1759 1686 184 65 alterius
1897 1686 153 65 inuito
1989 1686 92 65 dmno

387 1734 103 70 est
446 1734 162 70 iniuste
564 1734 148 70 agere,
668 1734 89 70 si
712 1734 118 70 metu
786 1734 162 70 cadente
904 1734 89 70 in
948 1734 207 70 constantem
1111 1734 133 70 virum
1199 1734 177 70 principi
1332 1734 162 70 obediat
1450 1734 118 70 tunc
1524 1734 162 70 peccat,
1642 1734 103 70 sed
1701 1734 133 70 solum
1790 1734 221 70 venialiter.
1952 1734 133 70 Insuper

394 1783 207 67 argumentor
557 1783 148 67 aliter
660 1783 163 67 ponendo
778 1783 133 67 casum
867 1783 118 67 quod
941 1783 133 67 pater
1030 1783 133 67 filio
1118 1783 207 67 praecipiat
1281 1783 192 67 frumentum
1429 1783 89 67 in
1473 1783 163 67 horreum
1591 1783 177 67 deferre.
1724 1783 74 67 &
1754 1783 177 67 princeps
1887 1783 103 67 sub
1946 1783 133 67 poena
2020 1783 59 67 ca

386 1833 126 66 pitis
470 1833 84 66 id
512 1833 140 66 vetet:
610 1833 112 66 tunc
680 1833 140 66 filius
778 1833 98 66 non
834 1833 154 66 parebit
946 1833 140 66 patri.
1044 1833 126 66 Dicit
1128 1833 112 66 idem
1198 1833 154 66 Ioannes
1310 1833 112 66 quod
1380 1833 84 66 in
1422 1833 112 66 isto
1492 1833 112 66 casu
1562 1833 140 66 filius
1660 1833 98 66 non
1716 1833 126 66 debet
1800 1833 154 66 obedire
1912 1833 140 66 patri,
1996 1833 84 66 quia

385 1879 153 64 patris
492 1879 214 64 praeceptum
660 1879 138 64 esset
752 1879 275 64 irrationabile.
981 1879 107 64 Hic
1042 1879 122 64 dico
1118 1879 199 64 Buridanum
1271 1879 229 64 multifariam
1455 1879 138 64 labi,
1546 1879 107 64 tum
1607 1879 138 64 primo
1699 1879 122 64 quia
1776 1879 168 64 erronee
1898 1879 138 64 primo
1974 1879 92 64 argu

391 1925 131 67 mento
479 1925 204 67 respondet:
639 1925 102 67 tum
698 1925 160 67 secundo
814 1925 117 67 quia
887 1925 146 67 falsum
990 1925 117 67 est,
1062 1925 117 67 quod
1135 1925 204 67 venialiter
1296 1925 160 67 peccat.
1413 1925 175 67 Secundum
1544 1925 102 67 est
1602 1925 117 67 quod
1675 1925 146 67 tertia
1777 1925 190 67 responsio
1923 1925 102 67 cum
1967 1925 102 67 prima

384 1962 157 82 pugnat.
498 1962 185 82 Probatur.
640 1962 143 82 Primum
740 1962 200 82 praeceptum
897 1962 143 82 patris
997 1962 114 82 erit
1068 1962 214 82 rationabile
1239 1962 86 82 in
1282 1962 100 82 hoc
1339 1962 114 82 casu
1410 1962 86 82 si
1453 1962 128 82 velit
1539 1962 143 82 filium
1638 1962 200 82 praeceptum
1795 1962 114 82 suum
1866 1962 157 82 exequi,
1966 1962 100 82 stan¬-

388 2018 86 67 te
431 2018 100 67 sua
488 2018 115 67 nece
560 2018 129 67 magis
646 2018 115 67 suam
718 2018 143 67 mortem
818 2018 143 67 filius
918 2018 158 67 euitare
1033 2018 129 67 habet
1119 2018 115 67 quam
1191 2018 143 67 patris
1291 2018 172 67 imperium
1420 2018 100 67 non
1478 2018 186 67 exaudire:
1621 2018 129 67 primo
1707 2018 100 67 non
1765 2018 100 67 est
1822 2018 143 67 iustum
1908 2018 158 67 imperium.

383 2053 162 77 Filius
496 2053 129 77 ergo
577 2053 162 77 impune
690 2053 210 77 frumentum
852 2053 162 77 vendet
965 2053 129 77 sine
1046 2053 178 77 peccato
1175 2053 146 77 vllo:
1272 2053 81 77 &
1305 2053 113 77 cum
1369 2053 113 77 sit
1434 2053 146 77 timor
1531 2053 162 77 cadens
1644 2053 97 77 in
1693 2053 226 77 constantem
1871 2053 146 77 virum
1952 2053 113 77 sicut

378 2108 193 59 suppono,
523 2108 97 59 ex
571 2108 145 59 dicto
668 2108 193 59 Buridani
813 2108 81 59 a
845 2108 129 59 toto
926 2108 226 59 excusatur.
1103 2108 129 59 Ille
1184 2108 129 59 enim
1264 2108 145 59 timor
1361 2108 193 59 secundum
1506 2108 145 59 omnes
1603 2108 145 59 recte
1699 2108 210 59 loquentes
1861 2108 81 59 a
1893 2108 129 59 toto
1957 2108 113 59 excu¬-

382 2152 116 75 sat.
454 2152 87 75 In
497 2152 159 75 secundo
613 2152 130 75 etiam
700 2152 116 75 casu
772 2152 116 75 regi
844 2152 159 75 parebit
960 2152 130 75 patre
1047 2152 188 75 neglecto.
1192 2152 246 75 Irrationabile
1394 2152 116 75 enim
1466 2152 130 75 esset
1553 2152 116 75 quod
1626 2152 145 75 filius
1727 2152 130 75 vitam
1814 2152 116 75 suam
1886 2152 188 75 exponeret
2016 2152 58 75 pe

381 2196 152 77 riculo
487 2196 106 77 pro
548 2196 137 77 sacco
639 2196 197 77 frumenti:
791 2196 76 77 &
821 2196 137 77 pater
912 2196 137 77 debet
1003 2196 106 77 ita
1064 2196 182 77 censere.
1201 2196 91 77 Qu
1246 2196 91 77 si
1292 2196 137 77 pater
1383 2196 213 77 constanter
1550 2196 152 77 clamet
1656 2196 121 77 fili
1732 2196 121 77 mihi
1808 2196 167 77 obedias
1929 2196 106 77 non
1975 2196 106 77 autem

388 2250 131 62 regi:
476 2250 131 62 dicat
563 2250 160 62 filius,
680 2250 131 62 pater
768 2250 88 62 mi
811 2250 102 62 pro
870 2250 88 62 te
914 2250 102 62 hoc
972 2250 88 62 in
1016 2250 117 62 casu
1089 2250 146 62 faciam
1191 2250 146 62 nihil,
1293 2250 117 62 quia
1366 2250 160 62 iniuste
1482 2250 204 62 praecipis.
1643 2250 73 62 ⁋
1672 2250 88 62 At
1716 2250 131 62 forte
1803 2250 146 62 dicis,
1906 2250 102 62 rex
1949 2250 117 62 peccat

379 2294 91 74 in
424 2294 106 74 sic
485 2294 257 74 praecipiendo,
696 2294 121 74 ergo
772 2294 76 74 &
802 2294 151 74 filius
908 2294 106 74 hoc
968 2294 197 74 exequens.
1120 2294 242 74 Consequentia
1316 2294 106 74 est
1377 2294 151 74 nulla:
1482 2294 227 74 quemadmodum
1664 2294 166 74 sicario
1785 2294 166 74 petenti
1906 2294 166 74 iniuste
2011 2294 76 74 de¬-

377 2338 126 77 cem,
456 2338 142 77 decem
551 2338 174 77 porrigo
678 2338 126 77 sine
757 2338 190 77 peccato,
899 2338 126 77 quae
978 2338 142 77 tamen
1073 2338 174 77 iniuste
1199 2338 126 77 ipse
1278 2338 158 77 capit.
1389 2338 79 77 ⁋
1421 2338 158 77 Contra
1531 2338 190 77 secundam
1674 2338 253 77 conclusionem
1863 2338 206 77 principalem

376 2382 85 85 &
410 2382 238 85 quodammodo
597 2382 170 85 contra
716 2382 238 85 solutiones
904 2382 272 85 argumentorum
1125 2382 289 85 praecedentium
1363 2382 238 85 argumentor
1550 2382 136 85 sic.
1635 2382 170 85 Filius
1755 2382 119 85 est
1823 2382 153 85 magis
1908 2382 170 85 obnoxius

376 2434 131 77 patri
464 2434 116 77 quam
537 2434 131 77 regi,
624 2434 73 77 &
653 2434 131 77 plura
740 2434 116 77 bona
813 2434 87 77 ab
857 2434 116 77 illo
930 2434 175 77 accepit,
1061 2434 87 77 vt
1104 2434 131 77 patet
1192 2434 87 77 ex
1235 2434 146 77 octauo
1337 2434 73 77 &
1366 2434 116 77 nono
1439 2434 146 77 huius:
1541 2434 116 77 ergo
1614 2434 146 77 citius
1716 2434 131 77 patri
1803 2434 146 77 parere
1905 2434 146 77 debet.
1992 2434 73 77 Se¬-

379 2487 136 69 cundo
469 2487 166 69 fortior
590 2487 106 69 est
650 2487 196 69 obligatio
801 2487 121 69 quae
877 2487 106 69 est
937 2487 181 69 secundum
1073 2487 166 69 naturam
1193 2487 121 69 quam
1269 2487 121 69 quae
1344 2487 106 69 est
1404 2487 90 69 ab
1450 2487 166 69 hominum
1570 2487 256 69 institutione:
1781 2487 136 69 prior
1872 2487 136 69 autem
1962 2487 106 69 est
2008 2487 60 69 pa

376 2535 119 63 tris
450 2535 89 63 ad
495 2535 163 63 filium,
613 2535 163 63 secunda
732 2535 133 63 regis
821 2535 89 63 ad
865 2535 193 63 subditos.
1013 2535 74 63 ⁋
1043 2535 148 63 Tertio
1147 2535 133 63 prius
1235 2535 104 63 est
1295 2535 119 63 homo
1369 2535 133 63 patri
1458 2535 193 63 obligatus
1606 2535 119 63 quam
1680 2535 133 63 regi:
1769 2535 104 63 cum
1828 2535 133 63 domus
1917 2535 104 63 sit
1961 2535 104 63 prior

382 2579 200 56 ciuitate.
536 2579 139 56 primo
628 2579 262 56 oeconomicorum
844 2579 77 56 &
875 2579 139 56 primo
967 2579 247 56 politicorum:
1167 2579 108 56 sed
1229 2579 200 56 posterius
1383 2579 108 56 non
1445 2579 200 56 deobligat
1599 2579 77 56 a
1630 2579 169 56 priore:
1737 2579 139 56 igitur.

381 2631 79 66 ⁋
413 2631 94 66 Ad
460 2631 157 66 primum
570 2631 173 66 concedo
696 2631 142 66 totum
791 2631 236 66 antecedens,
980 2631 79 66 &
1011 2631 126 66 nego
1090 2631 283 66 consequentiam.
1326 2631 126 66 Plus
1405 2631 126 66 enim
1483 2631 173 66 oportet
1609 2631 126 66 hunc
1688 2631 157 66 filium
1798 2631 205 66 respicere
1956 2631 94 66 ad
1987 2631 79 66 bo¬-

385 2678 107 59 num
446 2678 153 59 totius
553 2678 244 59 reipublicae,
751 2678 137 59 cuius
843 2678 107 59 est
904 2678 137 59 pars,
996 2678 122 59 quam
1072 2678 92 59 ad
1118 2678 153 59 patris
1225 2678 199 59 imperium.
1378 2678 76 59 ⁋
1408 2678 92 59 Ad
1454 2678 199 59 secundum,
1607 2678 122 59 nego
1683 2678 183 59 maiorem,
1821 2678 92 59 si
1851 2678 214 59 intelligatur

382 2720 89 73 in
427 2720 119 73 omni
501 2720 134 73 casu:
591 2720 119 73 dato
665 2720 119 73 quod
740 2720 119 73 haec
814 2720 238 73 superioritas
1008 2720 164 73 regalis
1127 2720 104 73 sit
1186 2720 89 73 ab
1231 2720 164 73 hominum
1350 2720 238 73 institutione
1544 2720 209 73 conformius
1708 2720 104 73 est
1767 2720 119 73 legi
1842 2720 194 73 naturali,
1976 2720 89 73 huic

379 2766 114 77 regi
450 2766 86 77 in
493 2766 114 77 casu
564 2766 143 77 parere
664 2766 114 77 quam
736 2766 143 77 patri.
835 2766 157 77 Insuper
950 2766 86 77 si
992 2766 86 77 in
1035 2766 100 77 hoc
1092 2766 128 77 regno
1178 2766 128 77 ortus
1264 2766 100 77 sit
1321 2766 128 77 pater
1406 2766 100 77 non
1464 2766 128 77 prius
1549 2766 100 77 est
1606 2766 143 77 filius
1706 2766 128 77 patri
1792 2766 186 77 subiectus
1935 2766 114 77 quam
1992 2766 71 77 re¬-

382 2823 113 66 gi:
446 2823 129 66 immo
527 2823 81 66 &
559 2823 145 66 pater
656 2823 81 66 &
688 2823 161 66 filius
801 2823 97 66 vt
849 2823 161 66 primum
962 2823 145 66 sunt,
1059 2823 129 66 regi
1139 2823 274 66 subiiciuntur.
1365 2823 161 66 Solent
1478 2823 145 66 autem
1575 2823 161 66 aliqui
1687 2823 161 66 dicere
1800 2823 129 66 quod
1881 2823 145 66 prius
1961 2823 97 66 homo

382 2869 105 66 est
442 2869 120 66 regi
517 2869 120 66 quam
592 2869 105 66 deo
651 2869 210 66 subiectus:
816 2869 120 66 quia
891 2869 120 66 ante
966 2869 195 66 baptismum
1115 2869 105 66 non
1175 2869 105 66 est
1235 2869 105 66 deo
1295 2869 210 66 subiectus,
1459 2869 120 66 bene
1534 2869 135 66 autem
1624 2869 135 66 regi.
1714 2869 135 66 lstud
1804 2869 135 66 tamen
1893 2869 105 66 non
1938 2869 135 66 placet,

384 2915 120 69 quia
459 2915 90 69 vt
504 2915 150 69 primum
608 2915 105 69 est
668 2915 120 69 ipse
743 2915 75 69 &
773 2915 135 69 etiam
863 2915 120 69 rex:
937 2915 105 69 deo
997 2915 105 69 est
1057 2915 165 69 vterque
1177 2915 209 69 subiectus.
1341 2915 150 69 domini
1446 2915 120 69 enim
1521 2915 105 69 est
1580 2915 135 69 terra
1670 2915 75 69 &
1700 2915 194 69 plenitudo
1850 2915 135 69 eius.
1939 2915 105 69 Per
1984 2915 75 69 hoc

375 2963 97 66 ad
423 2963 178 66 tertium
553 2963 210 66 responsio
714 2963 162 66 patet.
827 2963 97 66 Ad
876 2963 178 66 tertiam
1005 2963 259 66 dubitationem
1215 2963 242 66 affirmatiue
1409 2963 259 66 respondetur.
1619 2963 145 66 Magis
1716 2963 129 66 enim
1797 2963 259 66 subueniendum
1991 2963 81 66 est

380 3008 139 77 amico
472 3008 93 77 ob
519 3008 139 77 bonum
611 3008 201 77 virtutis,
766 3008 124 77 quam
843 3008 139 77 amico
936 3008 93 77 ob
983 3008 170 77 generis
1106 3008 247 77 identitatem.
1307 3008 186 77 Probatur
1446 3008 108 77 tam
1508 3008 93 77 ex
1555 3008 139 77 parte
1648 3008 263 77 amicitiaequam
1864 3008 93 77 ex
1910 3008 139 77 parte
1988 3008 77 77 ami

377 3054 150 70 corum.
482 3054 135 70 Prius
572 3054 150 70 patet,
677 3054 150 70 satius
782 3054 120 70 enim
857 3054 105 70 est
917 3054 195 70 operandum
1067 3054 180 70 secundum
1202 3054 195 70 amicitiam
1351 3054 240 70 integerrimam
1546 3054 75 70 &
1576 3054 165 70 optimam
1696 3054 120 70 quam
1771 3054 180 70 secundum
1906 3054 135 70 aliam
1981 3054 75 70 mi¬-

378 3105 109 51 nus
441 3105 156 51 bonam:
550 3105 109 51 sed
612 3105 109 51 sic
675 3105 109 51 est
737 3105 94 51 de
784 3105 187 51 amicitia
924 3105 94 51 ob
971 3105 187 51 honestum
1111 3105 94 51 ex
1158 3105 156 51 octauo
1267 3105 140 51 huius
1361 3105 171 51 igitur.
1485 3105 171 51 Insuper
1610 3105 140 51 magis
1703 3105 203 51 operandum
1859 3105 109 51 est
1906 3105 156 51 secundum

383 3150 185 52 amicitiam
525 3150 114 52 quae
597 3150 185 52 bonitatem
739 3150 71 52 &
768 3150 200 52 vtilitatem
925 3150 100 52 cum
982 3150 228 52 oblectamento
1167 3150 157 52 syncere
1282 3150 71 52 &
1310 3150 214 52 permanenter
1481 3150 243 52 conglutinant,
1681 3150 114 52 quam
1752 3150 171 52 secundum
1881 3150 128 52 illam
1966 3150 114 52 quae

379 3190 117 74 haec
453 3190 102 74 non
511 3190 190 74 annectit:
657 3190 102 74 sed
716 3190 102 74 sic
774 3190 102 74 est
833 3190 88 74 de
877 3190 176 74 amicitia
1009 3190 88 74 ob
1052 3190 176 74 honestum
1184 3190 176 74 respectu
1316 3190 161 74 aliarum
1433 3190 234 74 amicitiarum:
1623 3190 161 74 igitur.
1740 3190 88 74 Ex
1784 3190 132 74 parte
1872 3190 176 74 amicorum
1989 3190 73 74 sic

378 3243 224 67 argumentor.
558 3243 120 67 Illi
632 3243 135 67 magis
722 3243 239 67 subueniendum
916 3243 105 67 est
976 3243 105 67 qui
1036 3243 224 67 simpliciter
1216 3243 105 67 est
1275 3243 165 67 melior,
1395 3243 75 67 &
1425 3243 224 67 subuenienti
1604 3243 165 67 melior:
1724 3243 120 67 quam
1799 3243 120 67 illi
1874 3243 105 67 qui
1933 3243 105 67 non
1978 3243 75 67 est

369 3288 141 80 talis:
467 3288 98 80 sed
524 3288 169 80 amicitia
650 3288 211 80 studiosorum
819 3288 98 80 est
875 3288 197 80 huiusmodi,
1030 3288 155 80 igitur.
1142 3288 225 80 Consequentia
1325 3288 127 80 tenet
1409 3288 98 80 cum
1465 3288 155 80 maiore.
1578 3288 169 80 Probatur
1704 3288 141 80 minor.
1803 3288 112 80 Ipse
1873 3288 98 80 est
1915 3288 155 80 studiosua
