2359 3606
135 244 237 104 oportetur
317 244 110 104 ea
372 244 91 104 &
409 244 164 104 agit:
518 244 146 104 mens
610 244 146 104 enim
701 244 164 104 omnis
810 244 110 104 id
865 244 219 104 expetit,
1030 244 146 104 quod
1121 244 128 104 est
1194 244 201 104 optimum
1340 244 164 104 sibi,
1450 244 91 104 &
1486 244 183 104 probus
1596 244 219 104 obtemperat

138 331 184 70 menti.
267 331 166 70 Atqui
377 331 166 70 verum
488 331 129 70 est
562 331 166 70 illud
672 331 148 70 quod
765 331 111 70 de
820 331 221 70 studioso
986 331 221 70 dicitur:
1152 331 221 70 complura
1318 331 184 70 inquam
1447 331 166 70 ipsum
1558 331 184 70 agere,
1687 331 92 70 &
1705 331 111 70 ami¬-

151 380 162 79 corum
259 380 90 79 &
295 380 198 79 patriae
439 380 198 79 gratia:
582 380 90 79 &
618 380 108 79 si
672 380 144 79 opus
762 380 180 79 fuerit
888 380 180 79 mortem
1014 380 180 79 obire,
1140 380 90 79 &
1176 380 216 79 pecunias
1338 380 144 79 enim
1427 380 90 79 &
1463 380 198 79 honores
1607 380 234 79 abiiciet,
1769 380 54 79 &

147 435 109 85 ea
201 435 146 85 bona
293 435 182 85 omnino
420 435 109 85 de
475 435 182 85 quibus
603 435 201 85 homines
749 435 255 85 decertant,
950 435 146 85 sibi
1041 435 237 85 vendicans
1223 435 274 85 honestatem.
1442 435 201 85 Expetet
1588 435 146 85 enim
1661 435 146 85 potius

149 498 245 76 voluptatem
341 498 158 76 breui
446 498 193 76 tempore
586 498 263 76 vehementem,
796 498 140 76 quam
884 498 158 76 longo
989 498 175 76 leuem,
1111 498 88 76 &
1146 498 158 76 vitam
1251 498 210 76 honestam
1409 498 123 76 vno
1479 498 158 76 anno,
1584 498 140 76 quam
1654 498 158 76 quanuis

152 548 186 84 multis.
287 548 85 84 &
321 548 135 84 vnum
406 548 152 84 actum
507 548 220 84 honestum,
677 548 237 84 magnumque:
863 548 135 84 quam
947 548 169 84 multos
1066 548 85 84 &
1099 548 186 84 paruos.
1235 548 152 84 Atque
1336 548 118 84 iis
1404 548 118 84 qui
1472 548 118 84 pro
1539 548 186 84 amicis,
1675 548 118 84 qui
1725 548 85 84 pro

143 610 190 79 patria
276 610 190 79 mortem
409 610 209 79 obeunt:
561 610 133 79 hoc
636 610 228 79 forsitan
807 610 228 79 accidit.
978 610 190 79 Magnam
1111 610 190 79 igitur
1244 610 247 79 sibiipsis
1433 610 209 79 eligunt
1566 610 247 79 honestatem.

140 660 287 66 abiiciuntque
373 660 215 66 pecunias
535 660 108 66 vt
588 660 161 66 amici
696 660 197 66 capiant
840 660 197 66 plures:
983 660 143 66 hinc
1073 660 143 66 enim
1162 660 179 66 amicus
1288 660 269 66 facultates,
1503 660 143 66 ipse
1575 660 233 66 consequitur

149 715 255 77 honestatem,
353 715 153 77 atque
456 715 136 77 sibi
541 715 153 77 maius
643 715 187 77 tribuit
779 715 170 77 bonum.
898 715 170 77 Eundem
1018 715 85 77 &
1052 715 153 77 circa
1154 715 187 77 honores
1290 715 153 77 modum
1392 715 307 77 magistratusque
1631 715 187 77 seruabit.

152 771 130 74 Nam
227 771 148 74 haec
319 771 167 74 omnia
430 771 167 74 amico
541 771 130 74 suo
615 771 241 74 concedet:
801 771 130 74 est
875 771 148 74 enim
967 771 130 74 hoc
1041 771 222 74 honestum
1208 771 148 74 ipsi
1301 771 111 74 ac
1356 771 259 74 laudabile.
1560 771 185 74 Merito
1671 771 148 74 igitur

153 827 238 88 studiosus
336 827 146 88 esse
427 827 220 88 videtur,
592 827 256 88 anteponens
793 827 201 88 omnibus
940 827 275 88 honestatem.
1159 827 128 88 Fit
1232 827 165 88 etiam
1342 827 92 88 &
1379 827 110 88 vt
1434 827 128 88 res
1507 827 201 88 agendas
1635 827 183 88 concedat

152 886 168 70 amico,
270 886 168 70 sitque
387 886 218 70 honestius
556 886 185 70 seipsum
690 886 168 70 fuisse
808 886 168 70 causam
925 886 101 70 vt
976 886 151 70 agant
1077 886 151 70 illas
1177 886 185 70 amicus,
1312 886 134 70 quam
1396 886 101 70 si
1446 886 185 70 ipsemet
1581 886 151 70 agat.
1682 886 101 70 In
1715 886 101 70 vni¬-

152 937 166 75 uersis
269 937 166 75 igitur
385 937 266 75 laudabilibus
601 937 133 75 ipse
684 937 216 75 studiosus
850 937 133 75 plus
933 937 232 75 honestatis
1115 937 199 75 tribuere
1265 937 133 75 sibi
1348 937 133 75 ipsi
1431 937 199 75 videtur.
1580 937 116 75 Sic
1646 937 166 75 igitur
1746 937 83 75 sui

153 990 190 88 ipsius
286 990 152 88 (vti
382 990 229 88 diximus)
553 990 229 88 amatorem
724 990 152 88 esse
820 990 229 88 oportet,
991 990 114 88 vt
1048 990 152 88 ipsi
1143 990 171 88 autem
1258 990 171 88 multi
1372 990 171 88 sunt,
1486 990 133 88 non
1544 990 190 88 oportet.

289 1092 206 91 vbitatur
443 1092 155 91 autem
546 1092 120 91 &c.
615 1092 103 91 In
667 1092 120 91 hoc
735 1092 172 91 octauo
855 1092 172 91 capite
976 1092 258 91 philosophus
1182 1092 206 91 inquirit
1336 1092 103 91 an
1388 1092 206 91 oporteat
1542 1092 189 91 hominem
1662 1092 155 91 seipsum

288 1166 161 53 maxime
401 1166 145 53 amare
498 1166 97 53 an
546 1166 161 53 potius
659 1166 161 53 alium:
772 1166 81 53 &
805 1166 194 53 vtrinque
950 1166 275 53 argumentatur.
1176 1166 161 53 Primo,
1289 1166 194 53 probando
1434 1166 129 53 quod
1515 1166 161 53 amator
1628 1166 113 53 sui
1693 1166 113 53 sit
1741 1166 81 53 re¬-

287 1201 279 77 prehendendus:
516 1201 164 77 deinde
631 1201 98 77 ad
680 1201 164 77 partem
795 1201 262 77 affirmatiuam
1008 1201 279 77 ratiocinatur.
1237 1201 98 77 Et
1286 1201 147 77 demum
1385 1201 246 77 quaestionem
1581 1201 197 77 soluendo
1712 1201 115 77 dicit

171 1255 123 68 quod
247 1255 123 68 ille
324 1255 153 68 peccat
431 1255 92 68 in
477 1255 138 68 amore
569 1255 107 68 sui
631 1255 107 68 qui
692 1255 153 68 caduca
799 1255 184 68 fortunae
937 1255 123 68 bona
1014 1255 77 68 &
1045 1255 184 68 corporis
1183 1255 215 68 illecebras
1352 1255 230 68 insequitur:
1536 1255 123 68 ille
1612 1255 123 68 vero
1689 1255 107 68 non
1735 1255 92 68 pec¬-

159 1309 112 55 cat
223 1309 112 55 qui
287 1309 96 55 se
335 1309 160 55 maxime
446 1309 191 55 secundum
590 1309 128 55 bona
669 1309 239 55 spiritualia
861 1309 191 55 diligit.
1004 1309 96 55 Et
1052 1309 144 55 caput
1148 1309 112 55 hoc
1212 1309 144 55 totum
1308 1309 175 55 quinque
1435 1309 303 55 conclusionibus,
1674 1309 144 55 dubita¬-

164 1344 169 69 tione,
283 1344 85 69 &
316 1344 118 69 vno
384 1344 237 69 corollario
570 1344 237 69 distractum
756 1344 135 69 est.
841 1344 152 69 Dicit
942 1344 135 69 ergo
1027 1344 169 69 primo.
1145 1344 237 69 Dubitatur,
1331 1344 152 69 vtrum
1433 1344 203 69 oporteat
1585 1344 186 69 seipsum
1704 1344 118 69 maxi¬-

157 1387 109 65 me
211 1387 163 65 amare
320 1387 109 65 an
374 1387 217 65 quemquam
537 1387 181 65 alium.
663 1387 109 65 Et
718 1387 199 65 videtur
862 1387 163 65 primo
971 1387 127 65 non
1043 1387 235 65 oportere,
1224 1387 199 65 seipsum
1369 1387 181 65 maxime
1495 1387 181 65 amare:
1622 1387 127 65 nam
1694 1387 127 65 eos
1749 1387 90 65 qui

165 1445 172 62 seipsos
291 1445 157 62 maxime
400 1445 141 62 amant
494 1445 204 62 increpant
651 1445 188 62 homines,
792 1445 251 62 appellantque
995 1445 110 62 sui
1058 1445 188 62 amatores
1199 1445 172 62 tamquam
1324 1445 94 62 id
1371 1445 141 62 turpe
1465 1445 125 62 sit:
1543 1445 78 62 &
1575 1445 94 62 de
1622 1445 172 62 talibus
1731 1445 110 62 dici¬-

163 1480 135 79 mus,
247 1480 135 79 isti
332 1480 135 79 sese
416 1480 219 79 fruuntur.
585 1480 118 79 Non
652 1480 169 79 igitur
770 1480 186 79 seipsum
905 1480 169 79 maxime
1023 1480 152 79 amare
1125 1480 202 79 licebit.
1276 1480 84 79 ⁋
1310 1480 186 79 Secundo
1445 1480 270 79 argumentatur
1664 1480 101 79 ad
1698 1480 135 79 eandem

162 1543 165 59 partem
277 1543 214 59 negatiuam
442 1543 99 59 de
491 1543 148 59 amore
590 1543 132 59 sui:
672 1543 132 59 quia
754 1543 165 59 prauus
870 1543 165 59 cuncta
985 1543 115 59 sui
1051 1543 165 59 gratia
1166 1543 165 59 facere
1281 1543 198 59 videtur,
1430 1543 82 59 &
1463 1543 99 59 eo
1512 1543 148 59 magis
1611 1543 115 59 quo
1660 1543 165 59 deterior

162 1572 127 67 est:
242 1572 191 67 incusant
385 1572 127 67 enim
465 1572 143 67 ipsum
560 1572 127 67 quia
640 1572 143 67 nihil
735 1572 127 67 nisi
815 1572 191 67 sibiipsi
958 1572 159 67 suique
1070 1572 159 67 gratia
1181 1572 143 67 agit.
1277 1572 159 67 Probus
1388 1572 143 67 autem
1484 1572 175 67 contra,
1611 1572 96 67 ob
1643 1572 191 67 honestatem

168 1624 187 70 amicique
309 1624 172 70 gratiam
434 1624 125 70 agit
511 1624 78 70 &
543 1624 94 70 eo
589 1624 140 70 magis
683 1624 109 70 quo
745 1624 265 70 praestabilior
964 1624 125 70 est.
1042 1624 78 70 ⁋
1073 1624 140 70 Verum
1166 1624 109 70 iis
1229 1624 125 70 quae
1307 1624 140 70 dicta
1400 1624 125 70 sunt
1478 1624 125 70 ipsa
1556 1624 140 70 opera
1650 1624 78 70 &
1681 1624 109 70 res
1728 1624 109 70 ipsae

171 1677 113 60 non
236 1677 130 60 sine
317 1677 178 60 ratione
446 1677 227 60 discordare
625 1677 211 60 videntur,
787 1677 146 60 atque
884 1677 194 60 ediuerso
1030 1677 162 60 maxime
1143 1677 178 60 seipsum
1273 1677 146 60 amare
1370 1677 211 60 oportere:
1532 1677 146 60 ratio
1629 1677 130 60 est:
1710 1677 113 60 nam
1759 1677 81 60 eum

176 1717 177 64 dicunt
300 1717 177 64 maxime
424 1717 159 64 amare
530 1717 212 64 oportere
690 1717 124 64 qui
760 1717 177 64 maxime
884 1717 124 64 sit
955 1717 195 64 amicus:
1097 1717 106 64 at
1150 1717 106 64 is
1203 1717 177 64 maxime
1327 1717 124 64 est
1398 1717 177 64 amicus
1521 1717 124 64 qui
1592 1717 177 64 maxime
1698 1717 142 64 alicui

167 1764 131 62 bona
249 1764 147 62 vult,
347 1764 82 62 &
380 1764 164 62 illius
494 1764 180 62 gratia,
625 1764 147 62 etiam
723 1764 98 62 si
773 1764 164 62 nullus
887 1764 147 62 alius
985 1764 98 62 id
1035 1764 197 62 scierit:
1182 1764 131 62 haec
1264 1764 147 62 autem
1362 1764 98 62 ad
1411 1764 180 62 seipsum
1542 1764 164 62 maxime
1640 1764 197 62 competunt.

164 1810 166 68 igitur
281 1810 183 68 seipsum
414 1810 166 68 maxime
530 1810 150 68 amare
630 1810 283 68 operaeprecium
863 1810 133 68 est.
946 1810 200 68 Secundo,
1096 1810 183 68 caetera
1229 1810 150 68 omnia
1329 1810 166 68 quibus
1446 1810 216 68 definitur
1612 1810 183 68 amicus,
1729 1810 116 68 maxi¬-

165 1859 100 64 me
215 1859 100 64 ad
265 1859 183 64 seipsum
398 1859 233 64 competunt,
581 1859 166 64 dictum
697 1859 116 64 est
763 1859 133 64 enim
846 1859 100 64 ex
896 1859 116 64 iis
963 1859 133 64 quae
1046 1859 100 64 ad
1096 1859 183 64 seipsum
1228 1859 133 64 sint
1311 1859 183 64 caetera
1444 1859 149 64 omnia
1544 1859 133 64 quae
1627 1859 100 64 ad
1660 1859 183 64 amicitiam

173 1911 195 63 attinent
319 1911 195 63 metienda
465 1911 146 63 esse,
562 1911 81 63 &
594 1911 81 63 a
627 1911 162 63 seipso
740 1911 146 63 omnia
838 1911 97 63 ad
886 1911 211 63 amicitiam
1048 1911 227 63 spectantia
1227 1911 97 63 ad
1275 1911 195 63 reliquos
1421 1911 243 63 proficisci:
1616 1911 162 63 maxime
1713 1911 130 63 igitur

172 1949 196 70 oportet
315 1949 196 70 seipsum
457 1949 178 70 amare.
582 1949 178 70 Tertio
707 1949 143 70 idem
796 1949 125 70 sic
867 1949 232 70 vallatur.
1046 1949 107 70 Ad
1099 1949 125 70 hoc
1171 1949 232 70 prouerbia
1349 1949 214 70 vniuersa
1509 1949 232 70 accedant,
1688 1949 107 70 vt
1723 1949 125 70 Anima

170 1997 118 60 est
237 1997 134 60 vna.
321 1997 101 60 Et
372 1997 201 60 amicorum
523 1997 151 60 omnia
623 1997 134 60 sunt
707 1997 218 60 communia.
875 1997 101 60 Et
926 1997 201 60 amicitia
1077 1997 118 60 est
1144 1997 252 60 aequalitas,
1345 1997 84 60 &
1379 1997 151 60 tibia
1480 1997 134 60 genu
1564 1997 118 60 est
1614 1997 235 60 propinquius.

187 2052 139 66 Quia
274 2052 139 66 vero
361 2052 139 66 haec
448 2052 227 66 prouerbia
622 2052 192 66 quatuor
762 2052 122 66 non
832 2052 105 66 ab
884 2052 192 66 omnibus
1023 2052 227 66 capiuntur
1198 2052 174 66 quidam
1320 2052 122 66 sic
1390 2052 105 66 ea
1442 2052 209 66 exposuit
1599 2052 122 66 Vna
1669 2052 122 66 est
1721 2052 122 66 anima

169 2091 223 60 amicorum,
340 2091 137 60 quia
426 2091 120 60 vna
494 2091 223 60 voluntas:
666 2091 120 60 sed
734 2091 137 60 sibi
820 2091 171 60 cuique
940 2091 154 60 anima
1043 2091 120 60 sua
1111 2091 188 60 proxima
1248 2091 137 60 est.
1334 2091 137 60 Item
1420 2091 206 60 amicorum
1574 2091 137 60 sunt
1660 2091 154 60 omnia
1745 2091 103 60 com¬-

179 2133 167 69 munia,
296 2133 117 69 sed
363 2133 100 69 vt
413 2133 150 69 dicit
513 2133 250 69 Terentiuus,
713 2133 200 69 Proximus
863 2133 117 69 sum
929 2133 167 69 egomet
1046 2133 150 69 mihi.
1146 2133 100 69 Et
1196 2133 200 69 amicitia
1346 2133 117 69 est
1413 2133 250 69 aequalitas:
1613 2133 117 69 sed
1679 2133 150 69 nihil
1763 2133 83 69 est

172 2186 169 57 cuiquam
294 2186 153 57 seipso
402 2186 215 57 aequalius.
571 2186 199 57 Praeterea
724 2186 123 57 genu
801 2186 107 57 non
862 2186 107 57 hoc
923 2186 138 57 cordi
1016 2186 77 57 &
1046 2186 107 57 non
1108 2186 230 57 praecordiis
1292 2186 92 57 in
1338 2186 153 57 quibus
1445 2186 107 57 est
1506 2186 230 57 affectionum
1691 2186 138 57 sedes
1767 2186 77 57 est

188 2232 239 65 propinquius
380 2232 144 65 tibia
475 2232 128 65 quae
555 2232 144 65 infra
651 2232 128 65 genu
731 2232 128 65 est:
811 2232 112 65 sic
874 2232 128 65 sibi
954 2232 176 65 quisque
1082 2232 192 65 proximus
1226 2232 128 65 est,
1305 2232 96 65 et
1353 2232 128 65 enim
1433 2232 192 65 vniuersa
1577 2232 96 65 ad
1625 2232 176 65 seipsum
1736 2232 112 65 maxi¬-

184 2276 103 64 me
235 2276 241 64 competunt,
424 2276 172 64 maxime
545 2276 172 64 namque
665 2276 172 64 amicus
785 2276 120 64 est
854 2276 138 64 sibi
940 2276 86 64 &
974 2276 189 64 seipsum
1112 2276 172 64 maxime
1232 2276 155 64 amare
1335 2276 206 64 oportet,
1490 2276 138 64 haec
1576 2276 138 64 enim
1662 2276 172 64 merito
1765 2276 86 64 ad¬-

176 2321 196 62 dubitare
323 2321 180 62 faciunt
454 2321 115 62 cui
519 2321 164 62 potius
634 2321 147 62 parti
732 2321 262 62 assentiendum
945 2321 115 62 sit
1011 2321 115 62 cum
1076 2321 196 62 vtrinque
1223 2321 196 62 rationes
1371 2321 295 62 credibilitatem
1600 2321 180 62 afferant.

173 2367 78 65 ⁋
205 2367 188 65 Sequitur
346 2367 141 65 prima
440 2367 219 65 conclusio,
612 2367 157 65 dicens
721 2367 125 65 opus
800 2367 110 65 est
862 2367 266 65 distinctione:
1082 2367 157 65 sicque
1191 2367 157 65 litera
1301 2367 157 65 clara,
1411 2367 172 65 inquit.
1536 2367 188 65 Fortasse
1677 2367 157 65 igitur
1771 2367 78 65 ta¬-

168 2427 116 49 les
235 2427 199 49 sermones
384 2427 266 49 distinguendi
600 2427 316 49 determinandique
866 2427 133 49 sunt
950 2427 199 49 quousque
1099 2427 83 49 &
1132 2427 183 49 quomodo
1265 2427 133 49 sint
1348 2427 150 49 veri.
1448 2427 116 49 Nam
1515 2427 100 49 si
1564 2427 249 49 acceperimus
1747 2427 100 49 quo¬-

184 2463 187 72 nammodo
320 2463 187 72 vtrique
456 2463 204 72 amatorem
609 2463 119 72 sui
678 2463 187 72 dicant,
814 2463 136 72 cito
899 2463 136 72 fiet
984 2463 238 72 manifestum
1171 2463 102 72 id
1222 2463 102 72 de
1273 2463 119 72 quo
1341 2463 238 72 ambigitur.
1529 2463 85 72 ⁋
1563 2463 204 72 Sequitur
1699 2463 153 72 secunda

181 2506 223 64 conclusio.
357 2506 112 64 Qui
420 2506 160 64 igitur
532 2506 112 64 hoc
596 2506 287 64 reprehendendum
835 2506 128 64 esse
915 2506 239 64 existimant,
1106 2506 112 64 eos
1170 2506 191 64 amatores
1314 2506 112 64 sui
1377 2506 207 64 appellant
1537 2506 112 64 qui
1601 2506 128 64 sibi
1680 2506 128 64 plus
1744 2506 96 64 tri¬-

175 2555 151 73 buunt
276 2555 101 73 in
326 2555 201 73 pecuniis
477 2555 84 73 &
511 2555 218 73 honoribus
678 2555 84 73 &
712 2555 268 73 voluptatibus
930 2555 218 73 corporis:
1097 2555 134 73 haec
1181 2555 134 73 enim
1265 2555 134 73 ipsa
1349 2555 218 73 multitudo
1517 2555 201 73 affectat
1668 2555 84 73 &
1701 2555 151 73 ipsis
1785 2555 67 73 vt

169 2601 184 62 optimus
303 2601 134 62 omni
386 2601 167 62 studio
503 2601 217 62 incumbit.
671 2601 117 62 Hoc
737 2601 117 62 est
804 2601 217 62 multitudo
971 2601 234 62 corporales
1155 2601 234 62 illecebras
1339 2601 267 62 prosequitur,
1556 2601 84 62 &
1589 2601 117 62 eis
1656 2601 100 62 vt
1690 2601 150 62 optimis

177 2651 145 61 rebus
274 2651 193 61 fruitur:
419 2651 226 61 quapropter
596 2651 81 61 &
628 2651 97 61 in
677 2651 193 61 certamen
822 2651 193 61 veniunt,
967 2651 129 61 quia
1047 2651 113 61 pro
1112 2651 113 61 eis
1176 2651 193 61 certant.
1321 2651 113 61 Qui
1386 2651 161 61 igitur
1499 2651 97 61 in
1547 2651 145 61 hisce
1644 2651 129 61 plus
1708 2651 129 61 habere

182 2708 179 52 pergunt
312 2708 97 52 ii
360 2708 276 52 cupiditatibus
587 2708 81 52 &
620 2708 325 52 perturbationibus
896 2708 146 52 eique
993 2708 146 52 parti
1091 2708 162 52 animae
1204 2708 114 52 qui
1269 2708 195 52 rationis
1415 2708 114 52 est
1480 2708 162 52 expers
1577 2708 260 52 gratificantur,

173 2743 114 62 hoc
238 2743 114 62 est
303 2743 276 62 condescendunt
530 2743 259 62 sensualitati
740 2743 81 62 &
773 2743 146 62 parti
870 2743 195 62 brutali.
1016 2743 146 62 Tales
1113 2743 146 62 autem
1211 2743 146 62 suntr
1308 2743 162 62 multi,
1421 2743 178 62 iccirco
1551 2743 81 62 &
1584 2743 227 62 appellatio
1746 2743 97 62 orta

173 2790 115 60 est
238 2790 99 60 ex
288 2790 247 60 multitudine
485 2790 131 60 quae
567 2790 164 60 quidem
682 2790 115 60 est
748 2790 164 60 praua:
863 2790 115 60 est
929 2790 148 60 orta.
1027 2790 99 60 i,
1077 2790 164 60 primam
1192 2790 197 60 originem
1339 2790 164 60 duxit.
1455 2790 197 60 Secundo,
1602 2790 115 60 non
1668 2790 115 60 est
1718 2790 131 60 obscu¬-

176 2839 113 59 rum
241 2839 162 59 vulgus
354 2839 113 59 eos
419 2839 113 59 sui
484 2839 194 59 amatores
630 2839 162 59 dicere
743 2839 243 59 consueuisse
937 2839 113 59 qui
1002 2839 211 59 sibiipsis
1164 2839 146 59 talia
1262 2839 211 59 tribuunt:
1424 2839 113 59 nam
1488 2839 97 59 si
1537 2839 130 59 quis
1618 2839 162 59 studet
1715 2839 130 59 semper

174 2885 155 58 iusta
277 2885 173 58 agere:
398 2885 86 58 &
433 2885 173 58 maxime
554 2885 173 58 omnium
675 2885 121 58 aut
744 2885 225 58 temperata
916 2885 121 58 aut
985 2885 190 58 quaeuis
1124 2885 138 58 alia
1210 2885 104 58 ex
1262 2885 242 58 virtutibus
1452 2885 155 58 ipsis
1555 2885 242 58 emergentia
1728 2885 121 58 hone¬-

171 2935 220 56 statemque
340 2935 169 56 omnino
459 2935 203 56 sibiipsi
611 2935 169 56 semper
730 2935 203 56 vendicet
882 2935 152 56 atque
984 2935 203 56 vsurpet,
1137 2935 136 56 hunc
1221 2935 136 56 nemo
1306 2935 152 56 dicit
1408 2935 203 56 amatorem
1560 2935 136 56 sui:
1645 2935 152 56 neque
1729 2935 119 56 vitu¬-

181 2984 211 56 perabit.
339 2984 175 56 Liquet
462 2984 140 56 ergo
550 2984 281 56 multitudinem
778 2984 211 56 amatorem
936 2984 123 56 sui
1006 2984 228 56 appellare
1181 2984 123 56 eum
1252 2984 123 56 qui
1322 2984 175 56 corpus
1445 2984 88 56 &
1480 2984 211 56 corporis
1620 2984 228 56 affectiones

183 3026 196 61 sequitur:
334 3026 75 61 &
364 3026 90 61 is
409 3026 105 61 est
469 3026 151 61 merito
575 3026 211 61 arguendus.
740 3026 75 61 ⁋
770 3026 151 61 Tertia
876 3026 211 61 conclusio.
1042 3026 136 61 Magis
1132 3026 136 61 autem
1222 3026 196 61 videbitur
1373 3026 136 61 talis
1463 3026 121 61 homo
1539 3026 105 61 sui
1599 3026 151 61 amator
1689 3026 151 61 scilicet

178 3082 109 52 qui
240 3082 171 52 honesta
364 3082 202 52 sectatur.
519 3082 109 52 Nam
581 3082 93 52 ea
627 3082 124 52 sibi
705 3082 171 52 tribuit
829 3082 124 52 quae
906 3082 233 52 pulcherrima
1092 3082 124 52 sunt
1170 3082 202 52 maximeque
1325 3082 140 52 bona:
1418 3082 78 52 &
1449 3082 248 52 gratificatur
1650 3082 93 52 ei
1697 3082 124 52 quod
1759 3082 78 52 sui

179 3127 143 54 ipsius
279 3127 100 54 est
336 3127 214 54 potissimum,
507 3127 86 54 in
550 3127 200 54 omnibusque
707 3127 114 54 illi
778 3127 214 54 obtemperat.
950 3127 100 54 Hoc
1007 3127 100 54 est
1064 3127 214 54 intellectui
1235 3127 71 54 &
1264 3127 157 54 rationi
1378 3127 114 54 quae
1449 3127 100 54 est
1506 3127 157 54 hominis
1621 3127 114 54 pars
1678 3127 171 54 potissima.

189 3171 171 60 pecundo
314 3171 234 60 quemadmodum
501 3171 171 60 ciuitas
625 3171 78 60 &
657 3171 140 60 omnis
750 3171 125 60 alia
828 3171 187 60 societas
968 3171 156 60 maxime
1077 3171 93 60 id
1124 3171 125 60 esse
1202 3171 171 60 videtur
1326 3171 125 60 quod
1404 3171 109 60 sui
1466 3171 171 60 optimum
1591 3171 125 60 est,
1669 3171 109 60 sic
1731 3171 78 60 &
1747 3171 93 60 homo

183 3214 119 72 ergo
258 3214 149 72 amator
362 3214 104 72 sui
422 3214 149 72 maxime
526 3214 90 72 is
571 3214 149 72 dicetu
675 3214 104 72 qui
735 3214 90 72 id
780 3214 119 72 quod
854 3214 104 72 sui
914 3214 164 72 optimum
1033 3214 104 72 est
1093 3214 119 72 amat
1168 3214 134 72 eique
1257 3214 224 72 obsequitur.
1436 3214 164 72 Tertio,
1556 3214 119 72 quia
1630 3214 90 72 vt
1675 3214 164 72 ciuitas
1794 3214 90 72 id
