2336 3609
492 245 133 80 maxime
585 245 107 80 esse
652 245 147 80 videtur
759 245 107 80 quod
825 245 93 80 est
879 245 80 80 in
919 245 80 80 ea
959 245 200 80 potissimum.
1119 245 80 80 vt
1159 245 173 80 concilium
1292 245 187 80 sapientum:
1439 245 67 80 &
1466 245 120 80 aliud
1546 245 107 80 esse
1613 245 160 80 censetur
1733 245 173 80 conuentus
1866 245 160 80 scilicet
1986 245 160 80 hominum,
2106 245 93 80 non

488 323 175 46 ciuitas:
620 323 102 46 sic
678 323 117 46 homo
751 323 102 46 est
810 323 88 46 id
853 323 117 46 quod
926 323 102 46 est
985 323 88 46 in
1028 323 88 46 eo
1072 323 219 46 potissimum,
1247 323 175 46 scilicet
1379 323 131 46 ratio
1466 323 73 46 &
1496 323 234 46 intellectus,
1685 323 102 46 qui
1744 323 88 46 id
1787 323 88 46 in
1831 323 88 46 se
1875 323 131 46 amat,
1963 323 88 46 is
2006 323 102 46 sui
2050 323 117 46 amator

502 368 178 55 dicendus
636 368 119 55 est.
710 368 163 55 Quarto,
829 368 119 55 quia
903 368 119 55 quis
977 368 163 55 dicitur
1096 368 193 55 continens
1244 368 104 55 aut
1304 368 238 55 incontinens,
1497 368 119 55 quia
1571 368 119 55 mens
1645 368 74 55 &
1675 368 134 55 ratio
1764 368 89 55 in
1809 368 89 55 eo
1853 368 148 55 vincit
1957 368 104 55 aut
2002 368 163 55 vincitur,

487 414 130 56 quia
568 414 179 56 quisque
698 414 179 56 hominum
828 414 228 56 potissimum
1007 414 130 56 mens
1088 414 130 56 est:
1170 414 81 56 &
1202 414 163 56 maxime
1316 414 98 56 ea
1365 414 179 56 homines
1495 414 114 56 sua
1560 414 163 56 sponte
1674 414 163 56 egisse
1788 414 195 56 videntur
1934 414 130 56 quae
2015 414 114 56 cum
2064 414 114 56 mente

491 462 221 58 rationeque
665 462 174 58 gerunt:
792 462 158 58 igitur
902 462 111 58 non
965 462 190 58 obscurum
1108 462 111 58 est
1171 462 126 58 hanc
1250 462 158 58 maxime
1361 462 142 58 virum
1456 462 142 58 bonum
1550 462 142 58 amare
1645 462 142 58 quare
1740 462 142 58 talis
1835 462 158 58 maxime
1946 462 206 58 suiipsius
2088 462 79 58 est

490 505 169 68 amator.
613 505 77 68 ⁋
643 505 123 68 Hinc
720 505 231 68 corollatium
905 505 154 68 infert
1012 505 169 68 dicens.
1135 505 215 68 Quapropter
1304 505 154 68 maxime
1412 505 108 68 sui
1473 505 108 68 est
1535 505 154 68 amator
1642 505 184 68 scilicet
1780 505 138 68 amans
1873 505 123 68 quod
1949 505 92 68 in
1996 505 92 68 se
2026 505 154 68 potissi¬-

503 556 97 49 mum
559 556 111 49 est,
628 556 152 49 diuersa
739 556 139 49 specie
836 556 83 49 ab
877 556 83 49 eo
919 556 97 49 qui
974 556 208 49 reprehendit
1141 556 166 49 scilicet
1265 556 139 49 vulgo,
1362 556 139 49 dictus
1459 556 139 49 amator
1556 556 111 49 sui,
1626 556 111 49 sibi
1695 556 125 49 nimis
1778 556 194 49 indulgens,
1930 556 180 49 tantumque
2055 556 111 49 distat

496 604 132 58 atque
585 604 162 58 differt
702 604 162 58 quantum
820 604 118 58 vita
894 604 103 58 cum
953 604 162 58 ratione
1070 604 162 58 differt
1188 604 74 58 a
1217 604 118 58 vita
1291 604 103 58 cum
1350 604 265 58 perturbatione:
1571 604 74 58 &
1600 604 162 58 quantum
1718 604 177 58 appetere
1850 604 118 58 quod
1924 604 177 58 honestum
2056 604 118 58 est,
2115 604 59 58 ab

498 647 87 56 eo
542 647 116 56 quod
615 647 174 56 videatur
745 647 189 56 prodesse.
890 647 73 56 ⁋
919 647 174 56 Sequitur
1050 647 145 56 quarta
1151 647 203 56 conclusio.
1311 647 131 56 Bonum
1398 647 160 56 hominem
1514 647 116 56 esse
1587 647 174 56 amatorem
1717 647 102 56 sui
1775 647 174 56 expedit:
1906 647 102 56 nam
1964 647 73 56 &
1993 647 116 56 sibi
2065 647 73 56 &
2080 647 87 56 cae¬-

501 695 141 50 teris
595 695 187 50 proderit
736 695 156 50 agendo
845 695 187 50 honesta.
986 695 78 50 ⁋
1017 695 156 50 Quinta
1126 695 219 50 conclusio.
1298 695 156 50 Prauum
1407 695 141 50 autem
1501 695 125 50 esse
1579 695 187 50 amatorem
1720 695 109 50 sui
1782 695 109 50 non
1845 695 187 50 expedit.
1986 695 125 50 Hanc
2048 695 125 50 probat

500 741 263 59 philosophus.
713 741 132 59 Quia
796 741 82 59 &
829 741 132 59 sibi
911 741 82 59 &
944 741 230 59 propinquis
1125 741 165 59 oberit
1240 741 197 59 affectus
1388 741 165 59 prauos
1503 741 214 59 sequendo.
1668 741 115 59 Non
1734 741 132 59 enim
1816 741 165 59 potest
1931 741 148 59 arbor
2030 741 132 59 mala
2096 741 82 59 bo¬-

503 788 103 58 nos
562 788 162 58 fructus
680 788 162 58 facere.
798 788 74 58 ⁋
828 788 177 58 Sequitur
961 788 177 58 cuiusdam
1093 788 236 58 dubitationis
1285 788 177 58 solutio.
1418 788 162 58 Diceret
1536 788 118 58 enim
1610 788 162 58 aliquis
1728 788 118 58 sic.
1801 788 148 58 Nullus
1905 788 118 58 suam
1978 788 133 58 vitam
2052 788 133 58 nihili¬-

485 831 175 66 faciens
612 831 95 66 in
660 831 143 66 opere
755 831 175 66 honesto
883 831 95 66 se
930 831 159 66 maxime
1042 831 191 66 diligit:
1185 831 111 66 sed
1249 831 207 66 studiosus
1408 831 111 66 est
1471 831 223 66 huiusmodi,
1646 831 175 66 igitur.
1773 831 239 66 Philosophus
1964 831 191 66 concedit
2107 831 95 66 in

491 883 141 60 genue
586 883 94 60 in
633 883 157 60 litera
743 883 189 60 minorem:
884 883 79 60 &
916 883 94 60 ex
963 883 236 60 consequente
1151 883 173 60 maiorem
1277 883 251 60 interimeret.
1481 883 141 60 Circa
1576 883 173 60 minorem
1701 883 189 60 insudat,
1843 883 79 60 &
1874 883 157 60 litera
1984 883 110 60 est
2032 883 141 60 peruia.

490 933 136 52 Atqui
580 933 136 52 verum
671 933 106 52 est
731 933 136 52 illud
822 933 121 52 quod
897 933 90 52 de
942 933 181 52 studioso
1078 933 181 52 dicitur:
1214 933 181 52 complura
1350 933 136 52 ipsum
1440 933 136 52 agere
1531 933 75 52 &
1561 933 181 52 amicorum
1696 933 75 52 &
1727 933 166 52 patriae
1847 933 166 52 gratia,
1968 933 75 52 &
1998 933 90 52 si
2043 933 121 52 opus
2104 933 75 52 fue

489 980 109 50 rit
552 980 155 50 mortem
660 980 155 50 obire.
769 980 93 50 Et
815 980 186 50 pecunias
955 980 124 50 enim
1032 980 78 50 &
1063 980 171 50 honores
1187 980 202 50 abiiciet:
1343 980 78 50 &
1374 980 155 50 super.
1482 980 186 50 abiiciat
1622 980 140 50 etiam
1715 980 93 50 ea
1761 980 124 50 bona
1839 980 93 50 de
1885 980 155 50 quibus
1994 980 171 50 homines
2102 980 78 50 de¬-

492 1027 170 56 certant,
620 1027 227 56 digladiantur
804 1027 71 56 &
833 1027 199 56 insaniunt:
989 1027 199 56 vendicans.
1145 1027 85 56 i.
1188 1027 85 56 vt
1230 1027 170 56 propriam
1358 1027 170 56 asserens
1486 1027 114 56 sibi
1557 1027 213 56 honestatem:
1728 1027 99 56 hoc
1784 1027 99 56 est
1841 1027 128 56 illud
1927 1027 114 56 quod
1998 1027 156 56 rationi
2097 1027 71 56 re¬-

490 1070 117 57 ctae
564 1070 102 57 est
622 1070 249 57 consentaneum.
827 1070 88 57 Et
871 1070 117 57 quia
944 1070 161 57 homines
1061 1070 263 57 delectationem,
1281 1070 117 57 bona
1354 1070 146 57 opera,
1456 1070 73 57 &
1486 1070 146 57 longam
1588 1070 132 57 vitam
1676 1070 176 57 exoptant
1808 1070 88 57 de
1852 1070 132 57 illis
1939 1070 146 57 tribus
2027 1070 132 57 loquens

494 1120 276 58 comparationem
721 1120 146 58 facit
818 1120 114 58 sic
883 1120 211 58 inquiens.
1045 1120 114 58 Vir
1110 1120 146 58 bonus
1207 1120 81 58 &
1240 1120 227 58 magnanimus
1418 1120 178 58 expetet
1548 1120 162 58 potius
1661 1120 227 58 voluptatem
1840 1120 146 58 breui
1937 1120 178 58 tempore
2050 1120 114 58 vehe¬-

500 1164 138 57 mentem
597 1164 111 57 quam
666 1164 125 57 longo
749 1164 152 57 tempore
860 1164 138 57 leuem.
957 1164 83 57 i.
998 1164 152 57 exilem:
1109 1164 69 57 &
1137 1164 125 57 vitam
1220 1164 166 57 honestam
1344 1164 97 57 vno
1399 1164 125 57 anno,
1482 1164 111 57 quam
1552 1164 166 57 quanuis.
1676 1164 83 57 i.
1718 1164 180 57 quamlibet
1856 1164 97 57 aut
1911 1164 221 57 qualencumque
2077 1164 97 57 vitam

483 1213 84 49 &
517 1213 234 49 mediocrem,
700 1213 167 49 multis
817 1213 134 49 sup.
901 1213 167 49 annis.
1018 1213 100 49 Et
1068 1213 134 49 vnum
1151 1213 150 49 actum
1252 1213 200 49 honestum
1402 1213 167 49 magnum
1519 1213 184 49 expetet
1652 1213 150 49 magis
1753 1213 134 49 quam
1836 1213 167 49 multos
1953 1213 84 49 &
1970 1213 200 49 minutulos.

484 1263 139 60 Atque
576 1263 108 60 iis
638 1263 108 60 qui
699 1263 108 60 pro
761 1263 170 60 amicis,
884 1263 108 60 qui
946 1263 185 60 propriam
1085 1263 154 60 mortem
1193 1263 170 60 obeunt,
1316 1263 108 60 hoc
1378 1263 185 60 forsitan
1517 1263 185 60 obtigit.
1655 1263 154 60 Magnam
1763 1263 154 60 igitur
1871 1263 123 60 sibi
1948 1263 139 60 ipsis
2025 1263 139 60 eligunt

486 1302 230 67 honestatem,
670 1302 246 67 abiiciuntque
870 1302 184 67 pecunias
1008 1302 92 67 vt
1054 1302 138 67 amici
1146 1302 169 67 capiant
1269 1302 169 67 plures.
1392 1302 123 67 Hinc
1469 1302 92 67 em
1515 1302 154 67 amicus
1622 1302 230 67 facultates:
1807 1302 123 67 ipse
1884 1302 123 67 vero
1960 1302 200 67 studiosus
2099 1302 61 67 ho

486 1354 185 60 nestatem
624 1354 246 60 consequitur:
824 1354 138 60 Atque
916 1354 123 60 sibi
993 1354 138 60 maius
1085 1354 169 60 tribuit
1208 1354 154 60 bonum:
1316 1354 123 60 quia
1393 1354 185 60 virtutem
1531 1354 77 60 &
1562 1354 108 60 non
1624 1354 138 60 solum
1716 1354 138 60 istud
1808 1354 138 60 circa
1901 1354 138 60 vitam
1993 1354 77 60 &
2008 1354 154 60 pecuniam

490 1400 203 47 factitat,
646 1400 109 47 sed
709 1400 140 47 etiam
802 1400 140 47 circa
896 1400 234 47 magistratus
1083 1400 78 47 &
1114 1400 187 47 honores.
1255 1400 203 47 Praeterea
1411 1400 156 47 eundem
1520 1400 140 47 circa
1613 1400 172 47 honores
1738 1400 140 47 modum
1832 1400 281 47 magistratusque
2050 1400 125 47 serua¬-

481 1444 123 52 bit,
558 1444 108 52 nam
619 1444 123 52 haec
696 1444 139 52 omnia
789 1444 139 52 amico
881 1444 108 52 suo
943 1444 200 52 concedit.
1097 1444 108 52 Est
1159 1444 123 52 enim
1236 1444 108 52 hoc
1297 1444 185 52 honestum
1436 1444 123 52 ipsi
1513 1444 92 52 ac
1559 1444 216 52 laudabile.
1729 1444 154 52 Merito
1836 1444 154 52 igitur
1944 1444 200 52 studiosus
2083 1444 77 52 vi¬-

484 1489 151 63 detur
585 1489 134 63 ante
669 1489 168 63 ponens
786 1489 184 63 omnibus
920 1489 252 63 honestatem.
1121 1489 184 63 Insuper
1256 1489 218 63 studiosus
1423 1489 151 63 facit
1524 1489 168 63 amicum
1641 1489 151 63 agere
1742 1489 134 63 illa
1826 1489 134 63 quae
1909 1489 218 63 immediate
2060 1489 101 63 ipse

481 1535 141 68 agere
575 1535 172 68 potest,
700 1535 94 68 vt
747 1535 141 68 etiam
841 1535 172 68 honorem
967 1535 141 68 amico
1060 1535 219 68 partiatur:
1233 1535 78 68 &
1264 1535 125 68 vult
1342 1535 125 68 esse
1420 1535 141 68 causa
1514 1535 141 68 quare
1608 1535 157 68 amicus
1718 1535 188 68 perbelle
1859 1535 141 68 agat.
1953 1535 141 68 Quare
2031 1535 125 68 litera

480 1589 156 45 dicit,
590 1589 109 45 fit
652 1589 140 45 etiam
746 1589 94 45 vt
793 1589 78 45 &
824 1589 109 45 res
886 1589 172 45 agendas
1011 1589 187 45 concedat
1152 1589 156 45 amico:
1261 1589 156 45 sitque
1370 1589 203 45 honestius
1526 1589 172 45 seipsum
1651 1589 156 45 fuisse
1760 1589 156 45 causam
1869 1589 94 45 vt
1916 1589 125 45 agat
1994 1589 140 45 illas
2072 1589 94 45 ami¬-

487 1630 118 57 cus,
561 1630 118 57 quam
634 1630 88 57 si
678 1630 162 57 ipsemet
796 1630 132 57 agat.
884 1630 176 57 Summatim
1017 1630 88 57 vt
1061 1630 147 57 paucis
1164 1630 132 57 omnia
1252 1630 235 57 complectatur
1443 1630 103 57 sic
1502 1630 147 57 dicit.
1605 1630 88 57 In
1649 1630 191 57 vniuersis
1796 1630 147 57 igitur
1899 1630 235 57 laudabilibus
2076 1630 88 57 ipse

487 1673 192 63 studiosus
635 1673 118 63 plus
709 1673 207 63 honestatis
871 1673 177 63 tribuere
1004 1673 177 63 sibiipsi
1137 1673 177 63 videtur.
1270 1673 103 63 Sic
1329 1673 148 63 igitur
1432 1673 236 63 (quemadmodum
1624 1673 222 63 astruximus)
1802 1673 177 63 amatorem
1934 1673 192 63 suiipsius
2067 1673 89 63 esse

483 1722 195 56 oportet,
629 1722 98 56 vt
678 1722 130 56 ipsi
759 1722 146 56 autem
857 1722 146 56 multi
955 1722 130 56 sunt
1036 1722 114 56 non
1101 1722 195 56 oportet,
1248 1722 114 56 hoc
1313 1722 114 56 est
1378 1722 179 56 oportet
1508 1722 98 56 vt
1557 1722 114 56 vir
1622 1722 212 56 studiosus
1785 1722 114 56 sit
1850 1722 163 56 amator
1964 1722 130 56 sui,
2045 1722 114 56 sic
2094 1722 65 56 vt

484 1771 197 59 diximus.
631 1771 99 59 i,
681 1771 131 59 sibi
763 1771 197 59 virtutem
911 1771 230 59 vendicans,
1091 1771 115 59 cum
1157 1771 115 59 non
1223 1771 99 59 vt
1272 1771 148 59 multi
1371 1771 131 59 sunt
1453 1771 197 59 amatores
1601 1771 131 59 sui,
1683 1771 131 59 sibi
1765 1771 246 59 indulgentes
1945 1771 214 59 quemadmodum

480 1823 175 51 diximus
608 1823 96 51 de
655 1823 159 51 amicis
767 1823 319 51 vituperabilibus.
1038 1823 127 51 Ecce
1117 1823 239 51 Aristotelis
1309 1823 223 51 sententiam
1484 1823 159 51 paucis
1595 1823 191 51 relatam,
1739 1823 127 51 quae
1818 1823 191 51 perbella
1962 1823 127 51 est:
2042 1823 80 51 &
2057 1823 112 51 mirum

484 1869 114 52 est
549 1869 195 52 gentilem
695 1869 146 52 virum
793 1869 114 52 ita
858 1869 195 52 veritate
1004 1869 244 52 conformiter
1199 1869 98 52 ad
1248 1869 228 52 orthodoxam
1427 1869 146 52 fidem
1525 1869 211 52 fuffultum
1687 1869 81 52 &
1720 1869 211 52 praeditum
1866 1869 114 52 esse.

492 1909 79 56 ⁋
524 1909 142 56 Circa
619 1909 127 56 hanc
698 1909 190 56 materiam
840 1909 174 56 aliquot
967 1909 269 56 enunciationes
1189 1909 142 56 breui
1284 1909 269 56 perstrinxero,
1505 1909 158 56 quarum
1616 1909 142 56 prima
1711 1909 127 56 est.
1790 1909 158 56 Potius
1901 1909 142 56 omnem
1996 1909 158 56 culpam
2091 1909 63 56 in

483 1954 159 54 meipso
595 1954 207 54 euitauero
754 1954 127 54 quam
833 1954 96 54 in
881 1954 175 54 quopiam
1009 1954 143 54 alio.
1104 1954 143 54 Anima
1200 1954 111 54 mea
1263 1954 96 54 in
1311 1954 175 54 manibus
1438 1954 143 54 meis,
1534 1954 80 54 &
1566 1954 159 54 nullus
1677 1954 127 54 sibi
1757 1954 207 54 secundus:
1916 1954 175 54 proinde
2028 1954 127 54 solli¬-

483 2007 158 60 citior
594 2007 110 60 ero
657 2007 95 60 de
704 2007 110 60 mea
767 2007 173 60 salute,
893 2007 126 60 quam
972 2007 95 60 de
1019 2007 158 60 herili
1130 2007 110 60 aut
1193 2007 189 60 paterna.
1335 2007 173 60 Quinimo
1461 2007 158 60 potius
1571 2007 79 60 a
1603 2007 173 60 veniali
1729 2007 126 60 noxa
1808 2007 158 60 cauebo
1918 2007 95 60 in
1966 2007 158 60 meipso
2060 2007 95 60 quam

492 2050 94 57 de
539 2050 203 57 laetifero
695 2050 172 57 crimine
820 2050 187 57 proximi.
961 2050 78 57 ⁋
992 2050 172 57 Secunda
1117 2050 234 57 propositio.
1305 2050 156 57 Potius
1414 2050 203 57 procurabo
1570 2050 125 57 mihi
1648 2050 141 57 vitam
1742 2050 187 57 aeternam
1883 2050 78 57 &
1914 2050 94 57 ea
1961 2050 125 57 quae
2023 2050 141 57 adipsam

478 2096 279 63 amminiculantur
711 2096 124 63 quam
789 2096 171 63 cuipiam
913 2096 171 63 alteri.
1037 2096 93 63 Et
1084 2096 93 63 si
1130 2096 264 63 insultaueris.
1348 2096 186 63 Obnoxius
1487 2096 109 63 sum
1550 2096 186 63 diligere
1689 2096 186 63 proximum
1829 2096 140 63 sicut
1922 2096 186 63 meipsum.
2046 2096 109 63 Saepe

483 2145 157 53 numero
593 2145 157 53 dictum
703 2145 125 53 est,
781 2145 125 53 quod
859 2145 204 53 aduerbium
1016 2145 141 53 sicut
1110 2145 110 53 ibi
1172 2145 204 53 omnimodam
1329 2145 266 53 similitudinem
1548 2145 125 53 haud
1627 2145 172 53 quaquam
1752 2145 188 53 denotat.
1893 2145 125 53 Ipse
1971 2145 110 53 sum
2018 2145 141 53 mensura

478 2195 137 58 atque
569 2195 152 58 regula
675 2195 228 58 dilectionis
858 2195 213 58 fraternae,
1025 2195 122 58 eius
1101 2195 167 58 salutis
1222 2195 106 58 non
1283 2195 106 58 ero
1344 2195 167 58 immemor
1465 2195 122 58 quum
1541 2195 213 58 praeceptum
1708 2195 91 58 me
1754 2195 91 58 ad
1800 2195 106 58 eam
1860 2195 213 58 astringit.
2027 2195 106 58 Sic
2073 2195 76 58 eiu

485 2241 160 67 corpus
597 2241 192 67 protegam
741 2241 96 67 ne
789 2241 80 67 a
821 2241 144 67 saeuo
917 2241 208 67 carnifice
1077 2241 176 67 iniuste
1205 2241 240 67 trucidetur.
1396 2241 128 67 Pari
1476 2241 128 67 modo
1556 2241 128 67 meis
1636 2241 192 67 fortunis
1780 2241 128 67 eius
1860 2241 176 67 inopiae
1972 2241 192 67 succurram.

487 2289 196 79 Generatim
638 2289 91 79 in
683 2289 136 79 bonis
774 2289 181 79 virtutum
910 2289 166 79 meipsum
1031 2289 121 79 illi
1106 2289 151 79 semper
1212 2289 227 79 praetulero,
1394 2289 76 79 &
1424 2289 106 79 hoc
1484 2289 196 79 eleganter
1635 2289 91 79 in
1681 2289 151 79 litera
1787 2289 227 79 Aristoteles
1953 2289 166 79 explicat.

916 2348 206 104 Tract.
1061 2348 144 104 II.
1143 2348 165 104 Cap.
1246 2348 144 104 II.
1329 2348 103 104 &
1370 2348 165 104 Lib.
1473 2348 144 104 IX.
1555 2348 165 104 Cap.
1638 2348 103 104 XI.

757 2406 120 94 St
817 2406 180 94 autem
937 2406 320 94 controuersia
1197 2406 100 94 &
1237 2406 120 94 de
1297 2406 160 94 ipso
1397 2406 240 94 foelice,
1576 2406 180 94 vtrum
1696 2406 240 94 indigeat
1876 2406 200 94 amicis
1996 2406 160 94 necne.

793 2490 125 63 Non
865 2490 143 63 esse
954 2490 143 63 enim
1043 2490 250 63 (inquiunt)
1239 2490 161 63 ipsis
1347 2490 179 63 beatis
1472 2490 89 63 &
1507 2490 107 63 ex
1561 2490 143 63 sese
1650 2490 321 63 sufficientibus
1918 2490 143 63 opus
1989 2490 161 63 amicis.

750 2536 193 81 Insunt
885 2536 154 81 enim
981 2536 173 81 ipsis
1096 2536 173 81 omnia
1212 2536 173 81 bona.
1328 2536 135 81 Cum
1405 2536 193 81 igitur
1540 2536 116 81 ex
1597 2536 154 81 sese
1694 2536 154 81 sint
1790 2536 154 81 sibi
1867 2536 289 81 sufficientes.

801 2601 181 61 nullius
932 2601 197 61 indigent
1080 2601 132 61 rei.
1162 2601 164 61 Amicum
1277 2601 148 61 autem
1376 2601 214 61 inquiunt,
1540 2601 115 61 cum
1606 2601 115 61 sit
1672 2601 148 61 alter
1770 2601 148 61 ipse,
1869 2601 99 61 ea
1918 2601 181 61 afferre
2033 2601 132 61 amico:

799 2656 147 62 quae
891 2656 147 62 ipse
983 2656 129 62 per
1056 2656 111 62 se
1112 2656 184 62 amicus
1241 2656 221 62 consequi
1407 2656 203 62 nequit.
1554 2656 147 62 Vnde
1646 2656 92 62 &
1683 2656 147 62 hanc
1775 2656 258 62 sententiam
1959 2656 166 62 dicunt.

723 2696 241 79 Fortuna
899 2696 154 79 cum
986 2696 176 79 bona
1096 2696 176 79 est,
1206 2696 219 79 amicis
1360 2696 154 79 cur
1425 2696 154 79 opus?

533 2769 110 64 At
588 2769 201 64 absurdo
734 2769 183 64 simile
862 2769 146 64 est:
954 2769 220 64 vniuersa
1119 2769 146 64 bona
1210 2769 256 64 tribuentes
1411 2769 220 64 foelici,
1576 2769 183 64 amicos
1704 2769 146 64 ipsi
1796 2769 128 64 non
1869 2769 238 64 tribuere:
2052 2769 146 64 quod

482 2826 263 60 externorum
689 2826 207 60 bonorum
839 2826 207 60 maximum
990 2826 150 60 esse
1084 2826 226 60 videtur.
1253 2826 150 60 Quod
1347 2826 113 60 si
1403 2826 113 60 ad
1460 2826 188 60 amicum
1591 2826 226 60 conferre
1760 2826 188 60 potius
1892 2826 150 60 quam
1967 2826 188 60 accipere

478 2884 227 68 beneficia
652 2884 210 68 spectat,
810 2884 157 68 atque
914 2884 105 68 ad
967 2884 157 68 virum
1072 2884 175 68 bonum,
1194 2884 262 68 virtutemque
1404 2884 140 68 dare
1491 2884 227 68 beneficia
1666 2884 227 68 pertinet,
1840 2884 210 68 magisque
1980 2884 175 68 honestum

486 2944 118 58 est
554 2944 169 58 amicis
672 2944 135 58 quam
757 2944 186 58 alienis
892 2944 203 58 largiri,
1044 2944 271 58 beneficiaque
1264 2944 220 58 conferre:
1434 2944 118 58 vir
1501 2944 220 58 studiosus
1670 2944 135 58 inis
1755 2944 220 58 indigebit
1924 2944 220 58 profecto,
2076 2944 85 58 qui

479 2995 281 66 largitionis
704 2995 244 66 beneficia
892 2995 150 66 sunt
986 2995 263 66 accepturi.
1192 2995 263 66 Quapropter
1399 2995 94 66 &
1436 2995 244 66 quaeritur
1624 2995 169 66 vtrum
1736 2995 244 66 prosperis
1924 2995 113 66 in
1980 2995 188 66 rebus,
2093 2995 75 66 an

490 3045 107 82 in
544 3045 215 82 aduersis
705 3045 143 82 opus
795 3045 125 82 sit
866 3045 161 82 magis
974 3045 197 82 amicis,
1117 3045 179 82 vtpote
1242 3045 125 82 cum
1314 3045 90 82 &
1350 3045 107 82 is
1404 3045 125 82 qui
1475 3045 143 82 mala
1565 3045 197 82 fortuna
1708 3045 197 82 vtitur,
1851 3045 125 82 iis
1923 3045 215 82 indigeat
2066 3045 90 82 qui

485 3105 219 67 beneficia
654 3105 236 67 conferent:
839 3105 84 67 &
873 3105 118 67 iis
940 3105 118 67 qui
1008 3105 202 67 prospera
1159 3105 185 67 fortuna
1294 3105 219 67 fruuntur,
1463 3105 118 67 iis
1530 3105 118 67 sit
1598 3105 152 67 opus,
1699 3105 135 67 apud
1783 3105 135 67 quos
1867 3105 219 67 beneficia
2019 3105 135 67 collo¬-

487 3153 185 64 cabunt.
622 3153 118 64 Est
689 3153 151 64 etiam
790 3153 202 64 forsitan
941 3153 219 64 absurdum,
1109 3153 168 64 beatum
1227 3153 151 64 ipsum
1328 3153 235 64 solitarium
1513 3153 185 64 facere.
1648 3153 135 64 Nemo
1732 3153 135 64 enim
1816 3153 185 64 expetet
1950 3153 118 64 per
2017 3153 101 64 se
2051 3153 101 64 bona

485 3219 175 89 cuncta
607 3219 192 89 habere.
746 3219 122 89 Nam
816 3219 157 89 homo,
921 3219 175 89 ciuile
1043 3219 175 89 animal
1166 3219 140 89 est:
1253 3219 87 89 &
1288 3219 122 89 cum
1358 3219 157 89 aliis
1462 3219 157 89 aptum
1567 3219 122 89 vna
1637 3219 192 89 viuere.
1777 3219 122 89 Hoc
1847 3219 175 89 igitur
1969 3219 210 89 competit
2109 3219 52 89 &
