2376 3612
201 308 127 91 Omne
280 308 142 91 bonum
375 308 111 91 est
438 308 206 91 definitum
597 308 79 91 &
628 308 269 91 determinatum:
850 308 95 91 at
897 308 190 91 voluptas
1040 308 111 91 non
1103 308 206 91 definita,
1261 308 127 91 quia
1340 308 111 91 non
1404 308 206 91 consistit
1562 308 95 91 in
1609 308 158 91 aliquo
1720 308 111 91 vno
1767 308 127 91 certo,

203 386 130 58 pinde
289 386 101 58 non
347 386 101 58 est
405 386 145 58 bonum.
507 386 87 58 In
550 386 145 58 quarto
651 386 87 58 mo
695 386 159 58 secundo
811 386 174 58 figurae.
941 386 145 58 Accedo
1043 386 87 58 ad
1086 386 174 58 literam,
1216 386 87 58 si
1260 386 159 58 censent
1376 386 203 58 voluptatem
1535 386 116 58 quid
1607 386 217 58 indefinitum
1781 386 72 58 &
1796 386 101 58 malum

207 430 187 50 suscipit
348 430 141 50 magis
442 430 78 50 &
473 430 156 50 minus:
582 430 109 50 vel
644 430 234 50 intelligunt
832 430 94 50 de
879 430 187 50 subiecto
1019 430 187 50 virtutis
1160 430 109 50 aut
1222 430 265 50 delectationis
1441 430 78 50 &
1472 430 125 50 tunc
1550 430 125 50 erit
1628 430 125 50 idem
1706 430 141 50 circa
1784 430 125 50 iusti¬-

213 479 130 63 tiam
294 479 81 63 &
327 479 195 63 reliquas
473 479 212 63 virtutes,
636 479 163 63 quibus
750 479 163 63 aperte
864 479 163 63 dicunt
978 479 114 63 eas
1043 479 195 63 habentes
1190 479 147 63 magis
1287 479 114 63 vel
1352 479 147 63 minus
1450 479 147 63 esse:
1548 479 98 63 vt
1597 479 147 63 magis
1694 479 163 63 iustos
1792 479 114 63 minus

205 528 112 56 ve,
269 528 80 56 &
301 528 177 56 fortes.
430 528 112 56 fit
494 528 145 56 certe
591 528 96 56 vt
639 528 129 56 quid
719 528 145 56 magis
815 528 80 56 &
848 528 145 56 minus
944 528 161 56 agatur
1057 528 80 56 &
1089 528 145 56 iuste
1185 528 80 56 &
1217 528 225 56 temperate.
1394 528 96 56 Ex
1442 528 112 56 hoc
1506 528 145 56 passu
1603 528 193 56 trahitur
1731 528 161 56 argumen¬-

199 577 113 58 tum
263 577 129 58 quod
344 577 210 58 subiectum
506 577 162 58 formae
619 577 242 58 intenditur.
813 577 97 58 Et
862 577 210 58 coloratur
1023 577 194 58 ratione:
1169 577 145 58 forma
1266 577 178 58 intensa
1395 577 210 58 discrepat
1557 577 97 58 ab
1605 577 97 58 ea
1654 577 129 58 quae
1718 577 178 58 pauciores

196 617 167 67 gradus
313 617 167 67 habet,
429 617 183 67 proinde
563 617 133 67 haud
646 617 117 67 est
713 617 150 67 eadem
813 617 150 67 forma
912 617 183 67 intensa
1046 617 83 67 &
1079 617 200 67 remissa,
1229 617 250 67 metaphysice
1429 617 216 67 loquendo:
1595 617 100 67 at
1645 617 216 67 subiectum
1795 617 100 67 for¬-

204 666 113 60 mae
268 666 113 60 est
333 666 129 60 idem
413 666 177 60 numero.
542 666 129 60 ldem
622 666 145 60 etiam
719 666 193 60 concedit
864 666 97 60 de
912 666 161 60 forma.
1025 666 113 60 Sed
1089 666 129 60 haec
1170 666 129 60 sunt
1250 666 193 60 physicae
1395 666 306 60 perscrutationis
1652 666 80 60 &
1685 666 97 60 ab
1733 666 113 60 hoc
1781 666 129 60 insti¬-

202 717 123 60 tuto
278 717 169 60 aliena.
401 717 184 60 Sequitur
539 717 169 60 litera.
662 717 107 60 Sin
724 717 92 60 in
770 717 246 60 voluptatibus
969 717 107 60 hoc
1031 717 184 60 inquiunt
1169 717 138 60 esse.
1261 717 92 60 In
1307 717 200 60 abstracto
1461 717 77 60 &
1491 717 107 60 non
1553 717 92 60 in
1599 717 184 60 subiecto
1737 717 123 60 quod
1799 717 107 60 volu¬-

212 762 157 58 ptatis
322 762 142 58 sunt:
417 762 126 58 inde
496 762 173 58 finitae
622 762 126 58 quia
700 762 220 58 suscipiunt
874 762 142 58 magis
968 762 79 58 &
1000 762 157 58 minus,
1110 762 173 58 videant
1236 762 126 58 ipsi
1314 762 94 58 ne
1362 762 157 58 causam
1472 762 268 58 vniuersaliter
1692 762 173 58 dicant:
1803 762 94 58 quo¬-

205 812 135 56 niam
290 812 237 56 voluptatum
476 812 152 56 aliae
577 812 135 56 sunt
662 812 186 56 impurae
797 812 85 56 &
831 812 186 56 mixtae:
966 812 85 56 &
1000 812 186 56 quaedam
1136 812 118 56 est
1203 812 135 56 puta
1288 812 102 56 in
1339 812 169 56 summo:
1457 812 85 56 &
1491 812 135 56 ista
1576 812 118 56 non
1643 812 203 56 suscipit
1779 812 118 56 magis

207 859 81 62 &
239 859 162 62 minus.
352 859 210 62 Caliditas
514 859 113 62 est
579 859 129 62 pura
660 859 129 62 quae
741 859 146 62 nihil
838 859 210 62 contrarii
1000 859 162 62 habet:
1113 859 129 62 quae
1194 859 113 62 est
1259 859 97 62 in
1307 859 146 62 summo
1404 859 113 62 non
1469 859 178 62 amplius
1599 859 243 62 naturaliter
1777 859 129 62 inten¬-

212 901 184 58 sibilis.
350 901 123 58 Item
427 901 123 58 quid
503 901 184 58 prohibet
641 901 92 58 de
687 901 184 58 sanitate
826 901 123 58 quae
902 901 184 58 definita
1040 901 184 58 bonitate
1179 901 169 58 existit
1301 901 123 58 quod
1378 901 200 58 suscipiat
1532 901 138 58 magis
1624 901 77 58 &
1654 901 153 58 minus:
1762 901 107 58 non
1808 901 92 58 enim

214 949 120 59 est
282 949 103 59 in
334 949 189 59 omnibus
471 949 154 59 eadem
574 949 240 59 temperatio
763 949 137 59 siue
849 949 189 59 mensura
986 949 206 59 humorum,
1140 949 120 59 nec
1209 949 120 59 vna
1277 949 172 59 semper
1398 949 103 59 in
1449 949 154 59 eodem
1552 949 206 59 animali:
1706 949 120 59 sed
1775 949 120 59 cum
1826 949 69 59 sa

204 992 144 63 nitas
300 992 224 63 remittitur
476 992 192 63 permanet
620 992 96 63 ad
668 992 176 63 aliquem
796 992 176 63 limitem
924 992 144 63 vsque
1020 992 112 63 sub
1084 992 112 63 quo
1148 992 128 63 erit
1228 992 224 63 aegritudo:
1404 992 128 63 quia
1484 992 112 63 sub
1548 992 128 63 illo
1628 992 160 63 limite
1740 992 128 63 erit
1804 992 96 63 humo

201 1043 114 58 rum
266 1043 277 58 disproportio:
494 1043 98 58 Et
543 1043 114 58 sic
608 1043 147 58 inter
706 1043 147 58 sanum
804 1043 212 58 aegrumque
967 1043 114 58 non
1033 1043 114 58 est
1098 1043 130 58 dare
1179 1043 179 58 medium:
1310 1043 82 58 &
1342 1043 114 58 per
1408 1043 228 58 consequens
1587 1043 130 58 sunt
1669 1043 212 58 contraria
1815 1043 82 58 im¬-

200 1087 199 62 mediata.
350 1087 116 62 Qui
416 1087 282 62 neutralitatem
648 1087 182 62 ponunt,
780 1087 99 62 vt
830 1087 182 62 Galenus
962 1087 99 62 ab
1012 1087 116 62 hoc
1078 1087 149 62 solum
1178 1087 232 62 verbaliter
1360 1087 232 62 differunt.
1542 1087 199 62 Latitudo
1691 1087 182 62 proinde
1807 1087 83 62 sa¬-

201 1131 174 67 nitatis
328 1131 111 67 est
391 1131 221 67 partibilis
565 1131 79 67 &
597 1131 127 67 vnus
676 1131 127 67 alio
755 1131 221 67 incolumior
929 1131 174 67 proinde
1056 1131 79 67 &
1087 1131 190 67 aegrior:
1230 1131 79 67 &
1261 1131 111 67 qui
1324 1131 111 67 est
1388 1131 95 67 in
1435 1131 158 67 puncto
1546 1131 206 67 sanitatis
1688 1131 206 67 mathematico

213 1185 109 59 est
276 1185 233 59 sanissimus.
462 1185 124 59 Tale
539 1185 124 59 quid
617 1185 124 59 erit
694 1185 93 59 in
741 1185 124 59 ipsa
818 1185 217 59 voluptate.
989 1185 171 59 Carptim
1113 1185 155 59 dicere
1222 1185 202 59 intendit:
1377 1185 93 59 no
1423 1185 202 59 sequitur.
1578 1185 186 59 Voluptas
1718 1185 186 59 suscipit
1842 1185 62 59 ma

210 1233 115 60 gis
275 1233 82 60 &
308 1233 164 60 minus:
423 1233 180 60 proinde
554 1233 115 60 non
619 1233 115 60 est
685 1233 131 60 quid
767 1233 262 60 determinatum
980 1233 82 60 &
1012 1233 147 60 bonum
1111 1233 147 60 sicut
1209 1233 115 60 iam
1274 1233 197 60 ostensum
1422 1233 115 60 est
1487 1233 98 60 de
1537 1233 197 60 sanitate
1684 1233 131 60 quae
1766 1233 115 60 est
1815 1233 82 60 de¬-

219 1276 208 56 terminate
379 1276 144 56 bona,
475 1276 144 56 licet
571 1276 224 56 remittatur
748 1276 224 56 intendatur
908 1276 80 56 ve.

214 1299 76 88 ⁋
244 1299 183 88 Sequitur
381 1299 91 88 in
427 1299 168 88 litera.
549 1299 198 88 Praeterea
702 1299 152 88 summum
808 1299 152 88 quidam
915 1299 152 88 bonum.
1022 1299 152 88 Aliqui
1128 1299 183 88 dixerunt
1266 1299 213 88 voluptatem
1433 1299 107 88 non
1494 1299 122 88 esse
1571 1299 152 88 bonum:
1677 1299 122 88 quia
1754 1299 107 88 est
1799 1299 107 88 motio

212 1367 112 58 vel
276 1367 209 58 generatio
437 1367 273 58 contrariorum:
662 1367 177 58 neutrum
790 1367 145 58 autem
887 1367 112 58 est
951 1367 112 58 per
1015 1367 96 58 se
1064 1367 161 58 bonum.
1176 1367 161 58 Probat
1288 1367 145 58 autem
1385 1367 225 58 voluptatem
1562 1367 112 58 non
1626 1367 129 58 esse
1706 1367 161 58 motum.
1803 1367 96 58 vnde

213 1418 109 57 est
276 1418 156 57 tertia
385 1418 218 57 conclusio.
556 1418 187 57 Voluptas
697 1418 109 57 non
759 1418 109 57 est
822 1418 156 57 motus.
931 1418 125 57 quod
1009 1418 109 57 sic
1071 1418 234 57 ostenditur.
1258 1418 140 57 Omnis
1352 1418 140 57 motio
1445 1418 109 57 est
1508 1418 172 57 celeris
1632 1418 187 57 pigrave:
1773 1418 94 57 At
1804 1418 109 57 volu¬-

218 1461 133 57 ptas
301 1461 116 57 non
368 1461 116 57 est
434 1461 216 57 huiusmodi
600 1461 182 57 igitur.
733 1461 182 57 Maiorem
865 1461 199 57 explanat
1014 1461 133 57 sic,
1097 1461 216 57 Celeritas
1263 1461 83 57 &
1296 1461 199 57 tarditas
1446 1461 116 57 non
1512 1461 232 57 conueniunt
1694 1461 149 57 motui
1777 1461 133 57 secun¬-

205 1522 116 50 dum
272 1522 183 50 seipsum
405 1522 116 50 hoc
471 1522 116 50 est
538 1522 199 50 absolute
687 1522 116 50 sed
754 1522 116 50 per
820 1522 216 50 respectum
986 1522 100 50 ad
1036 1522 166 50 aliud:
1152 1522 150 50 sicut
1252 1522 150 50 motus
1352 1522 183 50 diurnus
1485 1522 116 50 quo
1551 1522 150 50 totum
1651 1522 166 50 coelum
1750 1522 150 50 torque¬-

209 1554 117 64 tur
276 1554 183 64 dicitur
409 1554 117 64 per
476 1554 233 64 relationem
659 1554 100 64 ad
709 1554 150 64 alias
809 1554 217 64 motiones,
976 1554 183 64 impiger
1109 1554 133 64 quia
1192 1554 150 64 paruo
1292 1554 183 64 tempore
1426 1554 167 64 multum
1542 1554 300 64 intercapedinis
1776 1554 133 64 confi¬-

212 1611 133 56 cit,
295 1611 149 56 sexto
395 1611 248 56 physicorum:
593 1611 166 56 Pigrum
709 1611 133 56 vero
792 1611 133 56 tali
875 1611 199 56 temporis
1024 1611 149 56 fluxu
1123 1611 166 56 paruum
1239 1611 265 56 interstitium
1455 1611 199 56 metitur,
1604 1611 99 56 vt
1654 1611 182 56 punctus
1786 1611 99 56 in
1819 1611 83 56 mi¬-

212 1651 129 58 nore
293 1651 129 58 vrsa
374 1651 178 58 tardius
503 1651 129 58 quam
584 1651 146 58 alter
681 1651 97 58 in
729 1651 210 58 aequatore
891 1651 178 58 mouetur
1020 1651 146 58 licet
1118 1651 226 58 aequaliter
1295 1651 146 58 secum
1392 1651 291 58 circumgiratur.
1635 1651 97 58 At
1684 1651 162 58 multum
1797 1651 81 58 &
1813 1651 97 58 pau¬-

203 1699 116 59 cum
270 1699 199 59 dicuntur
419 1699 100 59 ad
469 1699 199 59 aliquid,
618 1699 100 59 vt
668 1699 100 59 ex
718 1699 299 59 praedicamentis
967 1699 183 59 liquet.
1100 1699 149 59 Verum
1200 1699 183 59 neutrum
1332 1699 149 59 horum
1432 1699 199 59 competit
1582 1699 216 59 voluptati
1748 1699 116 59 hoc
1797 1699 100 59 est.

213 1743 142 58 Neque
308 1743 205 58 celeritas
465 1743 142 58 neque
560 1743 189 58 tarditas
702 1743 205 58 voluptati
860 1743 205 58 conuenit:
1017 1743 110 58 nec
1080 1743 126 58 eius
1159 1743 173 58 duratio
1285 1743 142 58 breui
1380 1743 221 58 tempestate
1553 1743 110 58 aut
1616 1743 142 58 longo
1695 1743 205 58 mensuratur:

208 1793 134 46 fieri
298 1793 134 46 tamen
387 1793 149 46 potest
492 1793 90 46 vt
537 1793 179 46 quispiam
671 1793 149 46 subito
775 1793 194 46 voluptate
925 1793 105 46 sit
984 1793 239 46 constitutus:
1178 1793 134 46 sicut
1268 1793 75 46 &
1298 1793 119 46 ita,
1373 1793 105 46 non
1432 1793 105 46 fit
1492 1793 134 46 autem
1582 1793 90 46 vt
1626 1793 194 46 velociter
1761 1793 149 46 delecte¬-

210 1842 106 61 tur
271 1842 137 61 neque
362 1842 91 61 ad
407 1842 91 61 se
453 1842 137 61 neque
544 1842 91 61 ad
590 1842 152 61 alium.
696 1842 106 61 Sed
757 1842 137 61 plane
848 1842 106 61 fit
909 1842 91 61 vt
954 1842 122 61 quis
1030 1842 167 61 impigre
1152 1842 167 61 ambulet
1273 1842 137 61 atque
1364 1842 213 61 adolescat:
1531 1842 76 61 &
1562 1842 167 61 caetera
1683 1842 91 61 id
1729 1842 152 61 genus.
1820 1842 76 61 Non

221 1883 149 63 tamen
321 1883 248 63 inficiandum
519 1883 116 63 est
585 1883 198 63 quempiam
733 1883 149 63 posse
832 1883 182 63 disponi
964 1883 99 63 vt
1014 1883 149 63 pigre
1113 1883 182 63 impigre
1245 1883 99 63 ve
1294 1883 99 63 ad
1344 1883 231 63 voluptatem
1525 1883 231 63 perueniat.
1707 1883 116 63 sed
1773 1883 116 63 non
1822 1883 83 63 fit

222 1932 94 50 vt
269 1932 203 50 voluptate
425 1932 203 50 celeriter
582 1932 187 50 operetur
722 1932 109 50 hoc
785 1932 109 50 est
847 1932 94 50 vt
894 1932 156 50 subito
1003 1932 234 50 delectetur.
1191 1932 125 50 Vult
1269 1932 156 50 dicere
1378 1932 125 50 quod
1456 1932 141 50 motus
1550 1932 109 50 quo
1612 1932 94 50 ad
1659 1932 219 50 voluptatem
1815 1932 94 50 per¬-

222 1980 174 54 uenitur
349 1980 159 54 potest
460 1980 127 54 esse
539 1980 174 54 volucer
666 1980 111 54 aut
730 1980 174 54 tardus,
856 1980 143 54 tamen
952 1980 111 54 non
1015 1980 111 54 est
1078 1980 190 54 dicendum
1221 1980 174 54 aliquem
1348 1980 206 54 velociter
1507 1980 206 54 delectari
1665 1980 127 54 quia
1729 1980 174 54 delectari

213 2024 110 55 non
276 2024 110 55 est
339 2024 94 55 in
386 2024 141 55 fieri
480 2024 110 55 sed
542 2024 94 55 in
589 2024 141 55 facto
684 2024 141 55 esse.
778 2024 157 55 deinde
887 2024 157 55 probat
997 2024 219 55 voluptatem
1169 2024 110 55 non
1232 2024 125 55 esse
1310 2024 266 55 generationem.
1530 2024 78 55 ⁋
1561 2024 157 55 Quarta
1671 2024 204 55 conclusio
1812 2024 94 55 volu

206 2074 128 58 ptas
286 2074 112 58 non
350 2074 112 58 est
414 2074 224 58 generatio.
590 2074 192 58 Bifariam
734 2074 128 58 haec
814 2074 240 58 ostenditur,
1006 2074 144 58 Primo
1103 2074 128 58 sic.
1183 2074 112 58 Non
1247 2074 208 58 quodlibet
1407 2074 208 58 generatur
1567 2074 96 58 ex
1615 2074 208 58 quolibet,
1775 2074 112 58 sed
1823 2074 80 58 de¬-

212 2130 231 36 terminatum
394 2130 99 36 ex
444 2130 264 36 determinato.
659 2130 149 36 primo
758 2130 248 36 physicorum:
956 2130 83 36 &
989 2130 99 36 in
1039 2130 149 36 illud
1138 2130 231 36 resoluitur
1320 2130 99 36 ex
1370 2130 116 36 quo
1436 2130 231 36 generatur,
1617 2130 99 36 At
1667 2130 116 36 hoc
1733 2130 99 36 in
1766 2130 149 36 volupta

217 2169 95 50 te
265 2169 111 50 non
328 2169 223 50 contingit,
504 2169 111 50 non
567 2169 127 50 enim
647 2169 111 50 est
710 2169 95 50 ex
758 2169 191 50 definito
901 2169 95 50 in
949 2169 223 50 definitum:
1124 2169 127 50 quia
1204 2169 111 50 non
1267 2169 111 50 est
1331 2169 159 50 motus.
1442 2169 175 50 Secundo
1570 2169 127 50 sic.
1649 2169 95 50 Si
1697 2169 191 50 voluptas
1824 2169 80 50 sit

225 2208 209 62 generatio:
389 2208 134 62 dolor
479 2208 119 62 erit
553 2208 209 62 corruptio.
718 2208 119 62 VPer
792 2208 134 62 locum
882 2208 75 62 a
912 2208 224 62 contrariis)
1091 2208 104 62 sed
1151 2208 209 62 consequens
1315 2208 104 62 est
1375 2208 164 62 falsum:
1494 2208 119 62 ergo
1569 2208 75 62 &
1598 2208 224 62 antecedens.
1778 2208 90 62 Si
1807 2208 90 62 enim

218 2259 143 62 dolor
313 2259 143 62 esset
408 2259 222 62 corruptio:
583 2259 222 62 quodcunque
757 2259 238 62 tristaretur
948 2259 285 62 corrumperetur.
1185 2259 111 62 Sed
1249 2259 127 62 quia
1328 2259 206 62 Platonici
1487 2259 111 62 hoc
1550 2259 254 62 concesserunt
1740 2259 159 62 dicentes

217 2320 243 50 voluptatem
408 2320 139 50 esse
494 2320 278 50 repletionem,
720 2320 87 50 &
755 2320 191 50 dolorem
894 2320 226 50 defectum.
1067 2320 87 50 ⁋
1102 2320 174 50 Contra
1224 2320 122 50 hoc
1293 2320 156 50 ponit
1397 2320 278 50 conclusionem
1623 2320 87 50 &
1658 2320 122 50 est
1727 2320 104 50 in
1762 2320 139 50 ordine

226 2355 154 63 quinta
333 2355 123 63 quae
411 2355 139 63 talis
503 2355 123 63 est.
580 2355 139 63 Dolor
673 2355 108 63 non
734 2355 108 63 est
796 2355 216 63 indigentia
965 2355 123 63 eius
1042 2355 123 63 quod
1119 2355 108 63 est
1181 2355 185 63 secundum
1320 2355 185 63 naturam.
1458 2355 139 63 Neque
1551 2355 185 63 voluptas
1690 2355 108 63 est
1736 2355 154 63 repletio

213 2406 223 58 naturalis.
388 2406 127 58 Haec
468 2406 207 58 conclusio
627 2406 159 58 potest
739 2406 191 58 bifariam
882 2406 223 58 intelligi.
1058 2406 143 58 Primo
1153 2406 127 58 sic.
1233 2406 207 58 Platonici
1392 2406 191 58 dixerunt
1536 2406 207 58 alimentum
1695 2406 175 58 replens
1806 2406 96 58 sto¬-

212 2444 172 56 machum
332 2444 86 56 &
367 2444 155 56 venas
470 2444 138 56 esse
556 2444 258 56 voluptatem:
763 2444 86 56 &
797 2444 121 56 dum
866 2444 172 56 corpus
986 2444 121 56 est
1055 2444 241 56 exinanitum
1245 2444 241 56 indigentia
1434 2444 207 56 alimenti
1589 2444 121 56 est
1658 2444 172 56 dolor.
1778 2444 121 56 Hoc
1830 2444 86 56 re¬-

211 2497 157 60 fellit
321 2497 204 60 inquiens.
478 2497 94 60 Hi
525 2497 141 60 autem
619 2497 188 60 affectus
760 2497 188 60 corporis
901 2497 141 60 sunt:
995 2497 125 60 ergo
1073 2497 157 60 corpus
1183 2497 110 60 vel
1246 2497 141 60 anima
1340 2497 204 60 sensitiua
1497 2497 172 60 seclusa
1622 2497 141 60 capit
1700 2497 204 60 voluptatem.

206 2543 206 56 Repletio
360 2543 86 56 &
395 2543 206 56 vacuitas
549 2543 206 56 animatis
704 2543 86 56 &
738 2543 240 56 inanimatis
927 2543 155 56 mixta
1030 2543 223 56 conuenit.
1202 2543 223 56 Alimentum
1374 2543 258 56 coniungitur
1580 2543 189 56 arbori:
1717 2543 137 56 ergo
1803 2543 103 56 in
1837 2543 69 56 ea

221 2589 109 56 est
284 2589 202 56 repletio:
439 2589 78 56 &
470 2589 109 56 per
532 2589 218 56 consequens
703 2589 202 56 voluptas:
858 2589 78 56 &
890 2589 140 56 dolor
983 2589 109 56 per
1045 2589 280 56 substractionem
1278 2589 186 56 alimenti
1418 2589 233 56 necessarii.
1604 2589 218 56 Consequens
1775 2589 109 56 est
1822 2589 93 56 fal¬-

203 2635 131 63 sum,
285 2635 98 63 ac
334 2635 115 63 non
399 2635 197 63 videtur:
547 2635 131 63 puta
629 2635 115 63 non
694 2635 115 63 est
760 2635 131 63 ita.
842 2635 180 63 Secundo
973 2635 131 63 sic.
1055 2635 197 63 Dixerunt
1202 2635 213 63 Platonici
1366 2635 164 63 quando
1481 2635 197 63 alimenti
1628 2635 262 63 conuenientis
1825 2635 82 63 est

215 2687 194 54 repletio
361 2687 211 54 efficitur
523 2687 194 54 voluptas
669 2687 211 54 corporea,
831 2687 81 54 &
863 2687 162 54 aliter
976 2687 113 54 non
1041 2687 194 54 habetur:
1187 2687 81 54 &
1219 2687 162 54 quando
1333 2687 162 54 corpus
1446 2687 227 54 exhauritur
1625 2687 211 54 generatur
1770 2687 130 54 dolor:

209 2741 130 52 quia
290 2741 228 52 subtractio
469 2741 179 52 obiecti
599 2741 260 52 conuenientis
810 2741 179 52 dolorem
941 2741 195 52 generat:
1087 2741 81 52 &
1119 2741 130 52 eius
1201 2741 228 52 applicatio
1380 2741 244 52 voluptatem.
1575 2741 163 52 Ordino
1689 2741 195 52 literam.
1819 2741 81 52 Di¬-

221 2781 129 48 cant
301 2781 129 48 ergo
382 2781 209 48 platonici
543 2781 129 48 esse
623 2781 241 48 indigentiam
816 2781 129 48 eius
897 2781 129 48 quod
977 2781 113 48 est
1041 2781 193 48 secundum
1186 2781 193 48 naturam.
1331 2781 113 48 hoc
1395 2781 113 48 est
1460 2781 209 48 esculenti
1620 2781 257 48 poculentique
1830 2781 113 48 aut

213 2831 189 50 alterius
355 2831 110 50 rei
418 2831 268 50 conuenientis:
639 2831 79 50 &
670 2831 142 50 aiunt
765 2831 221 50 voluptatem
938 2831 126 50 esse
1017 2831 252 50 repletionem,
1222 2831 110 50 hoc
1285 2831 110 50 est
1348 2831 126 50 quod
1427 2831 158 50 quando
1537 2831 110 50 est
1600 2831 189 50 repletio
1727 2831 173 50 generatur

211 2877 192 48 voluptas
355 2877 144 48 solum
451 2877 96 48 in
499 2877 176 48 corpore
627 2877 112 48 hoc
691 2877 112 48 est
755 2877 96 48 in
803 2877 208 48 aggregato
963 2877 192 48 corporis
1106 2877 80 48 &
1138 2877 176 48 animae.
1266 2877 160 48 Insto,
1378 2877 96 48 ex
1426 2877 128 48 isto
1506 2877 192 48 sequitur
1650 2877 128 48 quod
1730 2877 160 48 corpus
1826 2877 80 48 ca¬-

223 2922 129 55 ptet
303 2922 225 55 voluptatem
480 2922 80 55 &
513 2922 113 55 non
577 2922 129 55 erit
658 2922 193 55 voluptas
802 2922 129 55 sine
883 2922 193 55 corporis
1028 2922 241 55 repletione:
1221 2922 113 55 nec
1285 2922 193 55 repletio
1430 2922 129 55 nisi
1511 2922 209 55 supplendo
1672 2922 193 55 defectum
1800 2922 97 55 exi¬-

215 2978 236 50 nanitionis.
404 2978 94 50 At
451 2978 110 50 non
514 2978 189 50 videtur,
656 2978 94 50 id
703 2978 110 50 est
766 2978 110 50 non
829 2978 110 50 est
892 2978 126 50 ita.
971 2978 110 50 Non
1034 2978 110 50 est
1097 2978 126 50 ergo
1176 2978 189 50 voluptas
1317 2978 189 50 repletio
1459 2978 205 50 corporis.
1617 2978 142 50 Verum
1711 2978 110 50 dum
1774 2978 110 50 fit
1821 2978 79 50 re¬-

214 3015 155 63 pletio
322 3015 201 63 voluptate
476 3015 186 63 quispiam
616 3015 216 63 afficitur.
786 3015 108 63 Hoc
848 3015 108 63 est
909 3015 124 63 ille
987 3015 186 63 affectus
1126 3015 232 63 procreatur:
1311 3015 77 63 &
1342 3015 108 63 dum
1404 3015 155 63 corpus
1512 3015 170 63 secatur
1636 3015 201 63 generatur
1775 3015 124 63 dolor.

210 3064 95 55 Ex
258 3064 110 55 hoc
321 3064 253 55 intelligitur
526 3064 126 55 quod
605 3064 205 55 generatur
763 3064 189 55 voluptas
905 3064 79 55 &
936 3064 142 55 dolor
1031 3064 95 55 in
1078 3064 142 55 anima
1173 3064 237 55 subiectiue:
1362 3064 126 55 quia
1441 3064 95 55 de
1489 3064 205 55 voluptate
1646 3064 79 55 &
1678 3064 158 55 dolore
1773 3064 126 55 spiri¬-

212 3112 151 59 tuali
313 3112 118 59 hic
380 3112 218 59 loquitur.
548 3112 118 59 Non
615 3112 151 59 tamen
716 3112 118 59 est
783 3112 202 59 negandum
935 3112 134 59 quin
1019 3112 202 59 voluptas
1170 3112 235 59 corporalis
1354 3112 84 59 &
1388 3112 185 59 extensa
1522 3112 218 59 generatur
1690 3112 168 59 quando
1791 3112 101 59 cor¬-

218 3161 112 58 pus
282 3161 128 58 fame
362 3161 191 58 affectum
505 3161 223 58 reficitur.
680 3161 96 58 Et
728 3161 159 58 rursus
840 3161 96 58 ex
888 3161 159 58 inedia
999 3161 143 58 dolor
1095 3161 207 58 generatur
1254 3161 239 58 corporalis:
1446 3161 112 58 ego
1509 3161 175 58 habetur
1637 3161 191 58 voluptas
1764 3161 128 58 aliqua

212 3206 110 58 non
275 3206 220 58 corporalis
448 3206 173 58 pariter
574 3206 79 58 &
605 3206 157 58 dolor.
716 3206 126 58 Alii
794 3206 157 58 volunt
904 3206 157 58 dicere
1014 3206 220 58 voluptatem
1187 3206 220 58 doloremque
1360 3206 110 58 sic
1423 3206 267 58 vniuersaliter
1643 3206 204 58 generari,
1801 3206 126 58 quod

221 3251 118 50 post
295 3251 104 50 hac
354 3251 148 50 lucide
458 3251 192 50 refellit.
606 3251 148 50 Deinde
709 3251 177 50 monstrat
842 3251 118 50 vnde
916 3251 118 50 haec
990 3251 148 50 opinio
1094 3251 133 50 ortum
1182 3251 133 50 duxit
1271 3251 192 50 inquiens.
1419 3251 177 50 Opinatio
1552 3251 118 50 haec
1626 3251 89 50 ex
1670 3251 192 50 doloribus
1818 3251 74 50 &
1833 3251 59 50 vo

216 3297 200 84 luptatibus
373 3297 129 84 circa
459 3297 200 84 alimentum,
616 3297 171 84 originem
744 3297 157 84 traxit:
858 3297 114 84 quia
930 3297 186 84 inaniores
1073 3297 143 84 statim
1173 3297 71 84 &
1201 3297 129 84 antea
1287 3297 143 84 dolore
1387 3297 171 84 partenti
1515 3297 114 84 ipsa
1587 3297 200 84 repletione
1730 3297 171 84 voluptatem
