2339 3623
438 321 196 88 sumimus:
585 321 98 88 at
634 321 147 88 illud
732 321 114 88 non
797 321 213 88 contingit
961 321 147 88 circa
1059 321 147 88 omnes
1157 321 245 88 voluptates.
1354 321 262 88 Mathematicae
1566 321 131 88 enim
1648 321 229 88 voluptates
1828 321 82 88 &
1861 321 262 88 speculatiuae
2057 321 98 88 sunt

444 389 128 59 sine
524 389 160 59 dolore
636 389 192 59 praeuio.
780 389 256 59 Mathematicae
988 389 144 59 autem
1084 389 144 59 artes
1180 389 112 59 hoc
1244 389 208 59 versiculo
1405 389 304 59 deprehenduntur.
1661 389 112 59 Mu,
1725 389 160 59 canit.
1837 389 112 59 ar,
1901 389 192 59 munerat,
2045 389 96 59 ge
2077 389 80 59 pon

451 437 155 53 derat,
560 437 109 53 est
622 437 140 53 colit
716 437 155 53 astra.
824 437 93 53 Et
871 437 93 53 ea
918 437 124 53 quae
995 437 109 53 per
1058 437 186 53 olfactum
1197 437 202 53 capiuntur
1353 437 93 53 vt
1399 437 186 53 odorando
1539 437 171 53 flores,
1664 437 249 53 vnguentaque:
1866 437 109 53 per
1928 437 171 53 auditum
2037 437 124 53 audien

453 485 103 63 do
504 485 207 63 melodiam
659 485 86 63 &
694 485 207 63 cimbalum
849 485 138 63 bene
935 485 172 63 sonans
1055 485 189 63 videndo
1193 485 172 63 aulea,
1314 485 189 63 tapeta,
1451 485 189 63 flores,
1589 485 172 63 faciem
1709 485 189 63 humanam
1847 485 86 63 &
1882 485 189 63 species
2002 485 155 63 complu¬-

455 531 130 53 res.
536 531 195 53 Sperando
683 531 195 53 consequi
829 531 228 53 dignitates
1009 531 195 53 mundanas
1155 531 114 53 aut
1220 531 179 53 caelum.
1351 531 98 53 Et
1400 531 277 53 recordationes
1628 531 98 53 an
1677 531 179 53 actorum
1807 531 212 53 voluptate
1954 531 195 53 afficiunt.

449 576 113 67 Sed
513 576 145 67 cuius
610 576 113 67 hae
674 576 258 67 generationes
884 576 81 67 &
916 576 145 67 cuius
1013 576 242 67 repletiones
1206 576 161 67 erunt:
1319 576 177 67 nullius
1447 576 129 67 enim
1528 576 113 67 rei
1592 576 274 67 antecesserunt
1818 576 258 67 indigentiae:
2027 576 81 67 &
2043 576 113 67 cuius

451 620 197 76 generatio
602 620 106 76 est
663 620 181 76 voluptas
799 620 121 76 eius
874 620 197 76 corruptio
1025 620 106 76 est
1086 620 151 76 dolor.
1192 620 91 76 Ex
1237 620 106 76 his
1297 620 212 76 colligitur
1464 620 121 76 quod
1539 620 181 76 voluptas
1675 620 106 76 non
1736 620 106 76 est
1796 620 257 76 vniuersaliter
1993 620 166 76 repletio,

454 671 119 63 quia
528 671 149 63 multae
632 671 119 63 sunt
707 671 208 63 voluptates
870 671 149 63 absque
974 671 163 63 defectu
1093 671 178 63 praeuio,
1227 671 89 63 at
1272 671 134 63 nulla
1361 671 178 63 repletio
1494 671 104 63 est
1554 671 149 63 absque
1658 671 163 63 defectu
1762 671 208 63 praecedenti.

452 701 80 79 ⁋
484 701 145 79 Sexta
581 701 225 79 conclusio.
758 701 161 79 Facile
870 701 274 79 respondebitur
1096 701 258 79 asserentibus
1305 701 225 79 voluptates
1482 701 209 79 obscoenas
1643 701 145 79 esse,
1740 701 80 79 &
1772 701 177 79 iccirco
1884 701 258 79 concludentibus

458 768 243 59 voluptatem
649 768 139 59 esse
736 768 174 59 malum.
857 768 226 59 Trifatiam
1031 768 156 59 autem
1135 768 122 59 his
1205 768 313 59 respondebitur.
1465 768 156 59 Primo
1570 768 191 59 dicemus
1709 768 243 59 voluptates
1900 768 226 59 obscoenas
2056 768 87 59 non

447 806 128 59 esse
527 806 224 59 voluptates
703 806 256 59 simpliciter,
911 806 128 59 quia
991 806 112 59 non
1055 806 128 59 sunt
1135 806 224 59 voluptates
1310 806 160 59 foedae
1422 806 128 59 nisi
1502 806 176 59 prauis.
1630 806 96 59 Et
1678 806 112 59 non
1742 806 208 59 sequitur,
1902 806 128 59 sunt
1966 806 192 59 voluptates

460 861 142 57 malae
555 861 236 57 dispositis:
743 861 126 57 ergo
822 861 126 57 sunt
901 861 236 57 voluptates.
1089 861 220 57 Proceditur
1262 861 126 57 enim
1341 861 79 57 a
1372 861 142 57 dicto
1467 861 189 57 secundum
1608 861 126 57 quid
1687 861 94 57 ad
1734 861 157 57 dictum
1844 861 252 57 simpliciter.
2033 861 110 57 Sicut

452 905 93 60 in
498 905 155 60 simili
606 905 108 60 non
668 905 201 60 sequitur:
823 905 108 60 hoc
885 905 170 60 videtur
1009 905 139 60 dulce
1102 905 155 60 amarum
1210 905 93 60 ve
1257 905 186 60 aegroto:
1396 905 155 60 igitur
1504 905 108 60 est
1566 905 124 60 vere
1644 905 139 60 tale.
1736 905 108 60 Nec
1798 905 201 60 sequitur:
1953 905 108 60 hoc
2000 905 139 60 videtur

450 955 201 68 candidum
601 955 151 68 lippo
702 955 285 68 hallucinanti:
936 955 134 68 ergo
1020 955 117 68 hoc
1087 955 117 68 est
1154 955 218 68 candidum,
1322 955 117 68 Qui
1389 955 151 68 habet
1489 955 235 68 opthalmiam
1674 955 101 68 ei
1724 955 151 68 humor
1825 955 184 68 putreus
1959 955 84 68 &
1975 955 168 68 subalbus

446 1001 142 52 circa
541 1001 190 52 pupillam
683 1001 142 52 oculi
778 1001 221 52 emittitur:
952 1001 174 52 iccirco
1078 1001 158 52 lippus
1189 1001 205 52 ophtalmia
1347 1001 190 52 infectus
1489 1001 111 52 non
1552 1001 126 52 alba
1631 1001 158 52 censet
1742 1001 142 52 alba:
1837 1001 111 52 Sic
1900 1001 142 52 malus
1995 1001 142 52 habet
2074 1001 79 52 ocu

453 1046 119 53 lum
521 1046 170 53 mentis
640 1046 204 53 infectum
793 1046 85 53 &
827 1046 204 53 perperam
979 1046 102 53 de
1030 1046 221 53 voluptate
1200 1046 204 53 iudicat.
1353 1046 170 53 Lippus
1472 1046 170 53 oculos
1591 1046 272 53 lachrymantes
1811 1046 170 53 habet.
1930 1046 119 53 dum
1998 1046 153 53 frons
2083 1046 68 53 ti

454 1094 93 63 bi
500 1094 170 63 prutit,
623 1094 139 63 timor
716 1094 247 63 lippitudinis
917 1094 124 63 est.
994 1094 170 63 Plinius
1117 1094 93 63 in
1164 1094 185 63 naturali
1303 1094 185 63 historia
1442 1094 139 63 libro
1534 1094 278 63 vigesimoquarto
1766 1094 139 63 negat
1859 1094 108 63 eos
1920 1094 170 63 lippire
2044 1094 93 63 ac
2075 1094 77 63 ocu

451 1137 146 56 lorum
548 1137 146 56 vitia
645 1137 243 56 contrahere,
839 1137 113 56 qui
904 1137 113 56 dum
968 1137 146 56 pedes
1065 1137 162 56 lauant
1179 1137 97 56 ex
1227 1137 97 56 ea
1276 1137 129 56 aqua
1357 1137 113 56 ter
1421 1137 162 56 oculos
1534 1137 194 56 tangant.
1680 1137 129 56 Ipse
1761 1137 162 56 lotium
1874 1137 194 56 recenter
2003 1137 146 56 emissum

455 1189 155 59 oculis
563 1189 186 59 applico.
703 1189 124 59 Illa
780 1189 124 59 enim
858 1189 124 59 sunt
935 1189 186 59 absolute
1075 1189 186 59 iucunda,
1214 1189 124 59 quae
1292 1189 155 59 probis
1400 1189 186 59 videntur
1540 1189 155 59 talia.
1648 1189 124 59 Haec
1726 1189 171 59 illatio
1850 1189 109 59 est
1912 1189 140 59 bona:
2005 1189 109 59 hoc
2051 1189 93 59 vide

457 1234 118 59 tur
525 1234 168 59 probis
642 1234 219 59 iucundum:
811 1234 135 59 ergo
895 1234 118 59 hoc
962 1234 118 59 est
1030 1234 135 59 vere
1114 1234 219 59 iucundum.
1282 1234 152 59 Illic
1383 1234 135 59 enim
1468 1234 84 59 a
1501 1234 152 59 parte
1602 1234 101 59 in
1653 1234 135 59 modo
1737 1234 101 59 ad
1788 1234 135 59 suum
1872 1234 152 59 totum
1956 1234 202 59 affirmati¬-

462 1288 96 61 ue
510 1288 128 61 sine
590 1288 272 61 distributione
814 1288 240 61 proceditur.
1006 1288 176 61 Secundo
1134 1288 160 61 soluit
1246 1288 192 61 inquiens
1391 1288 112 61 vel
1455 1288 112 61 hoc
1519 1288 128 61 modo
1599 1288 192 61 dicatur:
1743 1288 224 61 voluptates
1903 1288 240 61 indifferenter

451 1329 129 64 sunt
532 1329 162 64 bonae:
645 1329 113 64 non
709 1329 145 64 tamen
806 1329 275 64 quibuscunque.
1032 1329 226 64 Voluptates
1210 1329 194 64 venereae
1355 1329 129 64 sunt
1436 1329 145 64 bonae
1533 1329 145 64 inter
1630 1329 242 64 coniugatos,
1824 1329 162 64 quando
1937 1329 145 64 actus
2018 1329 129 64 coniu¬-

457 1376 104 61 gii
516 1376 148 61 licite
620 1376 104 61 fit
679 1376 133 61 causa
768 1376 207 61 generandae
930 1376 148 61 prolis
1034 1376 104 61 vel
1093 1376 192 61 sanitatis
1241 1376 177 61 corporis
1374 1376 104 61 aut
1433 1376 163 61 animae,
1552 1376 104 61 aut
1611 1376 133 61 causa
1700 1376 177 61 reddendi
1833 1376 163 61 debiti,
1951 1376 104 61 aut
2010 1376 133 61 causa
2084 1376 74 61 con

461 1425 208 61 seruandae
621 1425 176 61 vxoris,
749 1425 80 61 &
781 1425 112 61 sui
845 1425 96 61 ab
893 1425 224 61 adulterio.
1068 1425 144 61 Etiam
1164 1425 112 61 non
1228 1425 128 61 sunt
1308 1425 160 61 vnquam
1420 1425 144 61 malae
1516 1425 192 61 belluis,
1660 1425 240 61 quemadmodum
1851 1425 96 61 in
1899 1425 160 61 simili
1995 1425 160 61 locuple¬-

462 1471 113 61 tem
526 1471 129 61 esse
607 1471 113 61 est
672 1471 145 61 bonum
769 1471 242 61 simpliciter
963 1471 113 61 sed
1027 1471 113 61 non
1092 1471 210 61 proditori
1253 1471 194 61 patriae,
1399 1471 129 61 quia
1480 1471 113 61 per
1544 1471 194 61 fortunas
1690 1471 129 61 plus
1770 1471 162 61 natiuo
1883 1471 129 61 solo
1948 1471 210 61 incommodare

466 1523 191 57 potest.
605 1523 157 57 Aliud
709 1523 226 57 exemplum.
883 1523 226 57 Incolumen
1057 1523 139 57 esse
1144 1523 122 57 est
1214 1523 174 57 bonum,
1336 1523 122 57 sed
1406 1523 122 57 non
1475 1523 244 57 quodcunque
1667 1523 191 57 edendo,
1806 1523 139 57 puta
1893 1523 209 57 mandendo
2032 1523 122 57 homi¬-

459 1565 125 63 nem
531 1565 125 63 vel
602 1565 125 63 eum
674 1565 233 63 occidendo
853 1565 107 63 vt
907 1565 161 63 sanus
1014 1565 161 63 fias.
1122 1565 161 63 Sicut
1229 1565 197 63 dicitur
1373 1565 107 63 de
1426 1565 269 63 Constantino
1641 1565 161 63 magno
1749 1565 161 63 primo
1856 1565 233 63 Romanorum
2018 1565 125 63 Impe¬-

474 1614 179 62 ratorum
604 1614 114 62 qui
669 1614 147 62 verae
767 1614 196 62 pietatis
914 1614 163 62 cultum
1028 1614 212 62 suscepit,
1191 1614 114 62 Vel
1257 1614 114 62 sic
1322 1614 196 62 Socratem
1469 1614 131 62 esse
1550 1614 147 62 sanum
1648 1614 114 62 est
1714 1614 163 62 bonum,
1828 1614 114 62 non
1893 1614 147 62 tamen
1975 1614 179 62 quocunque

467 1659 133 53 modo
550 1659 215 53 sanitatem
716 1659 232 53 acquirendo
898 1659 116 53 per
965 1659 282 53 fornicationem
1197 1659 116 53 aut
1263 1659 249 53 adulterium.
1462 1659 83 53 ⁋
1495 1659 166 53 Tertio
1611 1659 166 53 soluit
1727 1659 116 53 hoc
1793 1659 166 53 pacto,
1909 1659 149 53 omnes
1992 1659 166 53 volupta¬-

465 1702 108 57 tes
526 1702 139 57 talis
619 1702 169 57 speciei
742 1702 123 57 sunt
819 1702 154 57 bonae:
926 1702 216 57 voluptates
1096 1702 92 57 ab
1142 1702 185 57 honestis
1281 1702 77 57 &
1311 1702 154 57 foedis
1419 1702 216 57 prodeuntes
1588 1702 154 57 specie
1696 1702 216 57 differunt.
1866 1702 154 57 Patet.
1973 1702 92 57 Ab
2004 1702 154 57 obiectis

462 1748 158 60 specie
573 1748 268 60 differentibus
794 1748 111 60 hae
857 1748 221 60 voluptates
1031 1748 205 60 prodeunt:
1189 1748 205 60 studiosus
1347 1748 190 60 honestis
1489 1748 142 60 solum
1583 1748 174 60 gaudet,
1710 1748 190 60 improbus
1852 1748 221 60 obscoenis.
2010 1748 142 60 Quatuor

465 1802 127 59 viis
544 1802 111 59 hoc
608 1802 158 59 probat
719 1802 158 59 prima.
830 1802 174 59 Musicus
956 1802 143 59 aliam
1052 1802 222 59 voluptatem
1226 1802 95 59 in
1273 1802 174 59 melodia
1400 1802 143 59 capit
1495 1802 127 59 quam
1574 1802 111 59 non
1638 1802 190 59 musicus.
1781 1802 143 59 Neque
1876 1802 127 59 enim
1955 1802 111 59 fit
2018 1802 95 59 vt
2050 1802 95 59 quis

464 1847 146 52 iusti
561 1847 228 52 voluptatem
740 1847 163 52 capiat
854 1847 114 52 qui
919 1847 130 52 idem
1001 1847 163 52 iustus
1115 1847 114 52 non
1180 1847 130 52 sit:
1261 1847 244 52 quemadmodum
1456 1847 146 52 neque
1554 1847 163 52 musici
1668 1847 114 52 qui
1733 1847 114 52 non
1798 1847 114 52 est
1863 1847 179 52 musicus
1993 1847 81 52 &
2026 1847 114 52 ita
2091 1847 98 52 in

462 1895 187 52 talibus.
602 1895 109 52 Hoc
665 1895 171 52 videtur
789 1895 202 52 monstrare
945 1895 124 52 ipse
1022 1895 156 52 amicus
1131 1895 78 52 &
1162 1895 233 52 assentator,
1349 1895 109 52 cum
1411 1895 156 52 amicus
1520 1895 140 52 alius
1614 1895 109 52 sit
1676 1895 93 52 ab
1722 1895 249 52 assentatore?
1925 1895 156 52 Amicus
2034 1895 124 52 enim
2096 1895 62 52 ad

462 1939 153 52 bonum
564 1939 272 52 congreditur,
785 1939 136 52 quia
870 1939 102 52 ob
921 1939 153 52 pacem
1023 1939 85 52 &
1057 1939 323 52 tranquillitatem
1328 1939 119 52 cum
1396 1939 136 52 alio
1481 1939 272 52 congreditur.
1702 1939 204 52 Adulator
1855 1939 153 52 autem
1957 1939 102 52 ad
1991 1939 153 52 volupta

466 1994 125 51 tem,
545 1994 109 51 hoc
607 1994 109 51 est
670 1994 172 51 quaerit
795 1994 188 51 placere:
935 1994 109 51 sed
998 1994 219 51 adulatorem
1170 1994 250 51 criminantur,
1373 1994 141 51 omnes
1467 1994 156 51 amicum
1576 1994 125 51 vero
1655 1994 188 51 laudant,
1795 1994 141 51 velut
1889 1994 94 51 ad
1936 1994 188 51 diuersum
2061 1994 94 51 con¬-

465 2039 235 57 gredientem.
653 2039 94 57 Et
700 2039 110 57 per
763 2039 219 57 consequens
935 2039 110 57 hae
998 2039 219 57 voluptates
1170 2039 94 57 in
1217 2039 157 57 specie
1327 2039 219 57 differunt.
1499 2039 172 57 Secundo
1624 2039 157 57 nullus
1734 2039 141 57 optat
1828 2039 110 57 ita
1891 2039 172 57 viuere,
2016 2039 94 57 vt
2047 2039 110 57 inte¬-

463 2089 115 57 gro
528 2089 148 57 vitae
627 2089 214 57 curriculo
792 2089 198 57 puerilem
940 2089 165 57 mentem
1055 2089 181 57 habeat.
1187 2089 148 57 Quuis
1286 2089 132 57 enim
1368 2089 148 57 pueri
1467 2089 165 57 multis
1583 2089 264 57 voluptatibus
1797 2089 214 57 defluant,
1961 2089 82 57 &
1994 2089 99 57 ex
2044 2089 115 57 his
2093 2089 66 57 re

465 2131 116 59 bus
532 2131 183 59 capiant
665 2131 233 59 voluptatem
848 2131 166 59 quibus
964 2131 166 59 pueros
1080 2131 166 59 maxime
1196 2131 249 59 delectamina
1396 2131 166 59 capere
1512 2131 266 59 arbitrantur.
1728 2131 116 59 Vis
1794 2131 199 59 rationis
1944 2131 150 59 iacet
2044 2131 100 59 in
2077 2131 83 59 hoc

467 2178 126 67 quod
546 2178 157 67 nullus
656 2178 173 67 quaerit
781 2178 220 67 voluptates
954 2178 188 67 puerorum
1095 2178 141 67 licet
1189 2178 126 67 illa
1267 2178 235 67 delectamina
1456 2178 126 67 fint
1534 2178 157 67 magna,
1644 2178 78 67 &
1675 2178 188 67 plerique
1817 2178 220 67 voluptatem
1973 2178 173 67 quaerunt:

464 2227 181 61 proinde
595 2227 231 61 voluptates
776 2227 165 61 specie
892 2227 231 61 differunt.
1073 2227 148 61 Pueri
1172 2227 165 61 maxime
1287 2227 264 61 oblectamenta
1501 2227 181 61 habent,
1633 2227 82 61 &
1666 2227 148 61 tamen
1765 2227 132 61 ille
1847 2227 148 61 esset
1946 2227 165 61 mentis
2045 2227 115 61 inops

458 2268 121 67 qui
527 2268 156 67 pueri
631 2268 173 67 mentem
752 2268 139 67 tota
839 2268 104 67 in
891 2268 139 67 vita
977 2268 225 67 expeteret
1150 2268 173 67 semper
1272 2268 208 67 capiendo
1428 2268 242 67 voluptatem
1618 2268 104 67 in
1670 2268 121 67 his
1739 2268 139 67 quae
1826 2268 156 67 pueri
1913 2268 242 67 oblectamenta

463 2320 204 57 capiunt.
616 2320 170 57 Quarto
735 2320 136 57 nemo
820 2320 136 57 item
905 2320 221 57 appeteret
1075 2320 238 57 foedissima
1262 2320 170 57 agendo
1381 2320 170 57 semper
1500 2320 187 57 gaudere
1636 2320 170 57 nullum
1755 2320 170 57 vnquam
1874 2320 187 57 dolorem
1993 2320 153 57 habitu¬-

460 2367 124 53 rus:
537 2367 155 53 igitur
645 2367 216 53 voluptates
815 2367 155 53 specie
908 2367 185 53 differunt.

464 2405 79 65 ⁋
496 2405 158 65 Vltima
606 2405 206 65 conclusio
765 2405 142 65 huius
859 2405 174 65 capitis
986 2405 111 65 est
1049 2405 142 65 haec.
1144 2405 111 65 Non
1207 2405 126 65 omne
1286 2405 95 65 ob
1334 2405 221 65 voluptatem
1508 2405 111 65 est
1571 2405 221 65 eligibile.
1745 2405 111 65 Hoc
1808 2405 206 65 manifeste
1966 2405 174 65 reuelat
2093 2405 95 65 in

461 2458 164 54 litera
575 2458 131 54 quae
657 2458 213 54 perspicua
821 2458 131 54 est.
903 2458 246 54 Compluribus
1099 2458 213 54 insudamus
1263 2458 147 54 rebus
1361 2458 147 54 etiam
1459 2458 98 54 si
1508 2458 164 54 nullam
1623 2458 229 54 voluptatem
1803 2458 213 54 afferunt.
1967 2458 147 54 Damus
2049 2458 98 54 enim

471 2506 166 59 operam
588 2506 100 59 vt
638 2506 200 59 videamus
788 2506 166 59 regem,
904 2506 266 59 mononachiam,
1120 2506 266 59 meminerimus,
1337 2506 200 59 sciamus,
1486 2506 250 59 virtutesque
1686 2506 150 59 nobis
1786 2506 200 59 paremus.
1936 2506 150 59 Neque
2019 2506 133 59 refert

467 2554 187 59 quicquam
608 2554 125 59 quod
686 2554 109 59 his
748 2554 187 59 voluptas
889 2554 109 59 non
951 2554 109 59 est
1013 2554 172 59 annexa:
1138 2554 203 59 expetimus
1294 2554 156 59 videre
1403 2554 94 59 vt
1450 2554 109 59 cum
1512 2554 265 59 recolligamus:
1731 2554 109 59 per
1793 2554 218 59 exteriores
1965 2554 156 59 sensus
2058 2554 94 59 mul¬-

462 2601 101 61 ta
513 2601 254 61 addiscimus.
716 2601 186 61 Cupimus
851 2601 152 61 etiam
952 2601 203 61 anteacta
1105 2601 169 61 penosa
1223 2601 203 61 reuocare
1375 2601 101 61 in
1426 2601 186 61 mentem,
1561 2601 152 61 horum
1663 2601 135 61 olim
1747 2601 220 61 meminisse
1916 2601 203 61 iuuabit.
2052 2601 101 61 Haec

463 2650 205 49 expetimus
621 2650 142 49 etiam
716 2650 95 49 si
763 2650 95 49 ex
811 2650 111 49 eis
874 2650 142 49 nulla
969 2650 142 49 esset
1064 2650 221 49 prouentura
1237 2650 205 49 voluptas.
1396 2650 158 49 Deinde
1506 2650 190 49 epilogat
1648 2650 205 49 inquiens.
1806 2650 95 49 Ex
1854 2650 221 49 praedictis
2012 2650 142 49 perspi¬-

462 2693 130 58 cuum
543 2693 114 58 est
608 2693 130 58 quod
690 2693 195 58 voluptas
836 2693 114 58 non
902 2693 114 58 est
967 2693 114 58 per
1032 2693 98 58 se
1081 2693 147 58 bonum
1179 2693 81 58 &
1211 2693 179 58 summum:
1341 2693 81 58 &
1374 2693 114 58 non
1439 2693 147 58 omnem
1537 2693 228 58 voluptatem
1716 2693 130 58 esse
1798 2693 261 58 expetibilem:
2009 2693 114 58 Sed
2058 2693 98 58 ali¬-

475 2743 128 62 quae
555 2743 128 62 sunt
635 2743 225 62 voluptates
812 2743 112 62 per
876 2743 96 62 se
924 2743 257 62 expetibiles:
1133 2743 112 62 cum
1197 2743 112 62 quo
1261 2743 144 62 dicto
1358 2743 177 62 alludit
1486 2743 273 62 psalmographus
1711 2743 209 62 inquiens,
1871 2743 193 62 Torrente
2000 2743 160 62 volupta¬-

459 2790 107 53 tis
520 2790 122 53 tuae
596 2790 168 53 potabis
719 2790 122 53 eos,
795 2790 229 53 differentes
979 2790 153 53 specie
1086 2790 92 53 ab
1132 2790 138 53 aliis
1223 2790 107 53 aut
1284 2790 153 53 saltem
1391 2790 92 53 ea
1437 2790 153 53 specie
1544 2790 199 53 differunt
1697 2790 76 53 a
1728 2790 153 53 quibus
1835 2790 229 53 proueniunt.
2018 2790 138 53 Verum
2095 2790 61 53 de

475 2836 193 54 voluptate
624 2836 193 54 doloreque
772 2836 119 54 quae
847 2836 74 54 a
876 2836 297 54 praedecessoribus
1129 2836 164 54 nostris
1248 2836 193 54 traduntur
1397 2836 134 54 tanta
1486 2836 119 54 esse
1560 2836 134 54 dicta
1635 2836 178 54 sufficiat.

479 2874 79 72 ⁋
511 2874 143 72 Circa
606 2874 111 72 hoc
670 2874 143 72 caput
765 2874 159 72 aliqua
876 2874 143 72 dubia
972 2874 207 72 occurrunt
1131 2874 159 72 primo:
1242 2874 95 72 in
1290 2874 111 72 hac
1353 2874 223 72 illatione,
1528 2874 191 72 Voluptas
1671 2874 111 72 non
1735 2874 111 72 est
1798 2874 191 72 qualitas
1941 2874 127 72 ergo
2021 2874 111 72 non
2069 2874 79 72 est

463 2933 168 51 bonum,
581 2933 235 51 proceditur
766 2933 84 51 a
799 2933 218 51 superiore
967 2933 101 51 ad
1018 2933 202 51 inferius
1169 2933 202 51 negatiue
1320 2933 118 51 cum
1387 2933 235 51 superioris
1572 2933 302 51 distributione.
1824 2933 185 51 Secundo
1958 2933 185 51 videtur
2076 2933 84 51 vo¬-

470 2976 155 56 luptas
578 2976 124 56 esse
656 2976 202 56 qualitas,
811 2976 124 56 quia
888 2976 202 56 quaeritur
1043 2976 93 56 in
1090 2976 109 56 quo
1152 2976 124 56 alio
1229 2976 264 56 praedicamento
1446 2976 186 56 ponatur.
1586 2976 124 56 Item
1663 2976 217 56 foelicitas
1834 2976 109 56 est
1896 2976 186 56 qualitas
2035 2976 93 56 si
2066 2976 93 56 enim

474 3031 216 59 quaeratur,
643 3031 154 59 qualis
751 3031 108 59 est
813 3031 170 59 Ioannes
936 3031 247 59 euangelista:
1137 3031 123 59 apte
1214 3031 231 59 respondetur
1399 3031 139 59 felix
1491 3031 93 59 in
1537 3031 170 59 etherea
1661 3031 139 59 sede.
1753 3031 231 59 Respondetur
1938 3031 154 59 primo:
2031 3031 123 59 aliqui

478 3083 182 55 dicunt
605 3083 273 55 Aristotelem
824 3083 164 55 loqui
934 3083 219 55 secundum
1098 3083 219 55 Platonis
1262 3083 273 55 sententiam,
1480 3083 91 55 &
1517 3083 109 55 ad
1572 3083 201 55 hominem
1717 3083 292 55 argumentari,
1954 3083 128 55 non
2027 3083 109 55 ex
2064 3083 91 55 sua

469 3115 234 63 opinione.
649 3115 126 63 Hoc
721 3115 162 63 autem
828 3115 144 63 mihi
918 3115 126 63 non
990 3115 198 63 placet.
1134 3115 216 63 Secundum
1296 3115 198 63 realium
1439 3115 234 63 principia
1619 3115 126 63 qui
1691 3115 126 63 res
1763 3115 305 63 multiplicant,
1996 3115 162 63 quemad¬-

465 3173 140 55 modum
559 3173 140 55 multi
652 3173 202 55 priscorum
808 3173 202 55 fecerunt,
963 3173 156 55 duplex
1072 3173 109 55 est
1134 3173 233 55 delectatio:
1321 3173 171 55 quaedam
1445 3173 109 55 est
1508 3173 93 55 de
1554 3173 156 55 genere
1663 3173 202 55 actionis.
1819 3173 93 55 vt
1865 3173 124 55 illa
1943 3173 124 55 quae
2021 3173 109 55 est
2068 3173 93 55 pro¬-

469 3213 162 64 ductiua
587 3213 251 64 delectationis
794 3213 207 64 perfectae,
956 3213 118 64 quae
1030 3213 192 64 consistit
1178 3213 89 64 in
1222 3213 177 64 perfecta
1355 3213 207 64 operatione
1517 3213 192 64 virtutis:
1665 3213 74 64 &
1694 3213 162 64 quaedam
1812 3213 103 64 est
1872 3213 89 64 de
1916 3213 148 64 genere
2004 3213 148 64 qualita¬-

471 3262 115 52 tis,
543 3262 86 52 vt
586 3262 115 52 illa
658 3262 115 52 quae
730 3262 101 52 est
788 3262 115 52 tota
860 3262 202 52 perficiens
1018 3262 259 52 perfectissimam
1235 3262 173 52 virtutis
1364 3262 231 52 operationem.
1552 3262 86 52 Et
1595 3262 115 52 ista
1667 3262 101 52 est
1725 3262 86 52 de
1768 3262 144 52 genere
1869 3262 216 52 qualitatis.
2042 3262 101 52 Sic
2085 3262 72 52 foe

462 3309 176 76 licitas,
595 3309 103 76 vno
653 3309 118 76 modo
727 3309 103 76 est
786 3309 132 76 finis
874 3309 147 76 vltimi
977 3309 176 76 aeductio
1109 3309 191 76 humanorum
1256 3309 162 76 actuum:
1374 3309 74 76 &
1403 3309 118 76 haec
1477 3309 191 76 productio
1624 3309 103 76 est
1683 3309 88 76 de
1727 3309 147 76 genere
1830 3309 191 76 actionis.
1977 3309 118 76 Alio
2050 3309 103 76 mon
2094 3309 74 76 est
