2344 3603
185 307 141 98 finis
279 307 173 98 vltimus
405 307 78 98 &
436 307 110 98 sic
499 307 110 98 est
562 307 94 98 de
609 307 157 98 genere
719 307 235 98 qualitatis.
907 307 157 98 Aliter
1016 307 125 98 dico
1095 307 110 98 res
1158 307 110 98 non
1220 307 282 98 multiplicando.
1456 307 125 98 Haec
1534 307 173 98 realium
1659 307 141 98 secta
1754 307 94 98 ab
1785 307 94 98 vrbe

180 392 166 59 parisia
300 392 166 59 exulat.
421 392 121 59 Dico
496 392 121 59 quod
572 392 136 59 omnis
662 392 106 59 res
723 392 136 59 mundi
813 392 106 59 est
873 392 181 59 qualitas
1009 392 151 59 primae
1114 392 301 59 intentionaliter.
1371 392 90 59 De
1416 392 196 59 partibili
1567 392 151 59 patet:
1672 392 106 59 est
1732 392 121 59 enim
1793 392 90 59 suae

177 448 169 53 partes,
300 448 123 53 ergo
377 448 169 53 paritas
500 448 200 53 imparitas
654 448 92 53 ve
700 448 92 53 De
746 448 277 53 impartibilibus
977 448 231 53 ostenditur:
1162 448 123 53 deus
1239 448 108 53 est
1300 448 154 53 iustus
1408 448 77 53 &
1439 448 108 53 sua
1501 448 200 53 iustitia.
1654 448 139 53 Anima
1731 448 139 53 intelle

181 490 135 58 ctiua
271 490 75 58 &
301 490 165 58 angelus
421 490 105 58 est
481 490 165 58 liberum
601 490 75 58 &
630 490 105 58 sua
690 490 195 58 libertas:
840 490 75 58 &
870 490 105 58 sic
930 490 195 58 qualitas.
1080 490 120 58 Item
1155 490 195 58 quaelibet
1305 490 105 58 res
1365 490 135 58 mundi
1455 490 105 58 est
1514 490 195 58 naturalis
1664 490 180 58 potentia
1799 490 105 58 aut

178 532 233 51 impotentia:
365 532 124 51 ergo
443 532 78 51 &
474 532 202 51 qualitas.
630 532 140 51 Verum
723 532 187 51 qualitas
863 532 187 51 secundae
1003 532 296 51 intentionaliter
1252 532 140 51 solum
1345 532 187 51 supponit
1485 532 109 51 pro
1547 532 233 51 dicibilibus
1734 532 93 51 in
1765 532 109 51 prae¬-

180 578 202 63 dicamento
336 578 217 63 qualitatis
506 578 248 63 ponibilibus.
708 578 186 63 Capiatur
848 578 124 63 loco
925 578 186 63 vocabuli
1065 578 186 63 voluptas
1205 578 217 63 delectatio
1375 578 140 63 sicut
1469 578 140 63 vetus
1562 578 202 63 tralatio:
1717 578 109 63 aut
1763 578 109 63 acti¬-

187 623 93 61 ua
234 623 171 61 passiua
358 623 93 61 ve
405 623 186 61 vocabula
544 623 124 61 modo
622 623 124 61 illa
699 623 124 61 sunt
777 623 93 61 de
823 623 264 61 praedicamento
1041 623 186 61 actionis
1180 623 109 61 aut
1242 623 202 61 passionis
1397 623 140 61 sicut
1490 623 124 61 alia
1568 623 186 61 verbalia
1707 623 93 61 in
1738 623 140 61 iotermi

183 674 137 62 nata,
274 674 91 62 vt
320 674 213 62 calefactio
487 674 107 62 est
548 674 91 62 in
594 674 259 62 praedicamento
807 674 183 62 actionis
944 674 107 62 vel
1005 674 213 62 passionis:
1172 674 167 62 calidum
1294 674 107 62 vel
1355 674 198 62 caliditas
1507 674 91 62 in
1552 674 259 62 praedicamento
1750 674 122 62 quali¬-

180 722 156 48 tatis:
290 722 78 48 &
321 722 109 48 sic
383 722 234 48 operationes
570 722 187 48 virtutum
710 722 94 48 vt
757 722 203 48 iustifico
913 722 234 48 temperanter
1100 722 125 48 ago,
1178 722 78 48 &
1209 722 218 48 foelicitas
1380 722 94 48 in
1427 722 171 48 actione
1552 722 78 48 &
1583 722 109 48 non
1645 722 94 48 in
1692 722 156 48 habitu
1786 722 94 48 con¬-

183 766 165 62 sistit:
303 766 75 62 &
333 766 90 62 si
377 766 179 62 vocabula
512 766 269 62 delectationem,
736 766 239 62 consequenter
931 766 90 62 ad
976 766 165 62 graecum
1095 766 209 62 caperetur,
1260 766 105 62 ita
1320 766 150 62 foret:
1424 766 179 62 voluptas
1559 766 75 62 a
1589 766 135 62 voluo
1679 766 165 62 dicitur
1783 766 90 62 quae

189 814 170 56 animum
308 814 204 56 demulcet
461 814 85 56 &
495 814 204 56 actionem
648 814 221 56 importat.
818 814 170 56 Aliter
937 814 187 56 dicitur
1074 814 136 56 quod
1159 814 153 56 licet
1261 814 153 56 notio
1363 814 153 56 bonum
1465 814 187 56 ponatur
1601 814 102 56 in
1635 814 238 56 praedicamen¬-

180 858 98 57 to
229 858 228 57 qualitatis
408 858 147 57 sicut
506 858 179 57 species
636 858 147 57 eius,
734 858 147 57 tamen
832 858 212 57 diuiditur
995 858 98 57 in
1044 858 114 57 hos
1109 858 163 57 ramos,
1224 858 147 57 bonum
1321 858 163 57 vtile,
1436 858 147 57 bonum
1533 858 261 57 voluptabile,
1746 858 82 57 &
1762 858 114 57 bonum

182 911 205 52 honestum:
340 911 110 52 non
403 911 173 52 tanquam
529 911 142 52 genus
623 911 94 52 in
670 911 126 52 suas
749 911 189 52 species,
891 911 110 52 sed
954 911 173 52 tanquam
1080 911 142 52 totum
1174 911 94 52 in
1221 911 126 52 modo
1300 911 94 52 in
1347 911 126 52 suas
1426 911 173 52 partes.
1552 911 142 52 Sicut
1647 911 126 52 homo
1725 911 94 52 in
1757 911 110 52 homi¬-

187 953 111 61 nem
251 953 143 61 album
346 953 80 61 &
378 953 175 61 nigrum:
505 953 127 61 quod
585 953 143 61 patet
680 953 127 61 quia
760 953 159 61 dictio
871 953 143 61 vtile
967 953 111 61 est
1031 953 95 61 in
1078 953 271 61 praedicamento
1301 953 95 61 ad
1349 953 191 61 aliquid,
1492 953 80 61 &
1524 953 191 61 relatiue
1667 953 95 61 ad
1715 953 143 61 aliud
1794 953 80 61 di¬-

188 1001 157 49 citur:
298 1001 78 49 &
329 1001 110 49 sic
392 1001 110 49 non
455 1001 188 49 sequitur
596 1001 188 49 voluptas
737 1001 110 49 vel
800 1001 78 49 a
831 1001 110 49 non
894 1001 110 49 est
957 1001 204 49 qualitas,
1114 1001 188 49 secundae
1255 1001 298 49 intentionaliter
1506 1001 188 49 capiendo
1647 1001 204 49 vocabulum
1788 1001 94 49 qua¬-

186 1046 162 59 litas,
299 1046 129 59 ergo
380 1046 113 59 non
444 1046 113 59 est
509 1046 145 59 bonum
606 1046 194 59 capiendo
751 1046 145 59 bonum
848 1046 97 59 in
897 1046 129 59 toto
977 1046 113 59 suo
1042 1046 178 59 ambitu.
1171 1046 145 59 Vtile
1268 1046 113 59 non
1333 1046 113 59 est
1397 1046 194 59 qualitas
1543 1046 81 59 &
1575 1046 145 59 tamen
1672 1046 145 59 vtile
1769 1046 113 59 est
1817 1046 65 59 bo

192 1099 125 61 num.
270 1099 93 61 Et
317 1099 109 61 sic
379 1099 125 61 haec
457 1099 249 61 ratiocinatio
660 1099 109 61 est
722 1099 140 61 nulla
816 1099 93 61 in
862 1099 140 61 prima
956 1099 234 61 conclusione
1143 1099 140 61 huius
1236 1099 171 61 capitis
1361 1099 93 61 Si
1408 1099 125 61 loco
1486 1099 187 61 notionis
1626 1099 203 61 voluptas,
1766 1099 109 61 voca¬-

186 1140 144 56 bulum
282 1140 192 56 actionem
427 1140 208 56 passionem
587 1140 96 56 ve
635 1140 208 56 importans
795 1140 208 56 capiatur.
956 1140 128 56 Eius
1036 1140 144 56 prior
1132 1140 176 56 solutio
1261 1140 112 56 est
1325 1140 176 56 lucida,
1453 1140 96 56 vt
1501 1140 225 56 delectatio
1678 1140 160 56 dictio
1774 1140 112 56 lati¬-

193 1190 91 57 na
238 1190 106 57 qua
299 1190 151 57 Cicero
404 1190 136 57 libro
495 1190 151 57 quarto
600 1190 151 57 Tuscu.
706 1190 166 57 vtitur.
827 1190 136 57 Illic
917 1190 136 57 dicit
1008 1190 211 57 delectatio
1174 1190 106 57 est
1234 1190 181 57 voluptas
1370 1190 196 57 suauitate
1521 1190 166 57 auditus
1642 1190 151 57 animum
1732 1190 151 57 leniens.

186 1234 105 69 Et
239 1234 175 69 qualis
362 1234 123 69 est
432 1234 140 69 haec
519 1234 175 69 aurium
642 1234 158 69 tales
747 1234 140 69 sunt
835 1234 210 69 oculorum
993 1234 88 69 &
1028 1234 193 69 tactuum
1168 1234 88 69 &
1203 1234 263 69 odorationum
1413 1234 88 69 &
1448 1234 193 69 saporum
1589 1234 140 69 quae
1676 1234 140 69 sunt
1746 1234 123 69 omnes

188 1285 148 53 vnius
286 1285 181 53 generis
417 1285 98 53 ad
467 1285 263 53 perfundendum
680 1285 164 53 animum
795 1285 181 53 tanquam
926 1285 279 53 illiquefactae
1140 1285 213 53 voluptates.

192 1308 82 81 ⁋
224 1308 164 81 Secudo
339 1308 213 81 dubitatur
503 1308 98 81 an
552 1308 197 81 voluptas
700 1308 115 81 sit
765 1308 148 81 motus
864 1308 82 81 ⁋
897 1308 164 81 Tertio
1011 1308 98 81 an
1061 1308 148 81 omnis
1159 1308 197 81 voluptas
1307 1308 197 81 obscoena
1454 1308 98 81 ab
1503 1308 180 81 honesta
1634 1308 164 81 specie
1733 1308 131 81 discer

191 1380 161 55 nitur.
304 1380 80 55 ⁋
336 1380 161 55 Quarto
448 1380 97 55 an
497 1380 193 55 voluptas
642 1380 113 55 sit
706 1380 225 55 generatio.
883 1380 80 55 ⁋
915 1380 97 55 Ad
964 1380 193 55 secundum
1108 1380 177 55 dicitur
1237 1380 129 55 quod
1318 1380 145 55 motus
1414 1380 177 55 proprie
1543 1380 161 55 dictus
1656 1380 97 55 vt
1688 1380 177 55 qualitati

188 1428 238 53 intensibili
379 1428 206 53 conuenit,
537 1428 111 53 est
601 1428 143 53 forma
696 1428 222 53 imperfecta
871 1428 95 53 ad
918 1428 254 53 perfectionem
1125 1428 191 53 continuo
1268 1428 191 53 tendens,
1411 1428 95 53 vt
1458 1428 206 53 caliditas
1617 1428 143 53 cuius
1712 1428 111 53 vna
1760 1428 95 53 pars

183 1477 115 51 est
248 1477 214 51 acquisita
413 1477 82 51 &
445 1477 181 51 reliqua
577 1477 99 51 in
626 1477 197 51 continua
774 1477 246 51 accessione.
971 1477 148 51 Motus
1070 1477 115 51 pro
1135 1477 131 51 tali
1217 1477 197 51 supponit
1365 1477 230 51 connotando
1546 1477 131 51 vnam
1628 1477 164 51 partem
1727 1477 131 51 existe

181 1520 99 60 re
231 1520 83 60 &
264 1520 198 60 reliquas
413 1520 99 60 in
462 1520 198 60 continua
611 1520 248 60 productione
809 1520 149 60 esse.
909 1520 248 60 Conformiter
1107 1520 99 60 ad
1156 1520 248 60 philosophum
1355 1520 165 60 tertio
1470 1520 231 60 physicorum
1652 1520 215 60 dicentem.
1801 1520 66 60 Mo

186 1569 107 52 tus
247 1569 107 52 est
308 1569 137 52 actus
399 1569 137 52 entis
491 1569 92 52 in
537 1569 183 52 potentia
674 1569 183 52 secundum
811 1569 122 52 quod
888 1569 92 52 in
933 1569 198 52 potentia.
1086 1569 107 52 hoc
1147 1569 198 52 supposito
1299 1569 168 52 dicitur
1422 1569 92 52 si
1467 1569 183 52 voluptas
1605 1569 153 52 subito
1711 1569 122 52 fiat
1772 1569 92 52 ipsa

188 1620 114 54 non
253 1620 114 54 est
318 1620 163 54 motus.
432 1620 98 54 At
481 1620 98 54 de
530 1620 130 54 eius
611 1620 179 54 volucri
741 1620 179 54 product
872 1620 114 54 one
937 1620 163 54 capite
1051 1620 195 54 sequenti
1197 1620 179 54 futurus
1328 1620 114 54 est
1393 1620 163 54 sermo.
1507 1620 81 54 ⁋
1539 1620 98 54 Ad
1588 1620 179 54 tertium
1702 1620 163 54 negatiue

179 1660 258 52 respondetur.
389 1660 194 52 Voluptas
534 1660 129 52 enim
615 1660 97 52 in
663 1660 194 52 venereis
809 1660 113 52 non
873 1660 258 52 distinguitur
1083 1660 81 52 a
1115 1660 210 52 voluptate
1277 1660 178 52 tempore
1406 1660 210 52 connubii,
1567 1660 113 52 nec
1632 1660 145 52 ipsae
1713 1660 145 52 causae,

194 1707 99 80 vt
243 1707 132 80 volo
325 1707 231 80 cognoscere
507 1707 132 80 hanc
589 1707 264 80 demonstrando
803 1707 115 80 eam
869 1707 181 80 solutam
1001 1707 82 80 &
1034 1707 247 80 coniunctam:
1232 1707 115 80 hic
1298 1707 148 80 autem
1397 1707 99 80 in
1446 1707 148 80 causa
1545 1707 115 80 non
1611 1707 115 80 est
1660 1707 198 80 distinctio

199 1754 92 61 in
245 1754 154 61 genere
352 1754 169 61 naturae
476 1754 108 61 est
537 1754 138 61 tamen
629 1754 215 61 distinctio
799 1754 92 61 in
845 1754 154 61 genere
952 1754 138 61 moris
1045 1754 77 61 &
1075 1754 138 61 vicii
1168 1754 77 61 &
1199 1754 108 61 hoc
1260 1754 138 61 satis
1352 1754 108 61 est
1414 1754 108 61 pro
1460 1754 200 61 philosopho.

193 1792 85 64 ⁋
227 1792 102 64 Ad
278 1792 187 64 quartam
414 1792 271 64 dubitationem
634 1792 254 64 respondetur
837 1792 136 64 quod
922 1792 153 64 motus
1024 1792 204 64 interdum
1177 1792 119 64 est
1244 1792 153 64 genus
1346 1792 271 64 generationis
1567 1792 102 64 vt
1618 1792 153 64 patet
1719 1792 102 64 in
1753 1792 102 64 post

180 1853 322 62 praedicamentis:
451 1853 119 62 vbi
519 1853 220 62 generatio
688 1853 152 62 inter
790 1853 119 62 sex
857 1853 203 62 motionum
1010 1853 186 62 species
1145 1853 237 62 numeratur.
1331 1853 135 62 Alio
1416 1853 135 62 modo
1501 1853 186 62 capitur
1636 1853 152 62 motus
1738 1853 102 62 vt
1771 1853 85 62 est

181 1903 154 55 inter
284 1903 205 55 terminos
438 1903 240 55 positiuos.
626 1903 223 55 Generatio
797 1903 86 55 &
832 1903 223 55 corruptio
1003 1903 137 55 sunt
1088 1903 154 55 inter
1191 1903 205 55 terminum
1345 1903 223 55 positiuum
1516 1903 86 55 &
1551 1903 240 55 priuatiuum
1739 1903 103 55 vt
1773 1903 103 55 habe

192 1943 110 58 tur
255 1943 157 58 quinto
365 1943 236 58 physicorum.
554 1943 94 58 At
601 1943 110 58 dum
664 1943 188 58 voluptas
805 1943 157 58 potest
915 1943 141 58 fieri
1009 1943 126 58 sine
1088 1943 157 58 dolore
1198 1943 188 58 praeuio,
1339 1943 94 58 vt
1386 1943 94 58 in
1433 1943 188 58 literali
1575 1943 236 58 expositione
1747 1943 126 58 retuli

187 1999 129 58 mus:
268 1999 129 58 tunc
349 1999 227 58 voluptatis
527 1999 113 58 non
591 1999 113 58 est
656 1999 146 58 motus
753 1999 113 58 nec
818 1999 227 58 generatio:
996 1999 129 58 quia
1077 1999 97 58 de
1126 1999 178 58 ratione
1255 1999 259 58 generationis
1465 1999 178 58 proprie
1595 1999 162 58 dictae
1708 1999 113 58 est
1757 1999 113 58 sicut

199 2035 228 54 philosophus
381 2035 137 54 saepe
473 2035 152 54 capit,
579 2035 122 54 idem
655 2035 107 54 cum
716 2035 122 54 motu
792 2035 122 54 quod
868 2035 213 54 successiue
1036 2035 122 54 fiat
1112 2035 91 54 vt
1158 2035 137 54 calor
1249 2035 244 54 partibiliter
1447 2035 198 54 productus
1599 2035 122 54 toto
1675 2035 167 54 tempore
1782 2035 91 54 pro¬-

181 2088 196 61 ductionis
331 2088 105 61 est
392 2088 226 61 caliditatis
572 2088 211 61 generatio.
738 2088 241 61 Transmutatio
933 2088 226 61 instantanea
1114 2088 105 61 non
1174 2088 105 61 est
1234 2088 211 61 generatio:
1400 2088 120 61 illa
1475 2088 120 61 enim
1550 2088 135 61 nihil
1640 2088 135 61 aliud
1731 2088 105 61 est
1776 2088 90 61 quam

191 2134 110 59 res
254 2134 126 59 ipsa
333 2134 126 59 quae
412 2134 157 59 subito
522 2134 220 59 procreatur
695 2134 94 59 vt
742 2134 157 59 visio,
853 2134 157 59 lumen,
963 2134 142 59 anima
1057 2134 252 59 intellectiua
1262 2134 157 59 partis
1372 2134 189 59 immunis:
1514 2134 79 59 &
1545 2134 126 59 quia
1624 2134 189 59 voluptas
1750 2134 126 59 instan

189 2179 149 58 tanee
289 2179 232 58 producitur
471 2179 116 58 non
537 2179 116 58 est
603 2179 215 58 generatio
769 2179 149 58 sicut
868 2179 116 58 nec
918 2179 116 58 motus

185 2195 83 90 ⁋
219 2195 332 90 Quintodubitatur.
501 2195 116 90 Ego
567 2195 183 90 musicam
700 2195 166 90 diligo
817 2195 116 90 qui
883 2195 216 90 cantionis
1049 2195 116 90 sum
1116 2195 183 90 expers,
1248 2195 83 90 &
1282 2195 149 90 latro
1381 2195 216 90 iustitiam
1547 2195 199 90 diligit.
1680 2195 183 90 Responde¬-

180 2276 113 63 tur
244 2276 129 63 quod
325 2276 129 63 nemo
405 2276 145 63 hasce
501 2276 145 63 artes
598 2276 225 63 vehementer
775 2276 80 63 &
807 2276 225 63 flagranter
984 2276 177 63 diligit
1112 2276 113 63 qui
1177 2276 145 63 earum
1273 2276 113 63 est
1337 2276 177 63 immunis
1466 2276 96 63 vt
1514 2276 96 63 de
1563 2276 225 63 philosopho
1723 2276 145 63 aiutem:

177 2310 168 70 amator
295 2310 236 70 sapientiae
480 2310 253 70 conuertitur
682 2310 118 70 cum
750 2310 253 70 philosopho,
952 2310 135 70 ergo
1036 2310 269 70 philosophiae
1255 2310 152 70 inops
1356 2310 118 70 non
1423 2310 135 70 amat
1507 2310 269 70 philosophiam
1726 2310 118 70 vel
1777 2310 84 70 non

177 2367 147 57 omnis
275 2367 261 57 philosophiam
486 2367 147 57 amans
584 2367 114 57 est
650 2367 261 57 philosophus.
861 2367 82 57 ⁋
894 2367 212 57 Dubitatur
1057 2367 147 57 quare
1155 2367 147 57 dicit
1253 2367 114 57 nos
1318 2367 196 57 expetere
1465 2367 163 57 futura
1579 2367 228 57 praeterita
1758 2367 82 57 &
1774 2367 82 57 cae

184 2414 149 58 tera.
284 2414 165 58 Aliqui
399 2414 99 58 de
449 2414 182 58 remotis
581 2414 132 58 oris
664 2414 215 58 hispaniae
830 2414 198 58 venerunt
978 2414 99 58 in
1028 2414 182 58 Italiam
1160 2414 165 58 videre
1276 2414 149 58 Titum
1375 2414 182 58 Liuium,
1508 2414 99 58 vt
1557 2414 232 58 Hieronymus
1739 2414 99 58 ad
1772 2414 83 58 Pau

172 2456 162 54 linum
280 2456 108 54 ex
334 2456 180 54 Plinio
460 2456 234 54 depromens
641 2456 180 54 dicit.
767 2456 162 54 Regem
875 2456 90 54 &
911 2456 270 54 monomachiam
1128 2456 198 54 fortium
1272 2456 180 54 videre
1398 2456 234 54 expetimus
1578 2456 108 54 vt
1615 2456 252 54 meminerimus.

189 2508 140 55 Patet
283 2508 93 55 de
329 2508 187 55 peccatis
470 2508 171 55 nostris
594 2508 218 55 retroactis
765 2508 187 55 denudare
905 2508 233 55 confessatio
1092 2508 78 55 &
1123 2508 93 55 de
1170 2508 202 55 laboribus
1325 2508 78 55 a
1356 2508 140 55 nobis
1450 2508 233 55 exantlatis.
1637 2508 218 55 Affectimus
1792 2508 78 55 sci

179 2555 98 56 re
228 2555 163 56 futura
342 2555 98 56 vt
391 2555 163 56 mortem
506 2555 180 56 nostram
636 2555 82 56 &
669 2555 196 56 amicorum
816 2555 213 56 fortunam,
980 2555 147 56 licet
1078 2555 147 56 nulla
1176 2555 229 56 sequeretur
1356 2555 213 56 voluptas,
1519 2555 114 56 sed
1585 2555 180 56 videtur
1716 2555 131 56 quod
1781 2555 98 56 volu

177 2608 160 58 ptates
289 2608 192 58 pueriles
433 2608 224 58 quaerimus,
608 2608 192 58 Socrates
752 2608 128 58 enim
832 2608 208 58 arundinem
992 2608 144 58 inter
1088 2608 160 58 tibias
1200 2608 160 58 ponens
1312 2608 128 58 nter
1391 2608 208 58 peruellos
1535 2608 192 58 equitarat.

560 2663 268 93 Tract.
748 2663 161 93 I.
828 2663 214 93 Lib.
962 2663 161 93 X.
1042 2663 214 93 Cap.
1149 2663 187 93 IIII.

503 2715 112 90 Ed
559 2715 205 90 quidnam
708 2715 130 90 aut
783 2715 168 90 quale
895 2715 149 90 fit,
988 2715 168 90 magis
1100 2715 205 90 patebit
1249 2715 112 90 si
1305 2715 224 90 sermonem
1473 2715 168 90 paulo
1584 2715 186 90 altius
1696 2715 168 90 repete¬-

506 2801 148 71 mus.
599 2801 167 71 Visio
711 2801 148 71 enim
803 2801 186 71 quouis
933 2801 111 71 in
989 2801 204 71 tempore
1137 2801 223 71 perfecta
1304 2801 148 71 esse
1397 2801 223 71 videtur:
1564 2801 167 71 nihil
1675 2801 148 71 enim
1750 2801 111 71 ipsi

503 2853 173 62 deest,
624 2853 139 62 quod
711 2853 173 62 postea
832 2853 173 62 factum
954 2853 191 62 species
1092 2853 173 62 ipsius
1214 2853 243 62 perficiet.
1405 2853 139 62 Tali
1491 2853 243 62 persimilis
1682 2853 121 62 est
1752 2853 87 62 &
1769 2853 104 62 ipsa

510 2903 229 61 voluptas.
686 2903 123 61 Est
757 2903 141 61 enim
844 2903 193 61 quoddam
985 2903 176 61 totum,
1108 2903 211 61 nulloque
1266 2903 105 61 in
1319 2903 193 61 tempore
1460 2903 246 61 voluptatem
1653 2903 211 61 quispiam
1794 2903 70 61 ac

502 2957 192 75 cipiet,
641 2957 157 75 cuius
746 2957 192 75 species
886 2957 105 75 si
939 2957 175 75 maiore
1061 2957 192 75 tempore
1201 2957 157 75 fiat,
1306 2957 280 75 perficietur,
1534 2957 210 75 quocirca
1691 2957 122 75 nec
1744 2957 122 75 motus

498 3007 80 72 T
530 3007 127 72 est:
609 3007 95 72 in
657 3007 175 72 tempore
784 3007 127 72 enim
864 3007 111 72 est
928 3007 143 72 omnis
1023 3007 159 72 motus.
1134 3007 95 72 Et
1182 3007 191 72 alicuius
1325 3007 143 72 etiam
1421 3007 159 72 finis,
1532 3007 95 72 vt
1580 3007 254 72 aedificatio,
1771 3007 95 72 tunc

185 3066 135 80 erit
269 3066 219 80 perfecta,
438 3066 118 80 cum
505 3066 101 80 id
556 3066 185 80 fecerit
691 3066 135 80 quod
775 3066 202 80 affectat
927 3066 101 80 in
977 3066 135 80 toto
1062 3066 202 80 tempore,
1214 3066 118 80 aut
1281 3066 101 80 in
1332 3066 135 80 hoc.
1416 3066 101 80 In
1466 3066 202 80 partibus
1618 3066 152 80 autem
1702 3066 169 80 temporis

180 3126 153 63 omnes
282 3126 136 63 sunt
368 3126 239 63 imperfecte
555 3126 85 63 &
589 3126 85 63 a
623 3126 153 63 toto,
726 3126 85 63 &
760 3126 153 63 inter
862 3126 136 63 sese
947 3126 205 63 diuersae
1101 3126 171 63 specie
1220 3126 153 63 sunt,
1322 3126 239 63 compositio
1510 3126 171 63 namque
1629 3126 188 63 lapidum
1749 3126 119 63 diuer

169 3183 103 57 sa
220 3183 121 57 est
289 3183 103 57 ab
341 3183 224 57 erectione
513 3183 207 57 colunna,
668 3183 86 57 &
703 3183 138 57 haec
789 3183 172 57 rursus
909 3183 86 57 a
944 3183 172 57 templi
1064 3183 258 57 effectione.
1271 3183 103 57 Et
1323 3183 172 57 templi
1443 3183 172 57 quidem
1564 3183 121 57 est
1633 3183 224 57 perfecta,
1788 3183 86 57 nul

178 3239 148 59 lius
271 3239 148 59 enim
364 3239 111 59 ad
420 3239 260 59 propositum
624 3239 204 59 indiget
772 3239 148 59 rei.
865 3239 315 59 Fundamentorum
1125 3239 167 59 autem
1236 3239 93 59 &
1273 3239 260 59 laquearium
1477 3239 278 59 imperfecta,
1700 3239 130 59 est
1756 3239 111 59 enim

179 3298 179 87 vtraque
309 3298 147 87 pars.
407 3298 212 87 Differunt
570 3298 163 87 igitur
684 3298 179 87 specie,
814 3298 81 87 &
847 3298 147 87 fieri
944 3298 114 87 non
1010 3298 179 87 potest,
1140 3298 98 87 vt
1189 3298 163 87 quouis
1303 3298 98 87 in
1352 3298 179 87 tempore
1482 3298 147 87 motus
1580 3298 163 87 specie
1678 3298 195 87 accipiatur
