2317 3610
443 323 264 92 perfectus.
650 323 151 92 nisi
745 323 113 92 in
801 323 170 92 toto.
914 323 245 92 Similiter
1102 323 132 92 res
1178 323 151 92 sese
1272 323 170 92 habet
1385 323 94 92 &
1423 323 113 92 in
1479 323 301 92 ambulatione,
1724 323 94 92 &
1762 323 264 92 motionibus
1950 323 207 92 caeteris.

455 397 126 71 Nam
527 397 108 71 si
581 397 162 71 latio
689 397 162 71 motus
797 397 144 71 est,
887 397 144 71 quod
978 397 180 71 quidem
1104 397 108 71 ex
1158 397 126 71 hoc
1230 397 108 71 ad
1284 397 126 71 hoc
1356 397 162 71 itur,
1464 397 90 71 &
1500 397 162 71 huius
1608 397 288 71 differentiae
1843 397 198 71 specie,
1969 397 180 71 volatio.

450 452 264 72 ambulatio,
658 452 245 72 saltatio,
846 452 94 72 &
884 452 170 72 talia
997 452 226 72 motiones
1167 452 151 72 sunt
1261 452 189 72 quibus
1393 452 113 72 ex
1449 452 132 72 hoc
1525 452 113 72 in
1581 452 132 72 hoc
1657 452 245 72 similiter
1845 452 170 72 itur.
1958 452 132 72 Non
2015 452 132 72 solum

449 518 163 70 autem
557 518 109 70 in
612 518 127 70 his
684 518 127 70 res
756 518 127 70 ita
829 518 145 70 sese
919 518 181 70 habet,
1046 518 127 70 sed
1118 518 109 70 in
1172 518 145 70 ipsa
1263 518 163 70 etiam
1371 518 289 70 ambulatione.
1606 518 199 70 Termini
1751 518 181 70 namque
1878 518 127 70 non
1950 518 145 70 sunt
2022 518 127 70 iidem

456 573 101 64 in
507 573 168 64 stadio
624 573 151 64 toto,
725 573 151 64 atque
825 573 101 64 in
875 573 168 64 parte,
993 573 84 64 &
1026 573 101 64 in
1077 573 134 64 alia
1161 573 151 64 atque
1261 573 134 64 alia
1345 573 168 64 parte.
1462 573 151 64 Neque
1563 573 134 64 idem
1647 573 117 64 est
1714 573 252 64 pertransire
1915 573 168 64 lineam
2033 573 134 64 hanc
2100 573 50 64 &

453 628 162 68 illam
561 628 126 68 non
633 628 162 68 solum
740 628 144 68 enim
830 628 197 68 lineam,
974 628 126 68 sed
1045 628 162 68 etiam
1153 628 108 68 in
1207 628 144 68 loco
1297 628 251 68 collocatam
1494 628 269 68 pertransit.
1709 628 162 68 Atque
1817 628 144 68 haec
1907 628 90 68 &
1943 628 144 68 illa
2032 628 108 68 in
2068 628 90 68 di¬-

456 686 181 65 uersis
583 686 145 65 sunt
673 686 181 65 locis,
800 686 127 65 sed
872 686 181 65 exacte
999 686 181 65 quidem
1126 686 109 65 de
1180 686 145 65 motu
1271 686 163 65 aliis
1379 686 109 65 in
1434 686 163 65 locis
1542 686 127 65 est
1615 686 199 65 dictum.
1760 686 199 65 Videtur
1904 686 163 65 autem
2013 686 127 65 non
2086 686 109 65 in

456 737 143 74 omni
546 737 197 74 tempore
689 737 143 74 esse
779 737 251 74 perfectus,
976 737 125 74 sed
1047 737 161 74 multi
1155 737 143 74 sunt
1244 737 251 74 imperfecti
1441 737 233 74 specieque
1621 737 215 74 diuersi.
1782 737 215 74 Siquidem
1943 737 143 74 ipsi
2015 737 143 74 termi¬-

458 794 104 67 ni
510 794 190 67 speciei
648 794 138 67 sunt
734 794 259 67 effectores.
942 794 104 67 At
993 794 242 67 voluptatis
1183 794 190 67 species
1322 794 173 67 quouis
1443 794 104 67 in
1494 794 190 67 tempore
1633 794 121 67 est
1702 794 225 67 perfecta.
1875 794 156 67 Patet
1978 794 173 67 igitur
2082 794 69 67 vo

453 857 222 64 luptatem
620 857 93 64 &
657 857 167 64 motum
769 857 204 64 diuersa
917 857 167 64 esse,
1028 857 93 64 &
1065 857 260 64 voluptatem
1269 857 111 64 ex
1325 857 130 64 iis
1399 857 148 64 esse
1492 857 148 64 quae
1584 857 148 64 tota
1677 857 148 64 sunt
1770 857 241 64 perfecta.
1955 857 111 64 Id
2011 857 93 64 &
2048 857 111 64 ex
2085 857 74 64 eo

447 914 134 64 ita
523 914 153 64 esse
619 914 249 64 videbitur
810 914 153 64 quia
906 914 191 64 moueri
1040 914 191 64 quidem
1174 914 115 64 in
1231 914 134 64 non
1308 914 210 64 tempore
1461 914 172 64 nihil
1575 914 210 64 potest,
1728 914 249 64 voluptate
1920 914 172 64 autem
2015 914 134 64 affi¬-

452 968 114 75 ci
509 968 209 75 potest.
661 968 152 75 Quod
756 968 152 75 enim
851 968 114 75 in
908 968 152 75 ipso
1003 968 152 75 nunc
1098 968 152 75 est,
1193 968 171 75 totum
1307 968 133 75 est
1383 968 228 75 quoddam.
1554 968 114 75 Ex
1611 968 133 75 his
1687 968 171 75 autem
1801 968 171 75 patet
1915 968 133 75 non
1991 968 152 75 bene
2067 968 95 75 di¬-

455 1010 121 82 ci
515 1010 282 82 voluptatem
737 1010 182 82 motum
858 1010 161 82 esse
959 1010 141 82 vel
1040 1010 343 82 generationem.
1322 1010 141 82 Non
1403 1010 161 82 enim
1504 1010 202 82 omnium
1645 1010 141 82 hoc
1725 1010 262 82 dicuntur,
1927 1010 141 82 sed
1988 1010 161 82 parti¬-

472 1078 165 76 bilium
587 1078 82 76 &
620 1078 115 76 non
686 1078 198 76 totorum.
834 1078 148 76 Neque
933 1078 132 76 enim
1015 1078 214 76 visionis,
1180 1078 148 76 neque
1279 1078 181 76 puncti,
1411 1078 148 76 neque
1509 1078 198 76 vnitatis
1658 1078 115 76 est
1724 1078 231 76 generatio,
1905 1078 148 76 neque
1987 1078 165 76 quicquam

472 1132 172 60 horum
587 1132 134 60 est
663 1132 172 60 motus
778 1132 134 60 vel
855 1132 268 60 generatio,
1066 1132 172 60 quare
1181 1132 172 60 neque
1295 1132 287 60 voluptatis,
1525 1132 134 60 est
1602 1132 153 60 enim
1698 1132 211 60 quoddam
1832 1132 153 60 totum.

473 1234 117 71 FEd
540 1234 183 71 quidnam
673 1234 117 71 aut
740 1234 150 71 quale
840 1234 117 71 sit
906 1234 117 71 &c.
973 1234 100 71 In
1023 1234 117 71 hoc
1090 1234 167 71 quarto
1206 1234 167 71 capite
1323 1234 133 71 post
1406 1234 283 71 philosophorum
1640 1234 250 71 opinationes
1839 1234 217 71 enarratas
1989 1234 167 71 monstrat

515 1304 144 58 aquid
611 1304 112 58 est
675 1304 192 58 voluptas
819 1304 192 58 secundum
964 1304 192 58 propriam
1108 1304 224 58 opinionem.
1284 1304 96 58 Et
1332 1304 144 58 caput
1428 1304 256 58 quadrifariam
1636 1304 224 58 seiugatur.
1813 1304 96 58 In
1861 1304 144 58 prima
1941 1304 208 58 philosophus

510 1355 194 45 ostendit
655 1355 226 45 voluptatem
833 1355 145 45 posse
930 1355 145 45 fieri
1027 1355 97 45 in
1075 1355 194 45 instanti
1221 1355 129 45 more
1302 1355 210 45 visionis.
1463 1355 97 45 In
1512 1355 178 45 secunda
1641 1355 97 45 ex
1689 1355 291 45 praecedentibus
1932 1355 210 45 concludit
2077 1355 81 45 eam

458 1382 118 63 non
525 1382 135 63 esse
610 1382 151 63 motum
710 1382 118 63 aut
778 1382 286 63 generationem.
1013 1382 101 63 In
1064 1382 168 63 tertia
1181 1382 235 63 voluptatis
1366 1382 185 63 naturam
1501 1382 219 63 declarat.
1669 1382 101 63 In
1720 1382 168 63 quarta
1837 1382 219 63 nonnullas
1989 1382 168 63 volupta¬-

459 1434 105 56 tis
519 1434 240 56 proprietates
714 1434 195 56 attingit.
864 1434 165 56 Literam
984 1434 210 56 aggredior.
1149 1434 105 56 Sed
1209 1434 180 56 quidnam,
1343 1434 120 56 quae
1418 1434 105 56 res
1478 1434 105 56 aut
1538 1434 150 56 quale,
1643 1434 90 56 id
1688 1434 105 56 est
1748 1434 135 56 cuius
1838 1434 225 56 conditionis
2018 1434 105 56 sit
2063 1434 90 56 ipsa

468 1494 196 53 voluptas
615 1494 213 53 clarebit,
779 1494 98 53 si
828 1494 196 53 sermonem
975 1494 147 53 paulo
1073 1494 164 53 altius
1188 1494 262 53 consequenter
1401 1494 98 53 ad
1450 1494 147 53 dicta
1548 1494 98 53 in
1597 1494 180 53 septimo
1728 1494 295 53 resumpserimus.
1974 1494 164 53 Deinde
2072 1494 82 53 con

455 1530 119 63 tra
523 1530 239 63 Platonicos
711 1530 154 63 talem
813 1530 273 63 conclusionem
1035 1530 171 63 ponit.
1154 1530 205 63 Voluptas
1308 1530 119 63 non
1376 1530 119 63 est
1444 1530 171 63 motus.
1564 1530 136 63 Hanc
1649 1530 273 63 conclusionem
1871 1530 256 63 multifatiam
2059 1530 85 63 mu¬-

462 1577 123 56 nit.
539 1577 139 56 Primo
631 1577 123 56 sic,
708 1577 139 56 visio
801 1577 93 56 in
847 1577 154 56 quouis
955 1577 170 56 tempore
1079 1577 108 56 est
1141 1577 201 56 perfecta,
1295 1577 154 56 vtpote
1403 1577 108 56 cui
1465 1577 139 56 nihil
1557 1577 139 56 deest
1650 1577 123 56 quod
1727 1577 154 56 fictum
1835 1577 123 56 eius
1912 1577 170 56 species
2036 1577 108 56 hoc
2082 1577 77 56 est

457 1630 164 54 ornatus
577 1630 209 54 perficiet.
741 1630 179 54 Species,
876 1630 90 54 id
920 1630 105 54 est
980 1630 149 54 decor,
1085 1630 120 54 vnde
1160 1630 209 54 speciosus.
1324 1630 90 54 Ac
1369 1630 164 54 visioni
1488 1630 164 54 similis
1608 1630 105 54 est
1668 1630 120 54 ipsa
1742 1630 194 54 voluptas.
1892 1630 105 54 Per
1952 1630 135 54 locum
2041 1630 75 54 a
2056 1630 90 54 simi

459 1670 90 59 li
504 1670 241 59 conclusionem
700 1670 150 59 fulcit
805 1670 135 59 Visio
895 1670 105 59 fit
955 1670 165 59 subito,
1076 1670 105 59 it:
1136 1670 120 59 quod
1211 1670 75 59 &
1241 1670 196 59 voluptas,
1392 1670 105 59 est
1452 1670 120 59 enim
1527 1670 165 59 quoddam
1648 1670 135 59 totum
1738 1670 226 59 integrumque
1918 1670 135 59 neque
2009 1670 120 59 vllo
2069 1670 75 59 tem

469 1716 125 53 pore
547 1716 219 53 voluptatem
719 1716 125 53 quis
797 1716 219 53 acciperet:
969 1716 141 53 cuius
1063 1716 172 53 species
1188 1716 94 53 si
1234 1716 187 53 longiore
1375 1716 172 53 tempore
1500 1716 219 53 prorogetur
1672 1716 250 53 perficiatur,
1875 1716 109 53 non
1937 1716 156 53 itaque
2031 1716 109 53 volu¬-

471 1765 132 63 ptas
553 1765 115 63 est
619 1765 165 63 motus,
734 1765 181 63 quoniam
866 1765 148 63 omnis
965 1765 148 63 motus
1064 1765 99 63 in
1113 1765 181 63 tempore
1245 1765 132 63 est.
1328 1765 181 63 Secundo
1460 1765 148 63 omnis
1559 1765 148 63 motus
1657 1765 115 63 est
1723 1765 165 63 gratia
1839 1765 198 63 alicuius
1987 1765 148 63 finis
2070 1765 82 63 vel

468 1823 170 51 termini
591 1823 108 51 quo
653 1823 185 51 absoluto
792 1823 123 51 ipse
869 1823 123 51 tunc
946 1823 77 51 &
977 1823 108 51 non
1038 1823 139 51 prius
1131 1823 201 51 perfectus
1285 1823 123 51 est:
1362 1823 93 51 vt
1409 1823 231 51 aedificatio
1594 1823 123 51 haud
1671 1823 108 51 est
1733 1823 185 51 perfecta
1871 1823 123 51 nisi
1948 1823 108 51 hoc
1995 1823 154 51 absoluto

461 1866 131 55 quod
542 1866 114 55 per
608 1866 294 55 aedificationem
853 1866 245 55 intenditur,
1049 1866 98 55 in
1098 1866 131 55 toto
1180 1866 180 55 tempore
1310 1866 114 55 aut
1376 1866 98 55 in
1425 1866 114 55 hoc
1490 1866 163 55 totali
1604 1866 163 55 supple
1719 1866 98 55 In
1768 1866 196 55 partibus
1915 1866 196 55 temporis
2046 1866 114 55 omnis

461 1905 212 59 structurae
628 1905 182 59 motiones
764 1905 121 59 sunt
840 1905 227 59 imperfectae
1022 1905 76 59 &
1052 1905 76 59 a
1082 1905 121 59 toto
1158 1905 76 59 &
1189 1905 136 59 inter
1280 1905 91 59 se
1325 1905 152 59 specie
1431 1905 197 59 diuersae:
1583 1905 136 59 situs
1674 1905 167 59 lapidum
1795 1905 182 59 diuersus
1932 1905 106 59 est
1992 1905 76 59 a
2007 1905 152 59 columnae

459 1953 223 64 erectione:
634 1953 223 64 columnarum
810 1953 80 64 &
842 1953 287 64 intercolumnium
1081 1953 80 64 &
1113 1953 223 64 laquearius
1288 1953 128 64 apex
1368 1953 80 64 a
1400 1953 191 64 columnis
1543 1953 255 64 sustentatur:
1750 1953 80 64 &
1782 1953 112 64 hae
1846 1953 191 64 partrium
1974 1953 175 64 differunt

451 2003 81 56 a
483 2003 162 56 templi
597 2003 260 56 complemento.
808 2003 162 56 Templi
922 2003 211 56 absolutio
1084 2003 195 56 perfecta
1230 2003 114 56 est
1295 2003 130 56 quia
1376 2003 146 56 nihil
1474 2003 97 56 ei
1523 2003 97 56 ad
1571 2003 211 56 susceptum
1734 2003 130 56 opus
1815 2003 195 56 deficit.
1961 2003 146 56 Basis
2059 2003 81 56 &
2075 2003 81 56 la¬-

472 2059 171 52 quearis
597 2059 203 52 structura
753 2059 109 52 est
815 2059 234 52 imperfecta,
1002 2059 156 52 lquear
1112 2059 78 52 &
1143 2059 171 52 lacunar
1267 2059 109 52 est
1330 2059 171 52 trabium
1455 2059 94 52 in
1501 2059 187 52 tabulato
1642 2059 187 52 connexio
1782 2059 234 52 artificiosa
1969 2059 125 52 quae
2047 2059 94 52 ad
2078 2059 78 52 or¬-

456 2096 197 66 namentum
604 2096 247 66 tabulatorum
801 2096 181 66 ponitur
933 2096 99 66 in
982 2096 230 66 tricliniis
1163 2096 82 66 &
1196 2096 99 66 in
1245 2096 165 66 atriis
1360 2096 230 66 principum.
1541 2096 115 66 Est
1607 2096 132 66 enim
1689 2096 181 66 vtraque
1821 2096 148 66 pars,
1920 2096 115 66 hoc
1985 2096 115 66 est
2035 2096 115 66 basis

453 2142 113 53 seu
517 2142 241 53 fundamentum
710 2142 80 53 &
743 2142 177 53 laquear
871 2142 129 53 sunt
952 2142 161 53 templi
1065 2142 177 53 partes:
1193 2142 80 53 &
1225 2142 113 53 hae
1290 2142 161 53 partes
1403 2142 161 53 specie
1515 2142 225 53 differunt:
1692 2142 80 53 &
1724 2142 145 53 fieri
1821 2142 113 53 non
1885 2142 161 53 potest
1998 2142 97 53 vt
2030 2142 129 53 quouis

453 2188 96 61 in
501 2188 176 61 tempore
629 2188 144 61 motus
726 2188 160 61 specie
838 2188 208 61 perfectus
998 2188 225 61 accipiatur
1175 2188 128 61 nisi
1255 2188 128 61 toto
1335 2188 96 61 in
1383 2188 192 61 tempore.
1528 2188 96 61 Et
1576 2188 96 61 vt
1624 2188 96 61 in
1672 2188 273 61 aedificatione
1896 2188 192 61 diximus:
2041 2188 112 61 ita
2089 2188 64 61 de

453 2233 259 63 ambulatione
660 2233 86 63 &
694 2233 207 63 caeteris
850 2233 242 63 motionibus
1039 2233 242 63 sentiendum
1229 2233 138 63 est.
1316 2233 155 63 Ratio
1419 2233 155 63 motio
1523 2233 121 63 est
1592 2233 121 63 quo
1661 2233 104 63 ex
1712 2233 121 63 hoc
1781 2233 190 63 termino
1919 2233 86 63 a
1954 2233 121 63 quo
2023 2233 104 63 ad
2057 2233 104 63 hunc

455 2281 193 63 terminum
599 2281 96 63 ad
648 2281 128 63 quem
728 2281 209 63 pergitur,
888 2281 80 63 &
921 2281 128 63 eius
1001 2281 177 63 species
1129 2281 241 63 differentes
1322 2281 128 63 sunt
1402 2281 193 63 volatio,
1547 2281 209 63 ambulatio
1707 2281 161 63 salta:
1820 2281 96 63 io
1868 2281 80 63 &
1900 2281 193 63 similia:
2029 2281 128 63 primum

445 2333 216 51 alitibus,
612 2333 200 51 secundum
761 2333 283 51 gressbilibus,
994 2333 183 51 tertium
1127 2333 200 51 locustis
1277 2333 150 51 Leoni
1377 2333 83 51 &
1410 2333 216 51 similibus
1576 2333 216 51 conuenit:
1742 2333 133 51 quia
1825 2333 166 51 animae
1942 2333 116 51 has
1992 2333 166 51 motiones

452 2380 231 63 efficientes
636 2380 154 63 specie
744 2380 216 63 differunt,
913 2380 169 63 alioqui
1037 2380 123 63 illa
1114 2380 185 63 animalia
1252 2380 108 63 non
1314 2380 216 63 differrent
1483 2380 169 63 specie.
1606 2380 108 63 Nec
1668 2380 139 63 solum
1760 2380 108 63 hoc
1822 2380 123 63 modo
1883 2380 262 63 diuersificantur

446 2428 191 55 species
584 2428 156 55 motus
688 2428 208 55 secundum
844 2428 277 55 diuersitatem
1069 2428 277 55 principiorum
1294 2428 294 55 efficientium,
1537 2428 156 55 verum
1641 2428 104 55 in
1693 2428 121 55 vna
1762 2428 260 55 praefatarum
1952 2428 191 55 specierum

459 2479 128 59 sunt
539 2479 193 59 diuersae
684 2479 177 59 species
812 2479 161 59 motus,
925 2479 96 59 vt
973 2479 96 59 in
1021 2479 257 59 ambulatione:
1230 2479 112 59 nam
1294 2479 128 59 idem
1374 2479 177 59 termini
1503 2479 112 59 non
1567 2479 128 59 sunt
1647 2479 96 59 in
1695 2479 128 59 toto
1776 2479 161 59 stadio
1888 2479 145 59 atque
1984 2479 96 59 in
2017 2479 128 59 parte:

453 2521 78 58 &
485 2521 94 58 in
532 2521 125 58 alia
610 2521 141 58 atque
704 2521 94 58 in
751 2521 125 58 alia
829 2521 156 58 parte.
938 2521 141 58 Neque
1032 2521 125 58 idem
1110 2521 109 58 est
1173 2521 188 58 transire
1314 2521 125 58 hanc
1392 2521 156 58 lineam
1501 2521 78 58 &
1532 2521 156 58 illam:
1642 2521 125 58 quia
1720 2521 109 58 non
1783 2521 141 58 solum
1877 2521 141 58 Ineam
1970 2521 156 58 meator
2080 2521 109 58 sed

454 2576 111 53 eam
518 2576 127 53 loco
597 2576 222 53 coniunctim
771 2576 238 53 pertransit:
962 2576 79 53 &
994 2576 79 53 a
1025 2576 238 53 diuersitate
1216 2576 127 53 loci
1295 2576 238 53 differentia
1486 2576 175 53 localis
1612 2576 190 53 motionis
1755 2576 222 53 accipitur.
1930 2576 127 53 Stat
2009 2576 127 53 vnam
2073 2576 79 53 par

460 2617 114 60 tem
525 2617 163 60 stadii
639 2617 163 60 habere
753 2617 163 60 aquam,
867 2617 81 60 &
899 2617 130 60 vnam
980 2617 130 60 eius
1062 2617 163 60 partem
1176 2617 163 60 aerem,
1290 2617 146 60 ignem
1387 2617 114 60 aut
1452 2617 179 60 terram.
1582 2617 179 60 Insuper
1713 2617 146 60 licet
1810 2617 130 60 sint
1892 2617 179 60 eiusdem
2006 2617 146 60 speciei

446 2665 246 57 essentialis
642 2665 98 57 in
691 2665 164 57 genere
806 2665 197 57 naturae,
953 2665 213 57 differunt
1117 2665 147 57 tamen
1215 2665 98 57 in
1265 2665 164 57 specie
1379 2665 147 57 motus
1477 2665 147 57 penes
1576 2665 213 57 perfectum
1740 2665 82 57 &
1772 2665 262 57 imperfectum.
1985 2665 164 57 Quando
2083 2665 66 57 to

456 2711 114 50 tum
521 2711 114 50 est
586 2711 262 50 pertransitum
799 2711 213 50 perfectus
962 2711 114 50 est
1028 2711 163 50 motus:
1142 2711 98 50 in
1191 2711 163 50 partis
1306 2711 294 50 pertransitione
1551 2711 114 50 est
1616 2711 262 50 imperfectus.
1829 2711 180 50 Attamen
1960 2711 98 50 de
2009 2711 131 50 motu
2074 2711 82 50 hoc

462 2757 176 63 apertum
590 2757 192 63 capiatur
734 2757 128 63 quod
814 2757 112 63 non
878 2757 96 63 in
925 2757 128 63 omni
1005 2757 176 63 tempore
1133 2757 112 63 est
1197 2757 224 63 perfectus:
1373 2757 80 63 &
1405 2757 144 63 multi
1501 2757 128 63 sunt
1581 2757 224 63 imperfecti
1756 2757 80 63 &
1788 2757 160 63 specie
1900 2757 240 63 differentes
2076 2757 80 63 vti

453 2797 195 63 diximus:
599 2797 130 63 quia
680 2797 179 63 termini
810 2797 98 63 ad
859 2797 130 63 quos
940 2797 114 63 qui
1005 2797 195 63 mouentur
1152 2797 293 63 proficiscuntur
1395 2797 163 63 specie
1509 2797 228 63 differunt,
1688 2797 114 63 qui
1753 2797 146 63 istud
1850 2797 211 63 discrimen
1997 2797 163 63 specifi¬-

459 2852 110 57 cum
522 2852 221 57 efficiunt.
696 2852 95 57 At
743 2852 221 57 voluptatis
916 2852 173 57 species
1043 2852 95 57 in
1090 2852 189 57 quolibet
1232 2852 173 57 tempore
1358 2852 252 57 quantumlibet
1563 2852 173 57 pusillo
1689 2852 189 57 perfecta
1831 2852 126 57 est.
1910 2852 126 57 vnde
1989 2852 110 57 fit
2052 2852 95 57 vt
2083 2852 79 57 vo¬-

459 2900 158 61 luptas
570 2900 79 61 &
602 2900 142 61 motus
697 2900 174 61 diuersa
823 2900 127 61 sint
902 2900 190 61 Voluptas
1045 2900 111 61 est
1108 2900 95 61 de
1156 2900 142 61 eorum
1251 2900 158 61 numero
1361 2900 127 61 quae
1441 2900 127 61 tota
1520 2900 127 61 sunt
1599 2900 142 61 atque
1694 2900 206 61 perfecta,
1852 2900 111 61 hoc
1916 2900 111 61 est
1979 2900 127 61 ipsa
2042 2900 111 61 simul

453 2946 131 63 tota
534 2946 229 63 acquiritur
714 2946 82 63 &
747 2946 196 63 perfecta
894 2946 131 63 est.
976 2946 164 63 Aliter
1091 2946 115 63 hoc
1156 2946 147 63 ipsum
1254 2946 213 63 probatur,
1418 2946 131 63 quia
1500 2946 98 63 in
1549 2946 164 63 puncto
1663 2946 164 63 moueri
1778 2946 82 63 &
1810 2946 98 63 in
1860 2946 115 63 non
1925 2946 180 63 tempore
2039 2946 115 63 nihil

461 2992 179 54 potest:
591 2992 98 54 at
640 2992 98 54 in
689 2992 114 54 non
754 2992 179 54 tempore
884 2992 130 54 quis
965 2992 212 54 voluptate
1128 2992 228 54 afficitur:
1307 2992 195 54 voluptas
1454 2992 163 54 igitur
1568 2992 81 54 &
1600 2992 147 54 motus
1698 2992 179 54 diuersa
1828 2992 147 54 sunt.
1926 2992 130 54 Quod
2007 2992 130 54 enim
2089 2992 98 54 in

461 3039 125 66 ipso
540 3039 125 66 nunc
618 3039 109 66 hoc
680 3039 109 66 est
743 3039 188 66 instanti
883 3039 125 66 est,
961 3039 141 66 totum
1055 3039 172 66 quoddam
1180 3039 125 66 est.
1258 3039 94 66 Ex
1305 3039 156 66 dictis
1415 3039 156 66 itaque
1524 3039 141 66 patet
1618 3039 109 66 qua
1680 3039 109 66 via
1743 3039 109 66 non
1805 3039 141 66 recte
1899 3039 203 66 diceremus
2040 3039 109 66 volu¬-

470 3086 170 57 ptatem
589 3086 153 57 motum
691 3086 136 57 esse
776 3086 119 57 aut
844 3086 289 57 generationem,
1082 3086 136 57 quod
1167 3086 153 57 motus
1269 3086 85 57 &
1303 3086 221 57 generatio
1474 3086 119 57 non
1542 3086 187 57 totorum
1678 3086 204 57 dicuntur
1831 3086 119 57 sed
1882 3086 272 57 perfectibilium

455 3134 83 54 &
489 3134 284 54 imperfectorum
722 3134 83 54 &
756 3134 150 54 eorum
856 3134 133 54 quae
939 3134 234 54 successiue
1123 3134 267 54 producuntur.
1340 3134 150 54 Capit
1440 3134 267 54 generationem
1657 3134 117 54 pro
1723 3134 234 54 successiua
1907 3134 200 54 materiae
2040 3134 117 54 dispo

464 3176 155 63 sitione
577 3176 85 63 ad
619 3176 212 63 aedificium.
788 3176 183 63 Visionis,
929 3176 155 63 puncti,
1042 3176 183 63 vnitatis,
1183 3176 99 63 non
1239 3176 99 63 est
1296 3176 197 63 generatio:
1451 3176 155 63 nullius
1564 3176 155 63 istorum
1677 3176 127 63 trium
1761 3176 99 63 est
1818 3176 127 63 motus
1902 3176 99 63 aut
1959 3176 183 63 generatio
2085 3176 71 63 cum

470 3229 257 62 ipartibiliter
682 3229 212 62 rducantur.
848 3229 91 62 De
893 3229 151 62 puncto
999 3229 76 62 &
1029 3229 166 62 vnitate
1150 3229 227 62 mathematice
1332 3229 181 62 loquendo
1468 3229 106 62 non
1528 3229 151 62 habent
1634 3229 166 62 partes:
1755 3229 121 62 ergo
1831 3229 106 62 non
1891 3229 166 62 possunt
1997 3229 151 62 successi

463 3277 84 53 ue
505 3277 169 53 produci.
632 3277 126 53 Sicut
716 3277 98 53 nec
772 3277 112 53 deus
842 3277 126 53 poent
927 3277 155 53 angelum
1039 3277 197 53 successiue
1194 3277 169 53 efficere
1320 3277 98 53 cum
1376 3277 155 53 partium
1489 3277 98 53 sit
1545 3277 155 53 imunis.
1657 3277 169 53 Voluptas
1784 3277 126 53 sicut
1868 3277 155 53 reliqua
1980 3277 84 53 in
2023 3277 98 53 aio
2065 3277 84 53 quia

461 3324 161 69 partes
573 3324 161 69 habet,
686 3324 161 69 sensim
798 3324 96 69 ei
847 3324 177 69 produci
975 3324 96 69 no
1023 3324 209 69 repugnat:
1184 3324 96 69 at
1232 3324 96 69 ei
1280 3324 129 69 more
1361 3324 193 69 visionis
1505 3324 177 69 produci
1634 3324 289 69 impartibiliter
1875 3324 209 69 convenit,
2019 3324 145 69 dummodo
