2355 3614
190 326 104 76 de
242 326 156 76 malis
346 326 260 76 perpetratis
553 326 260 76 memorantur,
761 326 277 76 recreationem
986 326 191 76 curarum
1125 326 260 76 extinctiuam
1333 326 225 76 indagant.
1506 326 156 76 Patet
1610 326 156 76 istud
1714 326 121 76 per
1766 326 121 76 sile¬-

196 398 149 56 Pueri
296 398 132 56 quae
378 398 132 56 apud
461 398 149 56 ipsos
560 398 99 56 in
609 398 165 56 precio
725 398 132 56 sunt
807 398 330 56 praestabilissima
1088 398 132 56 esse
1171 398 182 56 putant,
1303 398 99 56 vt
1352 398 231 56 crepundia,
1534 398 264 56 tintinabula,
1732 398 165 56 molendi¬-

194 448 102 54 na
245 448 102 54 in
296 448 188 54 ruinoso
433 448 188 54 pariete
569 448 119 54 aut
637 448 102 54 in
688 448 205 54 torrente
842 448 205 54 faciunt,
995 448 119 54 cum
1064 448 171 54 papiro
1183 448 205 54 volubili
1336 448 102 54 in
1388 448 171 54 baculi
1507 448 188 54 extremo
1643 448 171 54 contra
1746 448 136 54 ventum

188 492 234 56 cursitant,
372 492 84 56 &
405 492 184 56 caetera
539 492 150 56 leuia
639 492 134 56 quae
723 492 134 56 viri
806 492 100 56 se
856 492 150 56 digna
957 492 117 56 non
1023 492 251 56 existimant:
1224 492 167 56 igitur
1341 492 184 56 rationi
1474 492 117 56 est
1541 492 267 56 consentaneum
1758 492 100 56 vt
1792 492 100 56 quem

189 545 198 57 adinodum
337 545 83 57 &
370 545 165 57 pueris
486 545 83 57 &
519 545 149 57 viris
618 545 182 57 diuersa
749 545 215 57 praeciosa
915 545 132 57 esse
997 545 215 57 videntur:
1162 545 116 57 ita
1228 545 165 57 quoque
1344 545 149 57 malis
1443 545 83 57 &
1476 545 215 57 studiosis
1641 545 231 57 contingat.
1806 545 83 57 Sa¬-

198 590 88 53 ne
242 590 88 53 ea
287 590 177 53 preciosa
419 590 118 53 sunt
493 590 118 53 quae
566 590 191 53 studiosis
714 590 133 53 talia
802 590 191 53 videntur,
949 590 88 53 ex
993 590 177 53 superius
1126 590 133 53 saepe
1214 590 206 53 allegatis,
1376 590 74 53 &
1406 590 133 53 illis
1494 590 295 53 praestabilissima
1744 590 118 53 sunt
1803 590 74 53 qua

196 633 83 55 a
230 633 184 55 virtute
363 633 217 55 emergunt.
530 633 200 55 Cuilibet
680 633 100 55 ea
730 633 200 55 operatio
881 633 167 55 maxime
997 633 184 55 iucunda
1131 633 117 55 est
1198 633 83 55 &
1231 633 267 55 expetibilis,
1448 633 134 55 quae
1532 633 83 55 a
1565 633 184 55 proprio
1698 633 167 55 emanat
1799 633 83 55 ha¬-

189 680 141 63 bitu,
283 680 125 63 siue
361 680 94 63 is
408 680 141 63 bonus
502 680 125 63 siue
580 680 141 63 malus
674 680 172 63 fuerit.
799 680 187 63 Assuetus
939 680 156 63 ludere
1049 680 125 63 alea
1127 680 219 63 voluptatem
1298 680 94 63 in
1345 680 125 63 illa
1423 680 172 63 lusione
1548 680 156 63 capit.
1658 680 203 63 Studiosae
1798 680 94 63 ope¬-

185 727 196 58 rationes
332 727 82 58 a
364 727 228 58 virtutibus
544 727 310 58 proficiscuntur.
805 727 212 58 Felicitas
968 727 131 58 ergo
1050 727 114 58 non
1115 727 98 58 in
1164 727 180 58 lusione
1294 727 131 58 ioco
1376 727 98 58 ve
1425 727 228 58 consistit.
1605 727 147 58 Ludus
1702 727 147 58 autem
1784 727 98 58 pro¬-

195 779 131 56 prie
277 779 98 56 in
326 779 164 56 facto,
441 779 148 56 iocus
539 779 115 56 est
605 779 98 56 in
654 779 180 56 verbis.
785 779 82 56 ⁋
818 779 197 56 Vlterius
965 779 164 56 eandem
1080 779 262 56 conclusionem
1294 779 115 56 sic
1359 779 180 56 probat.
1490 779 148 56 Omnia
1589 779 131 56 alia
1671 779 82 56 a
1687 779 197 56 felicitate

196 823 168 52 gratia
314 823 201 52 alterius
465 823 235 52 expetimus,
649 823 101 52 at
699 823 117 52 non
766 823 151 52 omnia
867 823 168 52 gratia
984 823 134 52 ludi
1068 823 235 52 expetimus,
1253 823 117 52 sed
1320 823 151 52 ludum
1420 823 101 52 ob
1471 823 151 52 aliud
1571 823 235 52 statuimus:
1739 823 151 52 igitur.

187 867 210 51 Minorem
340 867 249 51 monstrat.
531 867 230 51 Absurdum
703 867 153 51 enim
799 867 172 51 esset
914 867 210 51 humanum
1067 867 172 51 finem
1181 867 172 51 iocum
1296 867 268 51 existimare
1507 867 96 51 &
1545 867 172 51 multa
1660 867 210 51 negocia
1793 867 96 51 la¬-

185 911 190 54 boriosa
323 911 121 54 per
392 911 155 54 totam
495 911 155 54 vitam
599 911 172 54 gratia
719 911 138 54 ioci
806 911 241 54 suscipere.
995 911 190 54 Studere
1133 911 86 54 &
1168 911 207 54 laborare
1323 911 172 54 gratia
1444 911 138 54 ioci
1530 911 190 54 stultum
1668 911 121 54 est
1737 911 86 54 &
1754 911 138 54 nimium

192 963 198 59 puerile.
340 963 148 59 Recte
438 963 230 59 Anacharsis
620 963 99 59 in
669 963 115 59 hoc
735 963 165 59 dicit,
850 963 198 59 iocandum
998 963 115 59 est
1064 963 99 59 vt
1113 963 198 59 studeas.
1261 963 132 59 hinc
1344 963 165 59 ludunt
1459 963 247 59 scholastici
1657 963 99 59 vt
1689 963 198 59 feruentius

185 1019 170 54 postea
304 1019 187 54 literis
440 1019 238 54 incumbant.
627 1019 153 54 locus
729 1019 187 54 requiei
865 1019 187 54 similis
1001 1019 136 54 est,
1085 1019 119 54 cum
1153 1019 187 54 homines
1289 1019 102 54 ob
1340 1019 306 54 imbecillitatem
1595 1019 204 54 continuo
1731 1019 153 54 labora¬-

180 1057 99 60 re
229 1057 197 60 nequeunt
377 1057 164 60 requie
492 1057 197 60 indigent
640 1057 82 60 &
673 1057 181 60 curarum
805 1057 296 60 intermissione.
1051 1057 181 60 Requies
1183 1057 148 60 tamen
1281 1057 181 60 laborum
1413 1057 214 60 humanorum
1578 1057 148 60 finis
1676 1057 115 60 non
1742 1057 132 60 est,
1808 1057 82 60 fit

179 1106 130 56 enim
260 1106 243 56 operationis
454 1106 178 56 gratia.
584 1106 211 56 Praeterea
746 1106 146 56 finis
843 1106 178 56 vltimus
973 1106 113 56 est
1038 1106 292 56 optabilissimus
1281 1106 178 56 pariter
1411 1106 81 56 &
1443 1106 195 56 optimus,
1589 1106 81 56 &
1622 1106 130 56 eius
1703 1106 130 56 vita
1768 1106 113 56 opti¬-

191 1148 117 65 ma,
258 1148 133 65 haec
341 1148 150 65 autem
441 1148 117 65 est
508 1148 100 65 in
558 1148 200 65 virtutum
708 1148 200 65 operibus
858 1148 117 65 cum
925 1148 167 65 studio
1041 1148 83 65 &
1074 1148 183 65 seriis.
1208 1148 183 65 proinde
1341 1148 100 65 in
1391 1148 133 65 ioco
1474 1148 117 65 non
1541 1148 233 65 consistit.
1724 1148 133 65 Quae
1791 1148 100 65 sunt

179 1198 196 52 studiosa
325 1198 82 52 &
358 1198 163 52 seria,
472 1198 212 52 ridiculis
635 1198 82 52 &
668 1198 114 52 iis
733 1198 130 52 quae
815 1198 130 52 ioco
896 1198 130 52 sunt
978 1198 163 52 semper
1092 1198 310 52 praestabiliora.
1353 1198 82 52 ⁋
1385 1198 212 52 Finaliter
1549 1198 98 52 ad
1597 1198 130 52 hanc
1663 1198 228 52 conclusionem

180 1248 312 56 argumentatur.
437 1248 184 56 Semper
565 1248 220 56 melioris
731 1248 184 56 partis
859 1248 92 56 &
896 1248 202 56 hominis
1043 1248 276 56 operationem
1263 1248 165 56 magis
1374 1248 239 56 studiosam
1557 1248 276 56 appellamus,
1759 1248 129 56 prae¬-

191 1292 253 51 stabilioris
394 1292 135 51 enim
478 1292 169 51 partis
596 1292 202 51 operatio
748 1292 202 51 nobilior
900 1292 118 51 est
967 1292 84 51 &
1001 1292 101 51 ad
1052 1292 253 51 felicitatem
1254 1292 135 51 plus
1338 1292 186 51 mouenti
1473 1292 169 51 habet.
1591 1292 84 51 ⁋
1625 1292 135 51 Alia
1693 1292 202 51 conclusio.

190 1339 209 51 Felicitans
354 1339 104 51 non
414 1339 194 51 consistit
562 1339 89 51 in
607 1339 238 51 voluptatibus
801 1339 253 51 corperalibus.
1009 1339 194 51 Probatur,
1158 1339 119 51 quia
1233 1339 89 51 in
1277 1339 104 51 his
1337 1339 119 51 quae
1411 1339 104 51 non
1471 1339 134 51 minus
1560 1339 164 51 belluis
1679 1339 119 51 quam
1739 1339 134 51 hominib

181 1378 149 71 insunt
285 1378 104 71 non
345 1378 193 71 consistit
494 1378 208 71 felicitas,
657 1378 89 71 at
702 1378 208 71 voluptates
865 1378 208 71 corperales
1029 1378 119 71 sunt
1104 1378 149 71 hmodi:
1208 1378 164 71 igitur.
1327 1378 134 71 Minor
1416 1378 134 71 patet
1505 1378 119 71 quia
1580 1378 134 71 quis,
1669 1378 134 71 etiam
1758 1378 104 71 qui
1803 1378 89 71 vile

183 1435 201 59 mancipium
337 1435 108 59 est
399 1435 186 59 corperis
539 1435 248 59 voluptatibus
740 1435 108 59 non
802 1435 139 59 minus
895 1435 124 59 quam
972 1435 170 59 optimus
1096 1435 124 59 frui
1174 1435 139 59 poet.
1267 1435 155 59 Agnus,
1375 1435 186 59 vitulus,
1514 1435 201 59 catellus,
1654 1435 232 59 oblectamentum

184 1482 119 53 ludo
258 1482 178 53 capiunt,
392 1482 133 53 alias
481 1482 104 53 non
540 1482 193 53 luderent.
688 1482 89 53 at
732 1482 222 53 felicitatem
910 1482 104 53 dat
969 1482 178 53 mancipio
1103 1482 148 53 nullus
1206 1482 119 53 nisi
1281 1482 74 53 &
1310 1482 133 53 vitam
1399 1482 104 53 det
1458 1482 119 53 illi
1532 1482 207 53 studiosam,
1695 1482 119 53 quam
1769 1482 89 53 ei
1799 1482 89 53 dare

177 1528 204 53 nequimus.
334 1528 125 53 Post
412 1528 110 53 has
475 1528 251 53 conclusiones
678 1528 204 53 negatiuas
835 1528 125 53 vnam
913 1528 251 53 affirmatiuam
1117 1528 172 53 tanquam
1242 1528 235 53 corollariam
1430 1528 172 53 infert,
1555 1528 204 53 inquiens.
1712 1528 125 53 Quia
1774 1528 110 53 feli¬-

186 1575 127 52 citas
271 1575 85 52 in
313 1575 99 52 iam
370 1575 198 52 repudiatis
525 1575 99 52 non
582 1575 198 52 consistit,
737 1575 85 52 in
780 1575 240 52 operationibus
977 1575 170 52 virtutis
1105 1575 198 52 consistit.
1260 1575 85 52 Et
1302 1575 141 52 patet.
1401 1575 184 52 Felicitas
1543 1575 184 52 consistit
1684 1575 85 52 in
1712 1575 170 52 operatione

192 1623 133 53 secudm
285 1623 80 53 se
324 1623 186 53 expetibili
470 1623 93 53 vel
523 1623 80 53 in
563 1623 225 53 operationibus
748 1623 159 53 talibus,
868 1623 80 53 at
907 1623 119 53 omnis
987 1623 133 53 talis,
1080 1623 93 53 aut
1133 1623 93 53 est
1186 1623 159 53 operatio
1305 1623 80 53 in
1345 1623 119 53 ludo,
1424 1623 93 53 aut
1477 1623 80 53 in
1517 1623 159 53 virtutis
1636 1623 186 53 operatione
1769 1623 119 53 scilie¬-

183 1667 90 63 non
235 1667 167 63 consistit
363 1667 77 63 in
402 1667 180 63 operatione
543 1667 103 63 ludi
607 1667 77 63 vt
646 1667 128 63 fusius
736 1667 154 63 probatum
851 1667 103 63 est,
916 1667 141 63 proinde
1018 1667 90 63 est
1070 1667 77 63 in
1108 1667 180 63 operatione
1250 1667 141 63 secundm
1352 1667 167 63 virtutem.
1481 1667 90 63 Vnm
1532 1667 90 63 fit
1584 1667 103 63 quod
1648 1667 141 63 aliquid
1751 1667 90 63 est
1789 1667 103 63 proptu

183 1711 85 58 se
225 1711 127 58 solum
310 1711 198 58 eligibile,
466 1711 85 58 vt
509 1711 198 58 felicitas,
664 1711 156 58 aliquid
778 1711 156 58 propter
891 1711 85 58 se
933 1711 71 58 &
962 1711 142 58 aliud,
1061 1711 85 58 vt
1103 1711 142 58 ludus,
1202 1711 170 58 nonnihil
1330 1711 85 58 ob
1372 1711 127 58 aliud
1457 1711 156 58 tantum,
1570 1711 85 58 vt
1613 1711 127 58 potio
1698 1711 127 58 amara
1783 1711 85 58 ob
1811 1711 71 58 cor

190 1759 131 63 poris
278 1759 218 63 valitudinem
452 1759 233 63 procreandam.
641 1759 73 63 ⁋
671 1759 189 63 Dubitatur
816 1759 102 63 hic
874 1759 145 63 primo,
976 1759 131 63 quare
1063 1759 145 63 dicat.
1165 1759 160 63 Ludorum
1282 1759 87 63 ii
1325 1759 102 63 qui
1383 1759 116 63 sunt
1456 1759 175 63 iucundi,
1587 1759 102 63 cum
1645 1759 131 63 omnes
1733 1759 116 63 ludi
1791 1759 87 63 esse

179 1821 157 53 iucundi
293 1821 200 53 videantur.
450 1821 114 53 Sedo
521 1821 143 53 quaere
621 1821 143 53 dicat,
721 1821 114 53 fere
792 1821 143 53 cuncta
892 1821 157 53 praeter
1006 1821 214 53 felicitatem
1177 1821 171 53 alterius
1305 1821 100 53 gra
1363 1821 200 53 expetimus.
1519 1821 143 53 Tertio
1619 1821 185 53 obiicitur
1748 1821 128 53 dictis,

193 1857 117 61 quia
266 1857 146 61 aliqui
368 1857 102 61 non
427 1857 146 61 ludunt
529 1857 87 61 vt
573 1857 190 61 operentur
718 1857 160 61 postea,
835 1857 102 61 nam
893 1857 131 61 ferme
981 1857 175 61 continuo
1112 1857 160 61 ludunt,
1229 1857 87 61 vt
1273 1857 160 61 nobiles
1389 1857 117 61 nunc
1462 1857 160 61 venando
1579 1857 160 61 canibus
1695 1857 160 61 lepores
1812 1857 102 61 aut

181 1912 170 55 ceruos,
304 1912 123 55 nunc
381 1912 185 55 alitibus
520 1912 200 55 rapacibus
674 1912 247 55 mansuetiores
875 1912 200 55 capiendo,
1029 1912 123 55 nunc
1106 1912 200 55 spherulis
1260 1912 77 55 &
1291 1912 154 55 pilase
1399 1912 216 55 exercendo.
1569 1912 154 55 Quarto
1677 1912 170 55 videtur
1784 1912 93 55 dor¬-

192 1959 122 55 miens
274 1959 135 55 felix,
368 1959 68 55 &
395 1959 122 55 etiam
477 1959 149 55 captus,
585 1959 108 55 quia
652 1959 135 55 quando
747 1959 95 55 qui
801 1959 122 55 felix
882 1959 95 55 est
937 1959 135 55 dormit
1031 1959 95 55 non
1085 1959 149 55 desinit
1194 1959 108 55 esse
1261 1959 135 55 felix.
1356 1959 95 55 Nec
1410 1959 81 55 ob
1451 1959 203 55 calamitatem
1613 1959 244 55 superuenientem
1802 1959 68 55 qua

191 1993 98 57 non
247 1993 98 57 est
303 1993 84 57 in
345 1993 112 57 eius
414 1993 182 57 facultate
554 1993 112 57 sita
624 1993 154 57 desinit
736 1993 126 57 felix
820 1993 126 57 esse.
903 1993 70 57 ⁋
931 1993 84 57 Ad
973 1993 140 57 primum
1071 1993 154 57 dicitur
1183 1993 112 57 quod
1252 1993 140 57 aliqui
1350 1993 112 57 sunt
1420 1993 112 57 ludi
1490 1993 196 57 iniucundi,
1644 1993 140 57 quando
1727 1993 140 57 plurimum

187 2050 253 48 sollicitudinis
398 2050 70 48 &
426 2050 155 48 ingenii
539 2050 84 48 ad
581 2050 127 48 eorum
665 2050 239 48 applicationem
863 2050 197 48 requiritur
1017 2050 84 48 vt
1060 2050 84 48 in
1102 2050 113 48 ludo
1172 2050 113 48 illo
1243 2050 113 48 quae
1313 2050 141 48 regem,
1412 2050 169 48 reginam,
1538 2050 155 48 auratum
1651 2050 155 48 equitem
1763 2050 70 48 &
1777 2050 99 48 hmoni

191 2094 205 56 artificiose
355 2094 191 56 collocant,
506 2094 68 56 &
533 2094 82 56 de
574 2094 109 56 suis
642 2094 150 56 sitibus
752 2094 191 56 extrahunt,
902 2094 109 56 alii
970 2094 109 56 sunt
1039 2094 109 56 ludi
1107 2094 82 56 in
1148 2094 137 56 quibus
1244 2094 123 56 parum
1326 2094 150 56 ingenii
1435 2094 191 56 requiritur
1585 2094 82 56 vt
1626 2094 82 56 in
1667 2094 219 56 peruerilibus
1831 2094 55 56 lu

182 2140 110 67 dis,
251 2140 82 67 in
292 2140 192 67 rusticorum
443 2140 178 67 tripudiis
580 2140 69 67 &
607 2140 123 67 aliis
690 2140 165 67 lusibus.
813 2140 69 67 ⁋
841 2140 82 67 Ad
882 2140 151 67 secundm
991 2140 192 67 rsmondetur
1142 2140 110 67 quod
1211 2140 123 67 dixit
1293 2140 82 67 in
1334 2140 219 67 praecedentis
1513 2140 151 67 capitis
1622 2140 123 67 fine,
1705 2140 110 67 siue
1773 2140 96 67 vna
1814 2140 69 67 sit

194 2192 165 51 operatio
318 2192 82 51 in
359 2192 96 51 qua
414 2192 96 51 est
469 2192 179 51 felicitas
607 2192 110 51 siue
675 2192 151 51 plures,
785 2192 110 51 tunc
854 2192 96 51 non
909 2192 124 51 omnes
991 2192 206 51 operationes
1156 2192 124 51 fiunt
1239 2192 82 51 ob
1280 2192 220 51 felicitatem.
1459 2192 110 51 Item
1527 2192 124 51 bonus
1610 2192 151 51 actuair
1720 2192 96 51 aut
1761 2192 110 51 virtua

183 2234 120 53 liter
263 2234 120 53 ferme
343 2234 120 53 omnia
423 2234 80 53 in
463 2234 120 53 finem
544 2234 147 53 vltimum
651 2234 147 53 refert.
757 2234 67 53 ⁋
784 2234 80 53 Ad
824 2234 147 53 tertium
931 2234 147 53 dicitur
1038 2234 107 53 quod
1105 2234 174 53 stultorum
1239 2234 174 53 infinitus
1372 2234 94 53 est
1426 2234 160 53 numerus,
1546 2234 147 53 homines
1653 2234 120 53 autem
1733 2234 134 53 banmen
1814 2234 53 53 in

180 2279 160 52 stituti
297 2279 73 52 &
326 2279 102 52 qui
384 2279 131 52 alios
471 2279 160 52 minores
588 2279 87 52 in
631 2279 116 52 ludo
704 2279 145 52 lrario
806 2279 189 52 erudiunt,
951 2279 160 52 ludunt,
1068 2279 87 52 vt
1112 2279 116 52 lris
1184 2279 175 52 alacrius
1315 2279 145 52 postea
1417 2279 160 52 vacent.
1533 2279 116 52 Homn
1606 2279 116 52 enim
1679 2279 131 52 natus
1766 2279 102 52 est
1810 2279 58 52 ad

188 2330 164 50 laborem
307 2330 134 50 sicut
396 2330 119 50 auis
471 2330 89 50 ad
515 2330 193 50 volandum.
664 2330 89 50 Et
709 2330 164 50 militia
828 2330 104 50 est
887 2330 119 50 vita
962 2330 164 50 hominis
1081 2330 179 50 (authore
1215 2330 119 50 lob)
1289 2330 238 50 superterram.
1482 2330 89 50 Et
1527 2330 134 50 adamo
1616 2330 223 50 protoplasto
1780 2330 89 50 post

181 2377 152 62 lapsum
287 2377 152 62 dictum
394 2377 122 62 est.
470 2377 91 62 In
515 2377 152 62 sudore
622 2377 152 62 vultus
728 2377 106 62 tui
789 2377 122 62 pane
865 2377 106 62 tuo
926 2377 198 62 vesceris,
1078 2377 137 62 licet
1169 2377 152 62 aliqui
1276 2377 122 62 plus
1352 2377 152 62 aliqui
1458 2377 122 62 vero
1534 2377 137 62 minus
1626 2377 198 62 laborent.
1763 2377 106 62 Probi

179 2425 147 60 ludunt
282 2425 88 60 vt
326 2425 147 60 postea
429 2425 147 60 seriis
532 2425 191 60 commodius
679 2425 220 60 occupentur,
855 2425 176 60 inutiles
987 2425 147 60 ludunt
1090 2425 88 60 vt
1134 2425 132 60 tmpus
1222 2425 206 60 transigant
1384 2425 117 60 more
1457 2425 176 60 mancipii
1589 2425 162 60 ignani.
1707 2425 73 60 ⁋
1736 2425 88 60 Ad
1766 2425 117 60 quaer¬-

185 2475 95 49 tum
240 2475 149 49 dicitur
348 2475 108 49 quod
416 2475 203 49 Aristoteles
579 2475 95 49 non
633 2475 108 49 vult
701 2475 176 49 inficiari
836 2475 190 49 dormientem
985 2475 108 49 esse
1053 2475 163 49 felicem,
1175 2475 95 49 sed
1229 2475 108 49 vult
1297 2475 136 49 dicere
1392 2475 108 49 quod
1460 2475 149 49 felicis
1568 2475 108 49 opus
1636 2475 95 49 non
1690 2475 176 49 exercetur
1826 2475 81 49 in

185 2519 158 57 somno,
296 2519 111 57 sed
359 2519 95 57 in
407 2519 190 57 vigilia.
549 2519 95 57 Si
597 2519 127 57 enim
676 2519 143 57 esset
771 2519 174 57 habitus
898 2519 174 57 alicui,
1025 2519 174 57 inesset
1151 2519 95 57 ei
1199 2519 143 57 etiam
1294 2519 95 57 si
1341 2519 127 57 tota
1421 2519 127 57 vita
1500 2519 190 57 dormiret
1642 2519 95 57 vt
1690 2519 190 57 Endymion
1817 2519 63 57 de

179 2571 98 59 quo
235 2571 140 59 postea
333 2571 168 59 fabimur.
459 2571 154 59 Quartum
571 2571 84 59 ad
613 2571 210 59 calamitates
780 2571 252 59 superuenientes
990 2571 98 59 non
1046 2571 196 59 deperditur
1200 2571 182 59 felicitas
1340 2571 154 59 hominis
1452 2571 84 59 si
1493 2571 126 59 mente
1577 2571 98 59 non
1633 2571 210 59 deiiciatur,
1787 2571 84 59 lsei

184 2614 103 54 fit
243 2614 177 54 felicior
376 2614 118 54 apud
450 2614 133 54 deum,
539 2614 89 54 Et
583 2614 207 54 sapientis,
745 2614 89 54 in
790 2614 133 54 solis
878 2614 133 54 bonis
967 2614 118 54 aiae
1041 2614 103 54 est
1100 2614 207 54 felicitas,
1262 2614 74 54 &
1291 2614 162 54 miseria
1410 2614 89 54 in
1454 2614 148 54 vitiis
1557 2614 207 54 oppositis.
1720 2614 103 54 Nec
1779 2614 89 54 in
1808 2614 74 54 bo¬-

176 2653 100 59 nis
233 2653 172 59 corporis
362 2653 72 59 &
391 2653 172 59 fortunae
520 2653 115 59 nisi
592 2653 201 59 secdnatio,
750 2653 115 59 illa
822 2653 115 59 enim
893 2653 115 59 sunt
965 2653 201 59 istrumenta
1123 2653 129 59 bonae
1209 2653 230 59 operationis,
1396 2653 144 59 quando
1496 2653 215 59 diffortunia
1669 2653 72 59 &
1697 2653 172 59 carentia
1812 2653 72 59 ne¬-

189 2712 216 58 cessariorum
362 2712 130 58 virum
448 2712 86 58 ab
491 2712 159 58 actibus
606 2712 115 58 aiae
679 2712 202 58 impediunt.
837 2712 115 58 tunc
909 2712 231 58 foelicitatem
1096 2712 216 58 concutiunt.
1269 2712 101 58 Per
1327 2712 216 58 calamitates
1500 2712 173 58 vitiorum
1630 2712 144 58 sordes
1716 2712 173 58 intelligi¬-

191 2757 99 51 to.
248 2757 185 51 Felicitas
390 2757 85 51 ab
432 2757 199 51 extrinseco
589 2757 99 51 non
646 2757 242 51 periclitatur.
845 2757 128 51 Dicit
930 2757 128 51 phius
1015 2757 85 51 in
1058 2757 142 51 litra.
1157 2757 185 51 Felicitas
1299 2757 114 51 enim
1370 2757 156 51 nullius
1484 2757 156 51 indiget
1598 2757 114 51 rei,
1669 2757 99 51 sed
1726 2757 99 51 est
1783 2757 85 51 ex
1811 2757 71 51 se¬-

178 2802 92 76 se
224 2802 229 76 sufficiens,
407 2802 107 76 hoc
468 2802 107 76 est
529 2802 92 76 in
575 2802 107 76 sua
636 2802 198 76 facultate
788 2802 137 76 bonas
880 2802 229 76 operationes
1063 2802 183 76 virtutum
1200 2802 153 76 habet,
1307 2802 76 76 &
1338 2802 137 76 ipsis
1429 2802 214 76 virtutibus
1597 2802 168 76 emicat,
1719 2802 107 76 nec
1765 2802 122 76 aliun¬-

177 2844 98 67 de
226 2844 98 67 ab
274 2844 130 67 vllo
356 2844 212 67 mortalium
519 2844 163 67 potest
633 2844 81 67 a
665 2844 228 67 felicitate
828 2844 163 67 diuelli.

393 2890 345 75 Tractatus.
664 2890 172 75 II.
763 2890 197 75 Cap.
886 2890 148 75 I.
959 2890 197 75 Quod
1083 2890 172 75 est
1181 2890 197 75 Lib.
1304 2890 148 75 X.
1378 2890 197 75 Cap.
1476 2890 148 75 VII.

515 2932 128 87 Vod
588 2932 109 87 si
642 2932 255 87 foelicitas
843 2932 219 87 operatio
1007 2932 128 87 est
1080 2932 128 87 per
1152 2932 237 87 virtutem,
1335 2932 292 87 consentaneum
1571 2932 128 87 est
1644 2932 200 87 rationi
1772 2932 91 87 per

507 3012 122 69 eam
576 3012 139 69 esse
663 3012 139 69 quae
751 3012 122 69 est
820 3012 366 69 praestabilissima.
1134 3012 139 69 Haec
1221 3012 157 69 autem
1326 3012 139 69 eius
1413 3012 192 69 fuerit,
1552 3012 139 69 quod
1639 3012 122 69 est
1692 3012 174 69 optimum.

494 3070 151 58 siue
589 3070 189 58 igitur
721 3070 151 58 mens
815 3070 132 58 sit
891 3070 151 58 hoc,
985 3070 151 58 siue
1079 3070 208 58 aliquid
1230 3070 189 58 aliud,
1362 3070 151 58 quod
1457 3070 189 58 quidem
1589 3070 189 58 natura
1702 3070 170 58 domina¬-

491 3118 111 68 ri
547 3118 223 68 videtur,
714 3118 111 68 ac
770 3118 241 68 imperare,
955 3118 93 68 &
993 3118 353 68 animaduersionem
1290 3118 186 68 habere
1420 3118 111 68 de
1475 3118 241 68 honestis,
1642 3118 223 68 diuinisque

490 3177 184 62 rebus,
619 3177 129 62 aut
692 3177 148 62 quia
785 3177 203 62 diuinum
932 3177 92 62 &
969 3177 166 62 ipsum
1080 3177 148 62 est,
1172 3177 129 62 aut
1246 3177 148 62 quod
1338 3177 166 62 eorum
1449 3177 148 62 quae
1541 3177 148 62 sunt
1633 3177 111 62 in
1689 3177 166 62 nobis
1781 3177 92 62 est

503 3231 312 77 diuinissimum,
760 3231 165 77 huius
870 3231 220 77 operatio
1035 3231 129 77 per
1109 3231 220 77 virtutem
1274 3231 239 77 propriam,
1458 3231 147 77 ipsa
1549 3231 257 77 foelicitas
1733 3231 147 77 fuerit

165 3288 304 85 beatitudoque
412 3288 247 85 perfecta.
602 3288 190 85 Dictum
735 3288 133 85 est
811 3288 171 85 autem
925 3288 171 85 ipsam
1040 3288 152 85 esse
1135 3288 361 85 contemplatiuam.
1439 3288 171 85 Atque
1553 3288 304 85 consentaneum
1781 3288 95 85 hoc
