2276 3605
449 308 124 83 est
520 308 159 83 antea
626 308 177 83 dictis
750 308 89 83 &
786 308 213 83 veritati
945 308 230 83 videbitur
1122 308 159 83 esse,
1228 308 142 83 haec
1317 308 142 83 enim
1406 308 213 83 operatio
1565 308 354 83 praestabilissima
1866 308 142 83 est,
1954 308 195 83 quippen
2078 308 89 83 cum

446 380 95 67 &
484 380 151 67 mens
579 380 132 67 sit
654 380 170 67 eorum
768 380 151 67 quae
862 380 114 67 in
919 380 170 67 nobis
1033 380 189 67 insunt
1165 380 416 67 praestabilissimum,
1525 380 95 67 &
1562 380 114 67 ea
1619 380 170 67 circa
1733 380 151 67 quae
1827 380 151 67 mens
1922 380 227 67 versatur
2073 380 95 67 co¬-

437 431 309 86 gnoscibilium
688 431 386 86 praestabilissima
1016 431 174 86 sint.
1132 431 135 86 Est
1209 431 251 86 praeterea
1403 431 232 86 continua
1576 431 213 86 maxime.
1731 431 135 86 Nam
1808 431 290 86 contemplari
2021 431 135 86 magis

437 491 244 74 continue,
625 491 150 74 quam
719 491 169 74 agere
831 491 206 74 quoduis
982 491 244 74 possumus.
1169 491 263 74 Arbitramur
1376 491 244 74 praeterea
1563 491 282 74 foelicitati
1789 491 263 74 voluptatem
1976 491 188 74 admixtam

444 550 152 74 esse
539 550 248 74 oportere.
730 550 305 74 lucundissima
977 550 171 74 autem
1091 550 286 74 operationum
1320 550 248 74 virtutum,
1510 550 133 74 est
1587 550 114 74 ea
1644 550 152 74 haud
1739 550 171 74 dubie
1853 550 152 74 quae
1949 550 133 74 per
2006 550 152 74 sapien

455 599 148 75 tiam
548 599 204 75 prodit.
696 599 185 75 ltaque
826 599 278 75 philosophia
1049 599 241 75 mirabiles
1234 599 130 75 tum
1308 599 241 75 puritate,
1494 599 130 75 tum
1568 599 260 75 firmitate,
1772 599 260 75 voluptates
1976 599 185 75 habere
2087 599 74 75 vi

446 657 186 74 detur.
577 657 168 74 Atque
689 657 298 74 consentaneum
931 657 130 74 est
1005 657 224 74 rationi,
1173 657 261 74 scientibus
1378 657 149 74 quam
1471 657 298 74 quaerentibus
1714 657 317 74 oblectamentum
1975 657 168 74 ipsum
2068 657 93 74 iu¬-

441 722 210 67 cundius
594 722 172 67 esse.
708 722 153 67 Ipsa
803 722 191 67 quoque
937 722 305 67 sufficientia
1185 722 191 67 maxime
1319 722 191 67 fuerit
1452 722 382 67 incontemplatiua.
1776 722 134 67 Nam
1853 722 95 67 &
1891 722 210 67 sapiens
2044 722 95 67 &
2063 722 95 67 iu¬-

444 774 139 65 stus
531 774 87 65 &
565 774 209 65 caeteris
722 774 157 65 rebus
826 774 122 65 iis
896 774 209 65 indigent
1052 774 139 65 quae
1139 774 261 65 necessariae
1348 774 139 65 sunt
1435 774 104 65 ad
1487 774 174 65 vitam,
1609 774 122 65 sed
1678 774 104 65 si
1731 774 157 65 satis
1835 774 122 65 his
1905 774 157 65 talia
1991 774 157 65 adsunt:

452 835 196 67 iustus
590 835 196 67 quidem
727 835 176 67 eorum
844 835 216 67 indiget
1001 835 118 67 ad
1060 835 157 67 quos
1158 835 98 67 &
1197 835 137 67 cum
1275 835 196 67 quibus
1412 835 196 67 egerit
1550 835 196 67 iuste:
1687 835 98 67 &
1726 835 255 67 temperans
1922 835 157 67 item
2020 835 118 67 ac
2059 835 98 67 for

446 878 145 83 tis,
537 878 91 83 &
573 878 200 83 singuli
718 878 273 83 caeterorum.
936 878 109 83 At
991 878 200 83 sapiens
1136 878 109 83 si
1191 878 164 83 solus
1300 878 164 83 etiam
1409 878 127 83 sit
1482 878 273 83 contemplari
1700 878 200 83 potest,
1845 878 91 83 &
1881 878 127 83 quo
1936 878 218 83 sapientior

439 933 129 75 est
512 933 110 75 eo
567 933 166 75 magis
678 933 202 75 potest,
825 933 184 75 melius
954 933 166 75 autem
1064 933 221 75 fortasse
1229 933 110 75 si
1285 933 184 75 habeat
1413 933 239 75 adiutores
1597 933 202 75 attamen
1744 933 386 75 sufficientissimus
2057 933 92 75 est

447 997 162 78 ipse.
555 997 235 78 Praeterea
736 997 198 78 propter
880 997 198 78 seipsam
1024 997 162 78 amari
1133 997 144 78 sola
1223 997 217 78 videtur.
1385 997 162 78 Nihil
1493 997 144 78 enim
1584 997 108 78 ab
1638 997 144 78 ipsa
1728 997 126 78 fit
1800 997 198 78 praeter
1944 997 144 78 hoc,
2017 997 144 78 contem

452 1045 192 82 platum
586 1045 192 82 inquam
721 1045 173 82 esse,
836 1045 115 82 at
894 1045 134 82 cum
970 1045 192 82 agimus
1105 1045 211 82 praeter
1258 1045 173 82 ipsam
1374 1045 250 82 actionem,
1566 1045 134 82 aut
1642 1045 154 82 plus
1739 1045 211 82 aliquid
1892 1045 134 82 aut
1969 1045 173 82 minus
2065 1045 96 82 as¬-

452 1105 236 73 sequimur.
633 1105 200 73 Videtur
779 1105 163 73 etiam
888 1105 109 73 in
942 1105 145 73 ocio
1033 1105 254 73 foelicitas
1233 1105 145 73 ipsa
1324 1105 272 73 consistere.
1542 1105 200 73 Negocia
1687 1105 182 73 nanque
1814 1105 254 73 suscipimus
2014 1105 109 73 vt
2050 1105 109 73 oci¬-

455 1169 127 66 um
518 1169 276 66 habeamus,
730 1169 106 66 &
773 1169 212 66 bellum
921 1169 254 66 gerimus,
1112 1169 127 66 vt
1176 1169 127 66 in
1239 1169 170 66 pace
1345 1169 254 66 degamus?
1536 1169 318 66 Operationes
1791 1169 212 66 igitur
1918 1169 233 66 actiuarum

453 1213 237 83 virtutum,
635 1213 237 83 ciuilibus
817 1213 127 83 aut
890 1213 218 83 bellicis
1054 1213 109 83 in
1108 1213 164 83 rebus
1217 1213 255 83 versantur,
1418 1213 218 83 actiones
1582 1213 164 83 autem
1691 1213 146 83 quae
1782 1213 109 83 in
1836 1213 127 83 his
1909 1213 237 83 versantur
2073 1213 73 83 ne

457 1282 200 78 gociosa
602 1282 145 78 esse
693 1282 236 78 videntur,
874 1282 163 78 atque
983 1282 218 78 bellicae
1147 1282 182 78 quidem
1274 1282 91 78 &
1310 1282 200 78 omnino.
1455 1282 145 78 Nemo
1546 1282 182 78 nanque
1673 1282 182 78 bellum
1800 1282 200 78 expetit
1945 1282 200 78 gerere,
2072 1282 73 78 ge

457 1343 165 69 rendi
567 1343 183 69 gratia
695 1343 183 69 belli,
823 1343 165 69 neque
933 1343 183 69 bellum
1062 1343 110 69 ob
1117 1343 183 69 bellum
1245 1343 183 69 parat.
1373 1343 238 69 Videbitur
1556 1343 147 69 enim
1648 1343 220 69 crudelis
1813 1343 183 69 quidem
1941 1343 165 69 atque
2033 1343 110 69 san¬-

455 1382 262 91 guinolentus
664 1382 192 91 penitus
804 1382 157 91 esse,
908 1382 105 91 si
961 1382 174 91 faciet
1083 1382 174 91 amicos
1205 1382 174 91 hostes
1327 1382 105 91 vt
1379 1382 174 91 pugnae
1501 1382 227 91 caedesque
1676 1382 174 91 fiant.
1798 1382 105 91 At
1850 1382 87 91 &
1885 1382 174 91 ipsius
1990 1382 157 91 ciuilis

449 1440 242 73 negociosa
636 1440 149 73 est,
729 1440 93 73 &
766 1440 205 73 praeter
915 1440 168 73 ipsam
1026 1440 372 73 administrationem
1343 1440 261 73 potestates
1547 1440 279 73 comparantis
1771 1440 168 73 atque
1882 1440 223 73 honores,
2050 1440 130 73 aut

445 1508 292 70 foelicitatem
682 1508 146 70 sibi
774 1508 146 70 ipsi
865 1508 91 70 &
902 1508 219 70 ciuibus,
1066 1508 146 70 quae
1157 1508 183 70 quidem
1285 1508 201 70 diuersa
1431 1508 128 70 est
1504 1508 91 70 a
1541 1508 183 70 ciuili
1669 1508 91 70 &
1705 1508 146 70 quam
1797 1508 238 70 quaerimus
1980 1508 110 70 vt
2016 1508 128 70 diuer

454 1558 138 80 sam.
540 1558 104 80 Si
592 1558 173 80 igitur
713 1558 190 80 ciuiles
851 1558 173 80 quidem
972 1558 86 80 &
1006 1558 207 80 bellicae
1162 1558 224 80 actiones,
1334 1558 207 80 caeteris
1490 1558 207 80 actibus,
1645 1558 121 80 qui
1714 1558 86 80 a
1749 1558 242 80 virtutibus
1922 1558 224 80 proficiscum

453 1620 128 62 tur
526 1620 330 62 pulchritudine,
801 1620 330 62 magnitudineque
1077 1620 294 62 praecellunt,
1315 1620 128 62 hae
1389 1620 147 62 vero
1480 1620 257 62 negociosae
1682 1620 147 62 sunt
1774 1620 165 62 atque
1884 1620 202 62 aliquem
2013 1620 128 62 finem

447 1666 254 75 affectant,
647 1666 91 75 &
683 1666 127 75 non
756 1666 200 75 propter
901 1666 200 75 seipsas
1046 1666 145 75 sunt
1137 1666 291 75 expetibiles.
1373 1666 182 75 Mentis
1500 1666 163 75 autem
1609 1666 218 75 operatio
1773 1666 91 75 &
1809 1666 182 75 studio
1918 1666 218 75 antecelle¬-

455 1722 110 78 re
510 1722 219 78 videtur,
674 1722 128 78 cum
747 1722 310 78 contemplatiua
1002 1722 146 78 sit,
1094 1722 91 78 &
1130 1722 201 78 praeter
1276 1722 110 78 se
1331 1722 164 78 ipsam
1440 1722 183 78 nullum
1568 1722 237 78 affectare
1751 1722 201 78 penitus
1897 1722 183 78 finem,
2006 1722 128 78 habe¬-

447 1777 173 82 reque
562 1777 270 82 voluptatem
774 1777 251 82 propriam,
967 1777 154 82 quae
1064 1777 193 82 quidem
1198 1777 289 82 operationem
1430 1777 173 82 ipsam
1545 1777 231 82 exauget,
1719 1777 308 82 sufficientia
1950 1777 193 82 infuper,

454 1832 186 76 ocium,
585 1832 335 76 defatigationis
864 1832 223 76 vacuitas
1031 1832 93 76 &
1069 1832 205 76 humana,
1217 1832 93 76 &
1255 1832 261 76 quaecunque
1459 1832 149 76 alia
1552 1832 149 76 viro
1646 1832 261 76 tribuuntur
1850 1832 186 76 beato,
1981 1832 130 76 per
2036 1832 112 76 hanc

467 1900 265 75 operationem
679 1900 141 75 illi
768 1900 177 75 inesse
892 1900 230 75 videntur,
1068 1900 212 75 perfecta
1228 1900 248 75 foelicitas
1422 1900 194 75 hominis
1564 1900 177 75 fuerit
1687 1900 141 75 haec
1776 1900 212 75 profecto
1935 1900 177 75 sumpta
2041 1900 106 75 lon¬-

469 1954 213 78 gitudine
629 1954 160 78 vitae
735 1954 231 78 perfecta.
913 1954 160 78 Nihil
1019 1954 142 78 enim
1108 1954 284 78 foelicitatis
1338 1954 124 78 est
1409 1954 284 78 imperfectum.
1640 1954 160 78 Talis
1746 1954 160 78 autem
1852 1954 142 78 vita
1941 1954 195 78 superat
2065 1954 71 78 ho

455 2002 168 72 minis
567 2002 224 72 naturam.
735 2002 130 72 Non
809 2002 149 72 enim
903 2002 205 72 hocipso
1052 2002 130 72 quo
1126 2002 149 72 homo
1219 2002 149 72 est,
1313 2002 130 72 ita
1387 2002 186 72 viuet,
1517 2002 130 72 sed
1592 2002 130 72 quo
1667 2002 130 72 est
1741 2002 149 72 quid
1834 2002 112 72 in
1890 2002 149 72 ipso
1965 2002 186 72 diuinum.

466 2055 208 89 Quantum
617 2055 189 89 igitur
749 2055 132 89 hoc
825 2055 113 89 ab
882 2055 151 89 ipso
976 2055 246 89 composito
1165 2055 227 89 differt,
1335 2055 189 89 tantum
1467 2055 94 89 &
1505 2055 170 89 huius
1618 2055 227 89 operatio
1788 2055 189 89 distat
1920 2055 113 89 ab
1977 2055 113 89 ea
2034 2055 151 89 quae

456 2111 93 85 a
494 2111 204 85 virtute
642 2111 149 85 alia
735 2111 335 85 proficiscitur.
1014 2111 112 85 Qa
1070 2111 112 85 si
1126 2111 167 85 mens,
1237 2111 204 85 diuinum
1386 2111 112 85 ad
1442 2111 167 85 ipsum
1553 2111 204 85 hominem
1702 2111 149 85 est,
1795 2111 93 85 &
1832 2111 149 85 vita
1925 2111 149 85 quae
2018 2111 112 85 ab
2055 2111 93 85 hac

457 2171 204 76 manat,
599 2171 204 76 diuina
742 2171 143 76 est
824 2171 245 76 respectu
1007 2171 204 76 ipsius
1150 2171 184 76 vitae
1273 2171 245 76 humanae.
1456 2171 224 76 Oportet
1620 2171 184 76 autem
1742 2171 143 76 non
1824 2171 306 76 quemadmodum
2048 2171 102 76 mo¬-

461 2227 152 79 nent
556 2227 209 79 quidam,
708 2227 190 79 humana
841 2227 133 79 nos
917 2227 209 79 sapere,
1069 2227 133 79 cum
1145 2227 171 79 simus
1259 2227 228 79 homines,
1429 2227 133 79 aut
1505 2227 228 79 mortalia
1676 2227 133 79 cum
1752 2227 171 79 simus
1866 2227 247 79 mortales,
2056 2227 133 79 sed

471 2290 160 77 quoad
578 2290 160 77 fieri
685 2290 178 77 potest
809 2290 249 77 immortales
1005 2290 124 77 nos
1076 2290 160 77 ipsos
1183 2290 196 77 facere.
1325 2290 231 77 Cunctaque
1503 2290 213 77 efficere
1663 2290 107 77 vt
1716 2290 107 77 ea
1770 2290 142 77 vita
1858 2290 196 77 viuamus
2001 2290 142 77 quae
2072 2290 71 77 ab

467 2333 118 91 eo
526 2333 177 91 manat
644 2333 157 91 quod
742 2333 137 91 est
821 2333 177 91 eorum
938 2333 157 91 quae
1036 2333 118 91 in
1095 2333 177 91 nobis
1213 2333 196 91 insunt
1350 2333 432 91 praestabilissimum.
1723 2333 137 91 Nam
1802 2333 216 91 tametsi
1959 2333 177 91 parum
2057 2333 98 91 est

459 2407 179 62 mole,
578 2407 119 62 vi
638 2407 179 62 tamen
757 2407 99 62 &
797 2407 199 62 precio
936 2407 199 62 multum
1075 2407 219 62 omnibus
1234 2407 298 62 antecellit.
1473 2407 258 62 Videbitur
1672 2407 179 62 autem
1791 2407 99 62 &
1831 2407 298 62 vnusquisque
2050 2407 99 62 hoc

453 2451 164 75 esse,
562 2451 109 75 si
616 2451 182 75 quidem
744 2451 255 75 praecipuum
944 2451 127 75 est
1017 2451 91 75 &
1053 2451 200 75 melius.
1198 2451 218 75 Absurdum
1362 2451 182 75 igitur
1489 2451 164 75 efset
1598 2451 109 75 si
1653 2451 127 75 non
1726 2451 164 75 suam,
1835 2451 127 75 sed
1908 2451 218 75 alicuius
2053 2451 91 75 al¬-

462 2501 187 88 terius
593 2501 244 88 expeteret
781 2501 187 88 vitam.
912 2501 112 88 Id
968 2501 206 88 insuper
1118 2501 150 88 quod
1212 2501 187 88 dictum
1343 2501 131 88 est
1418 2501 187 88 antea,
1549 2501 150 88 nunc
1643 2501 169 88 etiam
1755 2501 356 88 accommodabitur.
2037 2501 112 88 Quod

459 2562 135 75 est
536 2562 154 75 enim
632 2562 193 75 natura
767 2562 251 75 vnicuique
960 2562 251 75 proprium,
1153 2562 116 75 id
1210 2562 212 75 optimum
1365 2562 251 75 vnicuique
1557 2562 96 75 &
1596 2562 328 75 iucundissimum
1866 2562 154 75 est.
1962 2562 116 75 Et
2001 2562 154 75 homini

469 2622 179 84 igitur
595 2622 108 84 ea
648 2622 143 84 vita
738 2622 143 84 quae
828 2622 108 84 ab
881 2622 143 84 ipsa
971 2622 305 84 proficiscitur
1222 2622 179 84 mente,
1347 2622 215 84 siquidem
1509 2622 197 84 maxime,
1652 2622 125 84 hoc
1724 2622 125 84 est
1796 2622 161 84 homo,
1903 2622 143 84 haec
1993 2622 143 84 ergo
2064 2622 90 84 est

463 2689 89 85 &
499 2689 286 85 foelicissima
713 2689 125 85 vita.

589 2728 117 109 vod
656 2728 100 109 si
706 2728 217 109 felicitas
872 2728 200 109 operatio
1022 2728 117 109 est
1089 2728 117 109 &c.
1156 2728 150 109 Istud
1256 2728 117 109 est
1322 2728 200 109 septimum
1472 2728 150 109 caput
1572 2728 150 109 huius
1672 2728 167 109 decimi
1789 2728 150 109 libri
1889 2728 83 109 &
1922 2728 200 109 secundum
2055 2728 100 109 tra¬-

595 2822 159 63 ctatus
706 2822 191 63 secundi.
849 2822 95 63 Et
897 2822 127 63 duas
976 2822 159 63 partes
1087 2822 222 63 praecipuas
1262 2822 270 63 complectitur.
1484 2822 143 63 Prior
1579 2822 127 63 pars
1659 2822 111 63 est
1722 2822 238 63 enarratiua,
1913 2822 79 63 &
1945 2822 127 63 tria
2008 2822 143 63 carptim

580 2861 218 69 Tenarrat.
748 2861 168 69 Primum
866 2861 134 69 quod
949 2861 218 69 felicitas
1117 2861 117 69 est
1184 2861 201 69 perfecta
1336 2861 201 69 operatio
1487 2861 201 69 secundum
1638 2861 185 69 optimam
1772 2861 201 69 virtutem
1923 2861 185 69 optimae
2041 2861 117 69 potem

455 2911 139 64 tiae
542 2911 139 64 quae
629 2911 122 64 est
698 2911 104 64 in
751 2911 191 64 homine.
890 2911 209 64 Secundum
1046 2911 139 64 quod
1133 2911 139 64 illa
1220 2911 157 64 aliis
1325 2911 191 64 hominis
1464 2911 209 64 partibus
1621 2911 226 64 dominatur
1795 2911 87 64 &
1830 2911 226 64 diuinarum
1986 2911 157 64 humana¬-

450 2967 162 63 rumque
563 2967 146 63 rerum
660 2967 243 63 cognitionem
855 2967 162 63 habet.
968 2967 178 63 Tertium
1098 2967 130 63 quod
1179 2967 146 63 talis
1276 2967 194 63 operatio
1422 2967 130 63 quae
1503 2967 113 63 est
1568 2967 211 63 felicitas
1730 2967 113 63 est
1795 2967 194 63 cognitio
1924 2967 227 63 speculatiua.

450 3005 90 76 ⁋
486 3005 161 76 Prima
593 3005 233 76 conclusio
772 3005 161 76 huius
880 3005 197 76 capitis
1023 3005 143 76 est.
1113 3005 215 76 Operatio
1274 3005 179 76 partis
1399 3005 322 76 contemplatiuae
1668 3005 215 76 secundum
1829 3005 215 76 propriam
1972 3005 179 76 virtutem

454 3072 112 44 est
518 3072 224 44 felicitas.
694 3072 112 44 Hoc
758 3072 112 44 est
822 3072 256 44 contemplatio
1014 3072 192 44 veritatis.

454 3086 85 83 ⁋
488 3086 204 83 Probatur
641 3086 136 83 haec
727 3086 222 83 conclusio
897 3086 136 83 sic.
982 3086 222 83 Felicitas
1153 3086 119 83 est
1221 3086 204 83 operatio
1374 3086 204 83 secundum
1528 3086 222 83 virtutem,
1698 3086 85 83 &
1732 3086 102 83 vt
1783 3086 102 83 in
1834 3086 119 83 hoc
1902 3086 170 83 decimo
2005 3086 153 83 retuli¬-

455 3155 141 56 mus,
543 3155 193 56 rationi
684 3155 281 56 consentaneum
912 3155 123 56 est
983 3155 105 56 vt
1036 3155 123 56 sit
1106 3155 211 56 secundum
1264 3155 369 56 praestabilissimam
1580 3155 211 56 virtutem
1739 3155 88 56 &
1774 3155 141 56 eius
1862 3155 229 56 potentiae
2020 3155 123 56 etiam

452 3194 159 74 fuerit
563 3194 127 74 quae
642 3194 95 74 in
690 3194 143 74 nobis
785 3194 111 74 est
849 3194 174 74 optima,
975 3194 127 74 siue
1055 3194 95 74 ea
1102 3194 190 74 potentia
1245 3194 111 74 sit
1309 3194 127 74 mens
1388 3194 111 74 hoc
1451 3194 111 74 est
1515 3194 127 74 ipse
1594 3194 254 74 intellectus,
1800 3194 127 74 siue
1879 3194 174 74 aliquid
2006 3194 143 74 aliud
2086 3194 63 74 vt

466 3235 226 73 voluntas,
639 3235 139 73 siue
726 3235 278 73 neotericorum
952 3235 139 73 more
1039 3235 226 73 (volitio)
1213 3235 139 73 quod
1300 3235 174 73 suapte
1422 3235 174 73 natura
1544 3235 156 73 aliis
1648 3235 191 73 imperat
1787 3235 87 73 &
1822 3235 330 73 animaduersionem
2082 3235 70 73 de

455 3283 164 82 honestis
579 3283 192 82 diuinisque
729 3283 123 82 rebus
811 3283 137 82 habet.
907 3283 96 82 Non
962 3283 110 82 enim
1031 3283 96 82 est
1085 3283 82 82 ei
1127 3283 123 82 curae
1209 3283 82 82 de
1250 3283 123 82 vtili
1332 3283 247 82 delectabilique
1538 3283 110 82 nisi
1606 3283 96 82 per
1661 3283 178 82 accidens,
1798 3283 137 82 quando
1894 3283 178 82 copulatur
2017 3283 137 82 honesto¬
