2370 3613
147 257 90 107 ⁋
183 257 162 107 Sexto
291 257 108 107 in
345 257 180 107 lumine
470 257 216 107 naturali
632 257 216 107 quilibet
794 257 198 107 ratione
937 257 162 107 vtens
1045 257 162 107 habet
1153 257 233 107 assentire
1332 257 144 107 his.
1422 257 269 107 Remunerator
1638 257 198 107 bonorum
1781 257 90 107 &
1799 257 90 107 pu¬-

157 341 150 63 nitor
258 341 184 63 malorum
391 341 117 63 est
458 341 134 63 deus
542 341 100 63 ad
592 341 217 63 Hebraeos.
759 341 117 63 xi.
826 341 134 63 ergo
909 341 134 63 illi
993 341 251 63 dissentiens
1193 341 167 63 peccat
1310 341 117 63 vel
1377 341 100 63 in
1427 341 134 63 solo
1511 341 201 63 naturali
1661 341 167 63 lumine
1762 341 100 63 ambu

166 401 150 66 lans,
267 401 117 66 cum
333 401 134 66 enim
417 401 117 66 non
484 401 134 66 fiat
567 401 267 66 sufficienter
784 401 234 66 praemiatio
968 401 117 66 aut
1035 401 184 66 punitio
1168 401 100 66 in
1219 401 117 66 hoc
1285 401 167 66 mundo,
1402 401 117 66 per
1469 401 234 66 consequens
1653 401 134 66 erit
1736 401 100 66 in
1770 401 100 66 alio

158 451 91 55 &
194 451 200 55 propter
340 451 127 55 hoc
413 451 182 55 animam
540 451 146 55 esse
631 451 255 55 immortalem
831 451 127 55 est
886 451 182 55 necesse.

157 452 86 103 ⁋
191 452 190 103 Contra,
330 452 259 103 naturaliter
537 452 190 103 loquens
675 452 156 103 nihil
779 452 156 103 habet
882 452 173 103 ponere
1003 452 138 103 sine
1090 452 190 103 ratione
1228 452 207 103 cogente,
1383 452 104 103 at
1435 452 173 103 nullus
1556 452 173 103 animam
1660 452 190 103 separatam

158 538 234 58 cognoscit,
342 538 117 58 cum
409 538 117 58 eam
476 538 117 58 non
543 538 167 58 videat
660 538 100 58 in
710 538 167 58 lumine
827 538 217 58 naturali,
994 538 117 58 nec
1061 538 134 58 eius
1145 538 217 58 cruciatus
1312 538 117 58 vel
1379 538 217 58 praemium.
1546 538 134 58 Sedo
1630 538 134 58 nemo
1713 538 134 58 scit
1797 538 100 58 in

168 583 126 60 illo
247 583 157 60 lumine
357 583 189 60 naturali
498 583 110 60 vbi
561 583 173 60 locorum
687 583 141 60 anima
781 583 189 60 separata
923 583 220 60 praemiatur
1096 583 110 60 aut
1159 583 189 60 punitur,
1300 583 126 60 ergo
1379 583 141 60 illud
1473 583 110 60 non
1536 583 110 60 est
1583 583 220 60 concedendum.

162 588 89 101 ⁋
198 588 106 101 Ad
251 588 195 101 priorem
393 588 142 101 dico
481 588 195 101 maiorem
623 588 142 101 esse
712 588 195 101 falsam,
854 588 106 101 in
907 588 142 101 omni
996 588 142 101 enim
1084 588 195 101 scibili
1226 588 213 101 ponuntur
1386 588 177 101 aliqua
1510 588 319 101 demonstratione
1776 588 160 101 val¬)

164 679 146 64 lata.
261 679 179 64 Secundo
391 679 179 64 ratione
522 679 277 64 irrefragabili
749 679 146 64 illud
847 679 195 64 ponitur,
993 679 146 64 patet
1091 679 114 64 per
1156 679 244 64 probationes
1351 679 212 64 adductas:
1514 679 98 64 ad
1563 679 179 64 minorem
1693 679 130 64 dico
1758 679 114 64 aniam

162 732 100 51 non
219 732 143 51 cadere
319 732 100 51 sub
377 732 172 51 obiectum
505 732 172 51 alicuius
634 732 143 51 sensus
735 732 201 51 interioris
892 732 100 51 aut
949 732 215 51 exterioris,
1121 732 158 51 ratione
1236 732 129 51 tamen
1322 732 215 51 cognoscitur
1494 732 186 51 felicitas
1637 732 115 51 eius
1708 732 100 51 aut
1751 732 115 51 dolor.

175 774 73 64 ⁋
205 774 88 64 Ad
249 774 161 64 secundm
366 774 161 64 dicitur
483 774 117 64 quod
556 774 88 64 de
600 774 117 64 loco
674 774 161 64 proprio
791 774 103 64 hoc
849 774 103 64 est
908 774 147 64 verum,
1011 774 103 64 sed
1069 774 88 64 ex
1113 774 103 64 hoc
1172 774 103 64 non
1230 774 176 64 sequitur
1362 774 176 64 illatum,
1494 774 117 64 Scio
1567 774 117 64 enim
1641 774 147 64 amicum
1743 774 117 64 meum
1802 774 73 64 qui

171 810 137 69 abiit
262 810 137 69 hinc,
353 810 122 69 esse
429 810 91 69 in
475 810 152 69 aliquo
581 810 122 69 loco
657 810 91 69 in
703 810 213 69 contracto,
870 810 106 69 sed
931 810 91 69 an
977 810 91 69 in
1022 810 122 69 isto
1098 810 122 69 loco
1174 810 91 69 an
1220 810 91 69 in
1266 810 167 69 proprio
1387 810 122 69 illo
1463 810 91 69 me
1509 810 167 69 prorsus
1631 810 152 69 fugit,
1737 810 122 69 scio
1798 810 76 69 hic

170 861 96 71 ad
218 861 145 71 credo
314 861 112 71 vel
379 861 161 71 autumo
491 861 193 71 extendo.
636 861 80 71 ⁋
668 861 177 71 Secundo
796 861 128 71 dico
876 861 241 71 intellectum
1069 861 128 71 esse
1149 861 128 71 quid
1230 861 193 71 diuinum,
1374 861 128 71 quia
1455 861 128 71 deum
1535 861 209 71 cognoscit
1695 861 80 71 &
1711 861 161 71 effectus

178 918 213 61 memorabilis
348 918 128 61 eius,
433 918 71 61 &
462 918 114 61 suis
533 918 170 61 operibus
660 918 241 61 perpetuitatem
859 918 114 61 deum
930 918 185 61 aemulando
1072 918 170 61 quaerit,
1200 918 71 61 &
1228 918 99 61 dei
1285 918 213 61 operationes
1455 918 199 61 aemulatur,
1611 918 114 61 quae
1682 918 99 61 non
1739 918 99 61 est
1782 918 99 61 circa

163 959 252 58 operationes
365 959 151 58 vitae
465 959 185 58 actiuae
600 959 101 58 vt
650 959 101 58 in
700 959 185 58 capitis
835 959 218 58 sequentis
1003 959 168 58 dicere
1120 959 269 58 explanatione
1322 959 218 58 proponimus.

171 1005 73 68 ⁋
201 1005 88 68 Ad
245 1005 176 68 secundum
377 1005 147 68 dubium
480 1005 220 68 resmendetur
656 1005 118 68 quod
730 1005 191 68 prudentis
877 1005 103 68 est
935 1005 176 68 temporis
1068 1005 176 68 mensuram
1200 1005 250 68 apprehendere.
1406 1005 176 68 Senectus
1538 1005 103 68 non
1597 1005 206 68 computatur
1758 1005 88 68 in
1788 1005 73 68 an¬-

165 1059 124 54 nis,
242 1059 108 54 sed
304 1059 93 54 in
350 1059 139 54 vitae
442 1059 170 54 nitore.
566 1059 170 54 Ioannes
690 1059 201 54 Tachariae
844 1059 154 54 filius
952 1059 139 54 Titus
1045 1059 77 54 &
1076 1059 185 54 similes,
1215 1059 139 54 licet
1307 1059 170 54 iuuenes
1431 1059 139 54 erant
1523 1059 93 54 ad
1570 1059 139 54 modum
1662 1059 185 54 loquendi
1786 1059 77 54 Ari

174 1098 175 62 stotelis
305 1098 175 62 felices.
436 1098 87 62 Ad
480 1098 145 62 beatum
582 1098 131 62 satis
669 1098 102 62 est
727 1098 131 62 multo
815 1098 160 62 maximam
931 1098 145 62 partem
1033 1098 131 62 vitae
1120 1098 247 62 excellentibus
1324 1098 306 62 contemplationibus
1586 1098 204 62 applicare,
1731 1098 131 62 proinde

167 1144 176 71 grandaeuo
303 1144 109 71 plus
371 1144 190 71 interualli
520 1144 81 71 ad
561 1144 204 71 felicitatem
724 1144 109 71 quam
792 1144 81 71 ad
832 1144 149 71 iuuenem
941 1144 204 71 requiritur.
1104 1144 68 71 ⁋
1131 1144 81 71 Ad
1172 1144 149 71 tertiam
1280 1144 217 71 dubitationem
1457 1144 204 71 resmondetur
1620 1144 109 71 quod
1688 1144 176 71 felicitas
1810 1144 54 71 hu

167 1194 122 64 mana
243 1194 91 64 de
289 1194 107 64 qua
349 1194 228 64 philosophus
532 1194 183 64 loquitur
669 1194 107 64 est
730 1194 137 64 simia
821 1194 137 64 verae
913 1194 244 64 felicitatis,
1111 1194 91 64 de
1156 1194 107 64 qua
1217 1194 137 64 verae
1309 1194 183 64 pietatis
1446 1194 183 64 cultores
1583 1194 213 64 loquuntur,
1750 1194 76 64 &
1781 1194 91 64 vt
1811 1194 61 64 si

162 1239 88 59 ne
206 1239 132 59 dubio
294 1239 191 59 capiatur,
441 1239 103 59 res
500 1239 132 59 paulo
588 1239 147 59 altius
691 1239 191 59 repetenda
838 1239 117 59 est.
911 1239 117 59 Nemo
984 1239 103 59 est
1043 1239 88 59 in
1087 1239 147 59 patria
1190 1239 176 59 caelesti
1322 1239 147 59 beatus
1425 1239 117 59 nisi
1498 1239 117 59 deum
1571 1239 147 59 videns
1674 1239 103 59 eum
1718 1239 147 59 diligens

171 1292 79 60 &
203 1292 189 60 laetitia
344 1292 189 60 perfusus
485 1292 79 60 &
517 1292 110 60 hoc
580 1292 189 60 virtutum
721 1292 157 60 cumulo
831 1292 220 60 redimitus,
1004 1292 141 60 licet
1098 1292 236 60 contendatur
1287 1292 94 60 in
1334 1292 110 60 quo
1397 1292 126 60 actu
1475 1292 157 60 mentis
1585 1292 157 60 potior
1695 1292 126 60 eius
1758 1292 110 60 actus

173 1336 202 63 consistat
329 1336 155 63 itidem
438 1336 280 63 impresentiarum
671 1336 140 63 felix
764 1336 187 63 secundum
904 1336 233 63 philosophum
1091 1336 218 63 virtutibus
1262 1336 155 63 abunde
1371 1336 249 63 illustratus,
1573 1336 171 63 sordium
1697 1336 171 63 expers,
1806 1336 62 63 he

175 1388 151 62 roice
276 1388 185 62 viuens,
410 1388 168 62 primum
528 1388 185 62 motorem
662 1388 185 62 eiusque
796 1388 201 62 effectus
948 1388 118 62 pro
1015 1388 185 62 virili,
1149 1388 269 62 intelligens,
1367 1388 84 62 &
1401 1388 134 62 deum
1485 1388 168 62 amans,
1602 1388 84 62 &
1636 1388 185 62 colens,
1753 1388 118 62 talis

171 1430 186 69 quaerit
306 1430 220 69 veritates
475 1430 270 69 altissimorum
695 1430 101 69 ad
746 1430 135 69 bene
830 1430 203 69 beateque
982 1430 220 69 viuendum.
1151 1430 152 69 Talis
1253 1430 152 69 autem
1354 1430 135 69 vita
1439 1430 101 69 vt
1489 1430 152 69 Plato
1591 1430 135 69 ait,
1675 1430 186 69 superat
1794 1430 85 69 ho¬-

175 1477 158 58 minis
281 1477 211 58 naturam,
439 1477 123 58 hoc
509 1477 123 58 est
580 1477 193 58 hominis
720 1477 211 58 strepitu
878 1477 193 58 forensi
1019 1477 228 58 viuentis,
1195 1477 88 58 &
1230 1477 123 58 est
1300 1477 158 58 extra
1406 1477 193 58 humanam
1546 1477 176 58 aleam,
1669 1477 158 58 eoque
1775 1477 141 58 modo

182 1525 123 59 quo
253 1525 246 59 mortalibus
446 1525 264 59 conceditur.
658 1525 194 59 literis
799 1525 229 59 indefesse
975 1525 158 59 vacat
1080 1525 176 59 Rachel
1203 1525 88 59 &
1239 1525 229 59 Magdalena
1415 1525 158 59 vitam
1520 1525 317 59 contemplatiuam
1767 1525 123 59 signi

176 1579 196 60 ficantes
322 1579 130 60 sunt
404 1579 228 60 perbellae.
583 1579 163 60 Martha
698 1579 82 60 &
730 1579 114 60 Lva
795 1579 147 60 minus
893 1579 196 60 formosae
1040 1579 82 60 &
1073 1579 261 60 anxietatibus
1285 1579 196 60 onustae.
1431 1579 114 60 Hae
1497 1579 245 60 posteriores
1692 1579 147 60 vitam
1774 1579 114 60 acti¬-

176 1630 116 49 uam
243 1630 299 49 repraesentant.
492 1630 100 49 Ex
542 1630 116 49 his
608 1630 149 49 patet
708 1630 249 49 Aristotelem
907 1630 199 49 generose
1056 1630 100 49 in
1106 1630 183 49 materia
1239 1630 249 49 felicitatis
1438 1630 282 49 philosophatum
1671 1630 183 49 fuisse,
1787 1630 83 49 nec

185 1669 194 56 poterat
327 1669 124 56 per
397 1669 194 56 naturam
539 1669 230 56 sublimius
715 1669 283 56 conscendere.
945 1669 159 56 aegre
1051 1669 141 56 enim
1139 1669 106 56 in
1192 1669 177 56 lumine
1316 1669 212 56 naturali
1474 1669 194 56 ostendi
1616 1669 177 56 potest
1722 1669 141 56 animam

180 1713 205 60 separatam
338 1713 142 60 posse
433 1713 126 60 deum
512 1713 205 60 intuitiue
670 1713 174 60 videre.
796 1713 158 60 Dicere
907 1713 158 60 itaque
1018 1713 142 60 soleo
1113 1713 269 60 philosophorum
1334 1713 205 60 principen
1492 1713 174 60 nusquam
1618 1713 221 60 elegantius
1776 1713 95 60 quam

185 1751 105 67 de
237 1751 244 67 felicitate
428 1751 209 67 loquutum
585 1751 139 67 esse
672 1751 122 67 vbi
742 1751 157 67 etiam
846 1751 296 67 manuductionem
1090 1751 105 67 ad
1143 1751 157 67 veram
1247 1751 261 67 felicitatem
1456 1751 261 67 monstrauit.
1665 1751 139 67 Vnde
1752 1751 122 67 fit
1804 1751 70 67 vt

177 1814 205 55 carpendi
330 1814 136 55 sint
416 1814 256 55 theologorum
620 1814 205 55 nonnulli
774 1814 153 55 parum
876 1814 102 55 in
927 1814 171 55 ethica
1047 1814 205 55 doctrina
1200 1814 188 55 versati
1336 1814 239 55 asserentes
1524 1814 153 55 ipsum
1626 1814 153 55 quasi
1729 1814 102 55 in
1763 1814 102 55 som¬-

172 1864 117 58 nio
239 1864 100 58 de
289 1864 251 58 beatitudine
490 1864 218 58 loquutum.
658 1864 84 58 ⁋
691 1864 100 58 Ad
741 1864 184 58 quartam
875 1864 268 58 dubitationem
1093 1864 184 58 dicitur
1227 1864 134 58 quod
1311 1864 117 58 non
1378 1864 117 58 est
1445 1864 117 58 hic
1511 1864 151 58 sermo
1612 1864 100 58 de
1662 1864 134 58 ocio
1746 1864 84 58 &
1763 1864 100 58 tran

185 1912 193 54 quillitate
337 1912 124 54 ludi,
420 1912 97 54 sed
475 1912 97 54 est
530 1912 166 54 carentia
654 1912 124 54 eorum
737 1912 110 54 quae
806 1912 83 54 in
848 1912 110 54 vita
917 1912 138 54 actiua
1013 1912 207 54 contingant,
1179 1912 207 54 comparatiue
1345 1912 83 54 ad
1386 1912 97 54 eam
1441 1912 83 54 in
1483 1912 248 54 contemplatione
1690 1912 97 54 est
1731 1912 138 54 requies.

176 1950 104 59 Pro
235 1950 133 59 cuius
324 1950 178 59 vberiore
458 1950 252 59 intelligentia
665 1950 133 59 scito
754 1950 118 59 quod
828 1950 133 59 ocium
917 1950 163 59 vulgare
1035 1950 104 59 est
1094 1950 163 59 desidia
1213 1950 74 59 &
1242 1950 163 59 vacatio
1361 1950 74 59 a
1390 1950 163 59 labore,
1509 1950 133 59 cuius
1598 1950 207 59 contratium
1761 1950 104 59 est
1805 1950 74 59 ne¬-

183 1996 163 65 gocium,
302 1996 89 65 de
347 1996 104 65 hoc
406 1996 119 65 ocio
480 1996 104 65 non
540 1996 104 65 fit
599 1996 104 65 hic
659 1996 163 65 mentio.
777 1996 74 65 ⁋
807 1996 134 65 Aliud
896 1996 104 65 est
956 1996 134 65 ocium
1045 1996 267 65 philosophicum,
1268 1996 74 65 &
1298 1996 163 65 capitur
1416 1996 119 65 puro
1491 1996 149 65 studio
1595 1996 208 65 literatio.
1743 1996 134 65 Literis

181 2050 126 50 enim
260 2050 235 50 incumbentem
448 2050 173 50 oportet
574 2050 126 50 esse
652 2050 204 50 separatum
809 2050 78 50 a
840 2050 173 50 tumultu
966 2050 173 50 seculi.
1091 2050 94 50 Vn
1138 2050 267 50 Quintilianus.
1358 2050 220 50 Inquirendo
1531 2050 251 50 scribendoque
1735 2050 141 50 talia
1813 2050 63 50 so

184 2096 137 56 lemur
275 2096 137 56 ocium
366 2096 183 56 nostrum.
503 2096 91 56 Et
549 2096 183 56 Tullius.
686 2096 122 56 Quid
762 2096 167 56 dulcius
884 2096 107 56 est
945 2096 122 56 ocio
1021 2096 213 56 literario?
1188 2096 91 56 id
1234 2096 107 56 est
1295 2096 152 56 studio
1401 2096 76 56 &
1432 2096 91 56 vt
1477 2096 107 56 ita
1538 2096 137 56 dicam
1630 2096 198 56 negocioso
1766 2096 107 56 ocio.

188 2142 96 64 de
236 2142 128 64 ocio
316 2142 112 64 hoc
380 2142 128 64 modo
460 2142 144 64 capto
556 2142 192 64 loquitur
700 2142 240 64 philosophus
892 2142 96 64 in
940 2142 128 64 ocio
1020 2142 208 64 literario
1180 2142 176 64 iucunde
1308 2142 208 64 ociantur.
1468 2142 80 64 ⁋
1500 2142 96 64 Ad
1548 2142 176 64 quintam
1660 2142 240 64 dubitationem.

176 2196 179 52 dicitur
306 2196 130 52 quod
387 2196 292 52 ecclesiasticus
630 2196 130 52 vult
712 2196 114 52 nos
777 2196 114 52 non
842 2196 162 52 debere
955 2196 260 52 transcendere
1166 2196 179 52 limites
1296 2196 179 52 humanos
1426 2196 97 52 ad
1475 2196 244 52 cognoscenda
1654 2196 227 52 impossibilia

186 2234 149 58 nobis,
291 2234 224 58 quemadmodum
470 2234 120 58 sunt
545 2234 120 58 illa
619 2234 120 58 quae
694 2234 120 58 soli
769 2234 105 58 deo
828 2234 254 58 attribuuntur,
1038 2234 90 58 vt
1082 2234 164 58 occulta
1202 2234 149 58 futura
1306 2234 224 58 praedicere,
1486 2234 105 58 sed
1545 2234 194 58 enitendum
1695 2234 105 58 est
1740 2234 149 58 cognosce

180 2287 88 55 re
224 2287 118 55 deum
298 2287 88 55 eo
342 2287 118 55 modo
416 2287 103 55 quo
475 2287 192 55 hominibus
623 2287 192 55 concessum
770 2287 118 55 est.
844 2287 221 55 Intellectus
1021 2287 103 55 est
1080 2287 88 55 ad
1124 2287 103 55 dei
1183 2287 177 55 imaginem
1316 2287 177 55 crcatus.
1448 2287 103 55 Par
1507 2287 103 55 est
1566 2287 118 55 ergo
1640 2287 88 55 vt
1684 2287 103 55 eum
1729 2287 147 55 diligat,

180 2325 117 57 quem
254 2325 176 57 diligere
386 2325 117 57 sine
459 2325 249 57 apprehensione
664 2325 161 57 nequit.
782 2325 117 57 Haec
855 2325 103 57 est
914 2325 117 57 vita
987 2325 161 57 aeterna
1105 2325 88 57 vt
1149 2325 205 57 cognoscant
1310 2325 88 57 te
1354 2325 132 57 solum
1442 2325 117 57 deum
1515 2325 132 57 verum
1603 2325 73 57 &
1633 2325 117 57 quem
1706 2325 161 57 misisti
1809 2325 73 57 le¬-

179 2384 96 52 sum
234 2384 179 52 Christum.
372 2384 165 52 Ioannis.
496 2384 124 52 xvii.
578 2384 69 52 ⁋
606 2384 83 52 Ad
647 2384 124 52 sexta
730 2384 220 52 dubitationem
909 2384 206 52 resmondetur
1074 2384 110 52 quod
1143 2384 124 52 totum
1225 2384 193 52 compositum
1377 2384 96 52 est
1432 2384 193 52 perfectius
1583 2384 193 52 entitatiue
1735 2384 110 52 quam
1804 2384 124 52 mens,

186 2422 91 64 non
238 2422 117 64 tamen
316 2422 91 64 est
368 2422 182 64 perfectior
510 2422 169 64 potentia.
640 2422 143 64 Secundo
744 2422 104 64 quod
809 2422 130 64 quando
899 2422 195 64 intellectus
1055 2422 117 64 etiam
1133 2422 117 64 anxie
1211 2422 182 64 considerat
1353 2422 195 64 operationes
1509 2422 117 64 vitae
1587 2422 143 64 actiuae
1690 2422 104 64 tunc
1742 2422 130 64 versatur

179 2475 121 58 circa
259 2475 121 58 totum
339 2475 161 58 hominem,
460 2475 67 58 &
487 2475 134 58 quando
580 2475 201 58 operationes
741 2475 121 58 vitae
821 2475 254 58 contemplatiuae,
1036 2475 107 58 tunc
1102 2475 121 58 circa
1183 2475 147 58 diuinum
1290 2475 107 58 quid
1357 2475 201 58 negociatur.
1518 2475 80 58 De
1558 2475 94 58 qua
1611 2475 80 58 re
1651 2475 174 58 prolixius
1785 2475 80 58 in
1812 2475 67 58 ca¬-

190 2514 110 70 pite
259 2514 178 70 immediate
396 2514 165 70 sequenti
519 2514 192 70 videbitur.
670 2514 69 70 ⁋
698 2514 178 70 Dubitatur
835 2514 123 70 etiam
917 2514 151 70 quomodo
1027 2514 110 70 homo
1095 2514 96 70 sit
1150 2514 123 70 mens,
1232 2514 96 70 cum
1287 2514 110 70 mens
1356 2514 96 70 sit
1411 2514 110 70 pers
1479 2514 123 70 eius.
1562 2514 206 70 Respondetur
1726 2514 96 70 per
1767 2514 110 70 suppo¬-

179 2565 207 63 sitionem
334 2565 311 63 synecdochicam,
593 2565 104 63 vt
645 2565 173 63 fusius
766 2565 104 63 in
818 2565 259 63 dialectices
1025 2565 345 63 introductionibus
1318 2565 224 63 iampridem
1474 2565 207 63 retulimus.

496 2654 260 67 Tractatus
696 2654 260 67 secundus.
897 2654 200 67 Caput.
1037 2654 160 67 III.
1137 2654 120 67 Et
1197 2654 160 67 Lib.
1297 2654 120 67 X.
1358 2654 160 67 Cap.
1438 2654 140 67 VIII.

471 2752 193 92 Ecundo
606 2752 174 92 autem
722 2752 135 92 est
799 2752 193 92 eavita
934 2752 154 92 quae
1031 2752 97 92 a
1069 2752 212 92 virtute
1224 2752 154 92 alia
1320 2752 193 92 manat.
1455 2752 290 92 Operationes
1687 2752 154 92 enim
1764 2752 116 92 quae

510 2821 110 59 ab
565 2821 128 59 hac
638 2821 219 59 prodeunt
802 2821 201 59 humanae
948 2821 164 59 sunt.
1057 2821 128 59 Nam
1130 2821 183 59 iusta,
1258 2821 91 59 &
1295 2821 201 59 fortia,
1441 2821 91 59 &
1477 2821 201 59 caetera
1623 2821 146 59 quae
1715 2821 91 59 a
1733 2821 146 59 virtu¬-

516 2880 162 68 tibus
624 2880 343 68 proficiscuntur,
913 2880 162 68 inter
1021 2880 216 68 nosipsos
1183 2880 198 68 agimus,
1327 2880 108 68 in
1381 2880 270 68 commerciis,
1598 2880 90 68 &
1616 2880 252 68 necessitati¬-

514 2936 124 68 bus
585 2936 159 68 atque
691 2936 195 68 actibus
833 2936 265 68 communibus,
1045 2936 88 68 &
1080 2936 141 68 item
1169 2936 248 68 affectibus
1363 2936 230 68 vnicuique
1540 2936 230 68 seruantes
1699 2936 177 68 decorum,

505 2989 168 59 haec
610 2989 189 59 autem
736 2989 189 59 omnia
862 2989 231 59 constat
1030 2989 168 59 esse
1135 2989 231 59 humana.
1304 2989 252 59 Nonnulla
1493 2989 189 59 autem
1619 2989 105 59 &
1661 2989 105 59 a
1682 2989 189 59 corpore

377 3047 313 74 prouenire
618 3047 289 74 videntur
834 3047 120 74 &
882 3047 241 74 multum
1051 3047 241 74 virtus
1219 3047 217 74 morum
1364 3047 168 74 cum
1460 3047 337 74 affectibus
1701 3047 168 74 vide¬-

173 3096 138 78 tur
252 3096 158 78 esse
351 3096 276 78 coniuncta.
568 3096 257 78 Coniuncta
766 3096 138 78 est
845 3096 178 78 etiam
963 3096 99 78 &
1003 3096 276 78 prudentia,
1220 3096 178 78 moris
1338 3096 237 78 virtuti,
1516 3096 99 78 &
1555 3096 158 78 haec
1634 3096 257 78 prudentiae:

178 3157 118 65 si
237 3157 255 65 principia
433 3157 196 65 quidem
570 3157 274 65 prudentiae
786 3157 98 65 a
825 3157 274 65 virtutibus
1041 3157 176 65 ipsis
1158 3157 255 65 emergant,
1354 3157 196 65 rectum
1491 3157 157 65 vero
1589 3157 176 65 moris
1687 3157 196 65 virtutum

200 3207 243 92 prudentia
387 3207 187 92 manet.
518 3207 131 92 Cum
592 3207 168 92 autem
704 3207 131 92 hae
779 3207 149 92 sese
873 3207 224 92 habeant,
1041 3207 112 92 vt
1097 3207 93 92 a
1134 3207 112 92 se
1190 3207 168 92 mutuo
1302 3207 243 92 pendeant,
1489 3207 205 92 sintque
1638 3207 262 92 coniunctae
1825 3207 75 92 af
