2272 3609
405 227 207 121 fectus,
556 227 169 121 circa
668 227 169 121 ipsum
781 227 263 121 compositum
988 227 225 121 fuerint,
1157 227 113 121 at
1213 227 244 121 compositi
1401 227 225 121 virtutes
1570 227 207 121 humanae
1721 227 169 121 sunt.
1833 227 169 121 Quare
1946 227 94 121 &
1984 227 113 121 ea
2021 227 113 121 vita

413 330 140 70 quae
500 330 105 70 ab
552 330 157 70 ipsis
657 330 314 70 proficiscitur,
919 330 87 70 &
954 330 244 70 foelicitas
1146 330 175 70 humana
1268 330 140 70 est.
1355 330 175 70 Mentis
1477 330 157 70 autem
1582 330 122 70 est
1652 330 227 70 separata.
1826 330 157 70 Atque
1931 330 192 70 tanquam
2053 330 70 70 de

414 390 146 66 ipsa
505 390 127 66 sit
578 390 200 66 dictum,
723 390 182 66 exacte
851 390 182 66 nanque
978 390 182 66 dicere
1106 390 237 66 proposito
1288 390 164 66 maius
1397 390 146 66 est.
1488 390 237 66 Videbitur
1670 390 164 66 autem
1779 390 91 66 &
1816 390 200 66 externa
1943 390 182 66 affluen¬-

419 440 122 80 tia
488 440 209 80 perparum
645 440 122 80 aut
715 440 157 80 minus
820 440 209 80 indigere
977 440 140 80 quam
1064 440 209 80 moralis,
1221 440 140 80 opus
1309 440 122 80 est
1378 440 140 80 enim
1466 440 209 80 vtrisque
1623 440 262 80 necessariis
1832 440 175 80 rebus.
1954 440 157 80 Atque
2042 440 87 80 sit

413 507 169 67 aeque,
532 507 203 67 quamquam
684 507 152 67 circa
786 507 169 67 corpus
904 507 85 67 &
938 507 119 67 res
1006 507 169 67 tales,
1124 507 186 67 ciuilis
1260 507 135 67 homo
1344 507 152 67 magis
1446 507 220 67 elaborat,
1615 507 152 67 parua
1717 507 135 67 enim
1801 507 254 67 differentia
1988 507 135 67 fuerit

421 555 114 73 in
478 555 322 73 operationibus
743 555 170 73 autem
857 555 133 73 non
932 555 284 73 mediocriter
1159 555 265 73 different.
1368 555 189 73 Etenim
1500 555 227 73 liberali
1671 555 189 73 quidem
1803 555 114 73 ad
1841 555 284 73 liberalitatis

417 626 286 57 operationes
646 626 286 57 exercendas,
874 626 95 57 &
912 626 172 57 iusto
1027 626 114 57 ad
1084 626 343 57 retributiones,
1370 626 229 57 pecuniis
1541 626 152 57 opus
1637 626 172 57 erit.
1751 626 267 57 Voluntates
1960 626 152 57 enim
2037 626 95 57 non

423 664 146 67 sunt
514 664 274 67 manifestae.
733 664 219 67 Simulant
897 664 164 67 autem
1006 664 91 67 &
1043 664 128 67 qui
1116 664 128 67 non
1189 664 146 67 sunt
1280 664 182 67 iusti,
1408 664 164 67 agere
1517 664 164 67 iuste
1626 664 182 67 velle.
1754 664 164 67 Forti
1863 664 164 67 autem
1973 664 146 67 opus
2046 664 91 67 est

410 725 241 72 potentia,
596 725 111 72 si
652 725 148 72 agit
744 725 204 72 aliquid
893 725 167 72 eorum
1004 725 148 72 quae
1097 725 93 72 a
1134 725 204 72 virtute
1282 725 352 72 proficiscuntur,
1579 725 93 72 &
1616 725 241 72 potestate
1801 725 167 72 etiam
1894 725 241 72 temperanti.

435 781 126 67 Quo
507 781 181 67 nanque
634 781 145 67 modo
724 781 126 67 aut
796 781 126 67 hic
869 781 126 67 aut
941 781 253 67 caeterorum
1139 781 217 67 quisquam
1302 781 253 67 manifestus
1501 781 163 67 erit?
1609 781 235 67 Quaeritur
1790 781 163 67 autem
1898 781 163 67 vtrum
1989 781 126 67 magis

419 837 210 72 proprium
576 837 122 72 sit
646 837 210 72 virtutis
803 837 210 72 electio,
961 837 105 72 an
1013 837 140 72 ipsi
1100 837 175 72 actus,
1223 837 175 72 quippe
1345 837 122 72 cum
1415 837 210 72 vtrisque
1572 837 175 72 virtus
1695 837 245 72 consistat,
1887 837 157 72 atque
1975 837 157 72 constet

422 895 107 59 in
476 895 214 59 vtrisque
636 895 232 59 perfectum
815 895 161 59 ipsum
922 895 268 59 consistere.
1136 895 107 59 At
1190 895 161 59 actus
1297 895 161 59 autem
1404 895 179 59 multis
1529 895 214 59 indiget,
1690 895 89 59 &
1725 895 125 59 quo
1797 895 214 59 maiores,
1940 895 196 59 pulchrio¬-

411 954 190 66 resque
544 954 171 66 sunt,
657 954 114 66 eo
714 954 227 66 pluribus
885 954 246 66 indigent.
1074 954 114 66 At
1131 954 303 66 contemplanti
1378 954 190 66 nullis
1510 954 284 66 huiuscemodi
1738 954 171 66 rebus
1852 954 114 66 ad
1890 954 246 66 operationem

422 1005 139 68 est
502 1005 179 68 opus,
621 1005 159 68 quin
721 1005 100 68 &
761 1005 299 68 impedimento
1000 1005 159 68 fere
1099 1005 159 68 sunt
1199 1005 120 68 ad
1259 1005 398 68 contemplationem.
1597 1005 139 68 Sed
1677 1005 139 68 hoc
1757 1005 159 68 ipso
1856 1005 139 68 quo
1936 1005 159 68 homo
2015 1005 120 68 est,

413 1059 152 76 atque
514 1059 118 76 cum
582 1059 202 76 pluribus
734 1059 169 76 viuit,
852 1059 186 76 expetit
987 1059 101 76 ea
1037 1059 152 76 agere
1139 1059 135 76 quae
1223 1059 84 76 a
1257 1059 186 76 virtute
1392 1059 321 76 proficiscuntur.
1662 1059 219 76 Indigebit
1830 1059 169 76 igitur
1948 1059 186 76 talibus
2067 1059 67 76 ad

427 1129 116 63 ea
485 1129 194 63 agenda
621 1129 155 63 quae
717 1129 116 63 ad
776 1129 213 63 hominem
931 1129 252 63 spectant.
1125 1129 175 63 Atque
1241 1129 310 63 foelicitatem
1493 1129 252 63 perfectam
1687 1129 349 63 contemplatiuam
1958 1129 175 63 quandam

419 1178 299 72 operationem
658 1178 160 72 esse
758 1178 160 72 hinc
858 1178 199 72 quoque
997 1178 199 72 fuerit
1137 1178 299 72 manifestum,
1376 1178 160 72 deos
1476 1178 160 72 enim
1576 1178 199 72 maxime
1715 1178 199 72 beatos
1855 1178 160 72 esse
1935 1178 199 72 putamus,

422 1232 157 72 atque
526 1232 226 72 foelices,
700 1232 104 72 at
752 1232 192 72 quosnam
892 1232 157 72 actus
996 1232 209 72 tribuere
1153 1232 157 72 illis
1257 1232 209 72 oportet,
1414 1232 226 72 iustosne?
1588 1232 104 72 An
1640 1232 209 72 ridiculi
1797 1232 261 72 videbuntur,
2006 1232 104 72 si
2041 1232 87 72 com

424 1287 184 74 mutent
552 1287 92 74 &
589 1287 220 74 deposita
754 1287 220 74 reddant,
919 1287 92 74 &
956 1287 239 74 huiusmodi
1140 1287 202 74 caetera
1287 1287 184 74 agant?
1415 1287 110 74 Ac
1470 1287 239 74 fortesne,
1654 1287 239 74 propterea
1837 1287 147 74 quod
1911 1287 220 74 formidolo¬-

412 1343 130 79 sas
487 1343 130 79 res
561 1343 259 79 sustinent,
764 1343 278 79 periculaque
987 1343 222 79 subeunt,
1153 1343 259 79 honestatis
1357 1343 185 79 ipsius
1487 1343 185 79 causa?
1616 1343 111 79 An
1672 1343 259 79 liberales?
1876 1343 111 79 At
1931 1343 185 79 cuinam
2042 1343 93 79 da¬-

422 1404 179 58 bunt?
541 1404 238 58 Absurdum
720 1404 139 58 est
800 1404 219 58 insuper
959 1404 119 58 si
1018 1404 199 58 nummos
1157 1404 179 58 etiam
1277 1404 238 58 habeant,
1455 1404 139 58 aut
1535 1404 219 58 aliquid
1694 1404 179 58 tale.
1813 1404 119 58 An
1853 1404 278 58 temperantes?

416 1465 115 57 At
473 1465 211 57 quidnam
627 1465 230 57 fuerint?
799 1465 115 57 An
857 1465 153 57 laus
953 1465 134 57 sit
1029 1465 249 57 importuna
1221 1465 115 57 si
1279 1465 192 57 prauas
1413 1465 134 57 dii
1489 1465 288 57 cupiditates
1719 1465 134 57 non
1796 1465 192 57 habere
1911 1465 211 57 dicantur?

415 1517 135 72 Ita
492 1517 135 72 per
569 1517 174 72 omnia
685 1517 310 72 discurrenti,
937 1517 193 72 cuncta
1072 1517 155 72 quae
1169 1517 155 72 sunt
1266 1517 174 72 circa
1382 1517 193 72 actus,
1517 1517 174 72 parua
1633 1517 213 72 quaedam
1788 1517 97 72 &
1827 1517 135 72 non
1904 1517 174 72 digna
2001 1517 116 72 diis

423 1572 312 69 immortalibus
676 1572 156 69 sane
774 1572 254 69 videntur.
969 1572 117 69 At
1027 1572 156 69 vero
1125 1572 195 69 viuere
1261 1572 176 69 ipsos
1378 1572 234 69 vniuersi
1554 1572 215 69 putant,
1710 1572 176 69 quare
1827 1572 98 69 &
1866 1572 234 69 operari.
2022 1572 98 69 Non

413 1628 157 69 enim
512 1628 217 69 oportet
669 1628 177 69 illos
787 1628 98 69 (
827 1628 118 69 vt
886 1628 276 69 Endymionem
1102 1628 197 69 aiunt)
1240 1628 236 69 dormire.
1417 1628 217 69 Viuenti
1575 1628 197 69 igitur
1713 1628 138 69 ei,
1791 1628 138 69 cui
1870 1628 177 69 actio
1988 1628 98 69 &
2008 1628 118 69 mul¬-

425 1681 120 74 to
485 1681 179 74 magis
604 1681 239 74 effectio
784 1681 140 74 non
864 1681 279 74 tribuitur,
1083 1681 219 74 quidnam
1242 1681 179 74 aliud
1362 1681 219 74 praeter
1521 1681 379 74 contemplationem
1840 1681 219 74 restat.
1980 1681 140 74 Quare

428 1738 132 60 dei
504 1738 226 60 operatio
673 1738 283 60 praecellens
900 1738 283 60 beatitudine
1126 1738 321 60 contemplatiua
1390 1738 151 60 sine
1485 1738 302 60 controuersia
1730 1738 208 60 fuerit.
1881 1738 113 60 Et
1918 1738 208 60 humanarum

421 1798 191 57 igitur
554 1798 286 57 operationum
783 1798 114 57 ea
841 1798 153 57 homo
936 1798 134 57 est
1012 1798 172 57 summe
1127 1798 210 57 foelix,
1279 1798 153 57 quae
1375 1798 153 57 illi
1470 1798 191 57 maxime
1604 1798 134 57 est
1680 1798 229 57 cognata.
1852 1798 191 57 Signum
1985 1798 134 57 est
2043 1798 76 57 hu

430 1852 127 62 ius
503 1852 91 62 &
539 1852 218 62 animalia
702 1852 200 62 caetera
848 1852 291 62 foelicitatis
1084 1852 236 62 expertia,
1266 1852 145 62 esse
1357 1852 145 62 tali
1448 1852 200 62 penitus
1593 1852 254 62 operatione
1793 1852 218 62 priuata.
1956 1852 127 62 Nam
2011 1852 109 62 diis

435 1907 208 78 quidem
581 1907 166 78 tota
684 1907 145 78 est
767 1907 166 78 vita
871 1907 208 78 beata,
1016 1907 187 78 talem
1141 1907 291 78 habentibus
1369 1907 332 78 operationem,
1639 1907 270 78 hominibus
1846 1907 208 78 autem,
1971 1907 145 78 quoad

429 1964 175 70 ipsis
545 1964 175 70 talis
661 1964 291 70 operationis
894 1964 213 70 quaedam
1049 1964 175 70 inest
1166 1964 291 70 similitudo.
1398 1964 116 70 At
1457 1964 252 70 animalium
1651 1964 272 70 caeterorum
1864 1964 194 70 nullum
1980 1964 136 70 pror¬-

435 2020 133 64 sus
511 2020 133 64 est
587 2020 209 64 foelix,
738 2020 190 64 quippe
871 2020 133 64 cum
947 2020 171 64 nulla
1061 2020 114 64 ex
1117 2020 171 64 parte
1231 2020 246 64 particeps
1421 2020 133 64 sit
1497 2020 379 64 contemplationis.
1819 2020 227 64 Quousque
1970 2020 152 64 igitur

425 2078 296 79 contemplatio
665 2078 148 79 sese
757 2078 240 79 extendit,
942 2078 203 79 eousque
1090 2078 148 79 sese
1183 2078 222 79 extendit
1349 2078 92 79 &
1386 2078 259 79 foelicitas
1590 2078 166 79 ipsa.
1701 2078 111 79 Et
1756 2078 185 79 quibus
1867 2078 259 79 contemplatio

430 2133 165 66 magis
539 2133 165 66 inest
649 2133 128 66 iis
722 2133 91 66 &
759 2133 256 66 foelicitas
960 2133 165 66 magis
1070 2133 183 66 inest,
1198 2133 128 66 non
1271 2133 128 66 per
1344 2133 219 66 accidens
1508 2133 201 66 quidem,
1655 2133 128 66 sed
1728 2133 128 66 per
1801 2133 165 66 ipsam
1911 2133 183 66 vtique
2020 2133 110 66 con¬-

437 2187 308 78 templationem.
691 2187 145 78 Haec
781 2187 145 78 enim
872 2187 127 78 per
945 2187 109 78 se
999 2187 163 78 ipsam
1108 2187 127 78 est
1180 2187 236 78 preciosa.
1362 2187 163 78 Quare
1470 2187 254 78 foelicitas
1670 2187 290 78 contemplatio
1905 2187 181 78 fuerit
2014 2187 109 78 quae

426 2249 153 57 dam.
521 2249 134 57 Est
598 2249 172 57 autem
712 2249 153 57 opus
808 2249 153 57 huic
903 2249 95 57 &
941 2249 305 57 prosperitate
1189 2249 210 57 externa
1342 2249 134 57 cum
1418 2249 134 57 sit
1494 2249 172 57 homo.
1609 2249 191 57 Natura
1742 2249 153 57 ipsa
1838 2249 134 57 non
1914 2249 134 57 est
1990 2249 114 57 ad
2029 2249 95 57 con

429 2301 265 66 templandum
637 2301 284 66 sufficiens,
864 2301 132 66 sed
940 2301 95 66 &
977 2301 189 66 corpus
1110 2301 170 66 sanum
1223 2301 151 66 esse
1318 2301 227 66 oportet,
1488 2301 95 66 &
1526 2301 246 66 alimenta,
1715 2301 284 66 reliquumque
1923 2301 208 66 famulatum

416 2361 199 70 adesse.
561 2361 127 70 Non
633 2361 163 70 tamen
741 2361 217 70 putandum
904 2361 127 70 est
977 2361 181 70 multis
1103 2361 109 70 ac
1157 2361 181 70 magnis
1284 2361 109 70 ei
1338 2361 145 70 opus
1429 2361 163 70 fore,
1537 2361 127 70 qui
1610 2361 199 70 suturus
1754 2361 127 70 est
1827 2361 199 70 foelix,
1971 2361 109 70 si
2007 2361 127 70 fieri

428 2417 122 62 non
497 2417 174 62 potest
619 2417 104 62 vt
671 2417 122 62 sit
741 2417 174 62 beatus
862 2417 139 62 sine
949 2417 157 62 bonis
1054 2417 226 62 externis.
1228 2417 157 62 Neque
1332 2417 139 62 enim
1419 2417 278 62 sufficientia
1645 2417 157 62 neque
1749 2417 226 62 iudicium,
1923 2417 157 62 neque
2010 2417 122 62 actus

427 2477 109 70 in
481 2477 290 70 exuperatione
717 2477 254 70 consistit,
916 2477 127 70 sed
989 2477 163 70 fieri
1097 2477 181 70 potest
1224 2477 109 70 vt
1278 2477 91 70 &
1315 2477 127 70 non
1387 2477 236 70 principes
1568 2477 181 70 terrae
1695 2477 109 70 ac
1750 2477 163 70 maris
1858 2477 163 70 agant
1949 2477 181 70 honesta,

433 2531 175 68 etenim
555 2531 87 68 a
590 2531 262 68 mediocribus
800 2531 280 68 facultatibus
1027 2531 175 68 potest
1149 2531 210 68 quispiam
1306 2531 157 68 agere
1411 2531 122 68 per
1481 2531 227 68 virtutem.
1656 2531 157 68 Atque
1761 2531 105 68 id
1813 2531 157 68 clare
1918 2531 192 68 cernere
2041 2531 87 68 li¬-

426 2587 142 60 cet,
515 2587 195 60 priuati
657 2587 177 60 namque
781 2587 124 60 non
852 2587 160 60 minus
958 2587 160 60 agere
1065 2587 213 60 videntur
1224 2587 124 60 res
1295 2587 177 60 bonas,
1420 2587 142 60 quam
1508 2587 124 60 qui
1579 2587 142 60 sunt
1668 2587 106 60 in
1721 2587 284 60 potestatibus
1934 2587 195 60 constitu¬-

424 2644 124 78 ti,
495 2644 142 78 immo
584 2644 160 78 etiam
690 2644 177 78 magis.
815 2644 160 78 Satis
921 2644 160 78 autem
1028 2644 124 78 est
1099 2644 124 78 tot
1170 2644 248 78 facultates
1365 2644 195 78 habere,
1507 2644 142 78 erit
1596 2644 142 78 enim
1684 2644 142 78 eius
1773 2644 142 78 vita
1862 2644 177 78 foelix
1986 2644 124 78 qui
2039 2644 89 78 per

424 2698 167 73 ipsam
536 2698 222 73 operatur
702 2698 241 73 virtutem.
887 2698 167 73 Solon
998 2698 167 73 etiam
1110 2698 148 73 bene
1202 2698 222 73 fortasse
1369 2698 111 73 de
1424 2698 333 73 foelicitatibus
1702 2698 204 73 sensit,
1850 2698 130 73 qui
1924 2698 185 73 quidem
2035 2698 93 73 eos

431 2765 143 66 esse
521 2765 215 66 foelices
682 2765 179 66 dixit,
808 2765 126 66 qui
879 2765 269 66 mediocriter
1095 2765 126 66 res
1166 2765 233 66 habuerunt
1346 2765 233 66 externas,
1525 2765 90 66 &
1561 2765 287 66 pulcherrimas
1794 2765 126 66 res
1866 2765 126 66 (vt
1938 2765 215 66 putabat)

437 2824 176 64 egere,
561 2824 264 64 modestaeque
772 2824 194 64 vixere.
913 2824 158 64 Fieri
1018 2824 141 64 enim
1106 2824 194 64 potest,
1247 2824 106 64 vt
1300 2824 229 64 mediocria
1476 2824 264 64 possidentes
1687 2824 158 64 agant
1793 2824 106 64 ea
1845 2824 141 64 quae
1933 2824 158 64 agere
2021 2824 106 64 opor

432 2877 153 65 tet.
527 2877 210 65 Videtur
680 2877 172 65 autem
794 2877 286 65 Anaxagoras,
1023 2877 134 65 non
1100 2877 286 65 locupletem,
1329 2877 172 65 neque
1443 2877 229 65 potentem
1615 2877 229 65 foelicem
1787 2877 172 65 ipsum
1882 2877 248 65 existimasse

432 2928 131 66 cum
507 2928 168 66 dixit
619 2928 112 66 se
675 2928 131 66 non
749 2928 186 66 mirari
880 2928 112 66 si
936 2928 224 66 absurdus
1104 2928 186 66 quidem
1234 2928 280 66 multitudini
1458 2928 242 66 videatur,
1644 2928 149 66 haec
1737 2928 149 66 enim
1831 2928 224 66 sentiens
1998 2928 131 66 res
2054 2928 75 66 so

419 2979 133 78 lum
495 2979 227 78 externas
665 2979 114 78 is
722 2979 227 78 iudicare
892 2979 265 78 tantummodo
1101 2979 189 78 solet.
1233 2979 303 78 Consentaneae
1479 2979 189 78 igitur
1612 2979 208 78 nostris
1763 2979 265 78 sententiis
1972 2979 95 78 &
1990 2979 133 78 sapi¬-

431 3038 181 67 entum
551 3038 261 67 opiniones
752 3038 161 67 esse
853 3038 261 67 videntur.
1054 3038 121 67 At
1114 3038 161 67 enim
1215 3038 201 67 habent
1355 3038 201 67 quidem
1496 3038 100 67 &
1536 3038 181 67 talia
1657 3038 221 67 quandam
1818 3038 201 67 fidem.
1938 3038 181 67 Veritas

429 3097 170 72 tamen
543 3097 114 72 in
599 3097 133 72 iis
675 3097 151 72 quae
770 3097 114 72 in
827 3097 227 72 actionem
997 3097 208 72 veniunt
1149 3097 114 72 ex
1205 3097 227 72 operibus
1376 3097 246 72 iudicatur
1565 3097 95 72 &
1603 3097 170 72 vita.
1716 3097 114 72 In
1773 3097 133 72 his
1849 3097 151 72 enim
1925 3097 208 72 praecipue

429 3154 243 56 certitudo
616 3154 243 56 veritatis
803 3154 262 56 consistit.
1009 3154 280 56 Considerare
1233 3154 150 56 enim
1327 3154 206 56 oportet
1476 3154 112 56 ea
1532 3154 150 56 quae
1626 3154 168 56 antea
1738 3154 168 56 dicta
1850 3154 150 56 sunt
1944 3154 112 56 ad
1981 3154 131 56 opera

420 3207 278 61 referentes,
643 3207 93 61 &
680 3207 167 61 vitam
791 3207 93 61 &
828 3207 111 61 si
883 3207 204 61 consona
1031 3207 148 61 sunt
1124 3207 241 61 operibus,
1309 3207 259 61 acceptanda
1512 3207 167 61 sunt,
1623 3207 130 61 sin
1697 3207 148 61 vero
1790 3207 278 61 discrepant,
1993 3207 130 61 verba

423 3268 167 76 sunt
527 3268 208 76 tantum
673 3268 250 76 putanda.
861 3268 125 76 At
923 3268 167 76 vero
1027 3268 146 76 qui
1110 3268 208 76 mentae
1256 3268 271 76 operatur,
1465 3268 104 76 &
1506 3268 146 76 eam
1589 3268 208 76 colit,
1735 3268 292 76 disponitur
1944 3268 187 76 optime.
