2342 3607
420 316 80 82 &
452 316 177 82 caetera
581 316 145 82 vitia
677 316 209 82 impeditur
838 316 193 82 quispiam
983 316 193 82 plurimum
1128 316 80 82 a
1160 316 129 82 vita
1240 316 290 82 contemplatiua,
1481 316 209 82 insistere
1642 316 145 82 circa
1739 316 257 82 quisquilians
1948 316 113 82 has
2012 316 97 82 an
2044 316 113 82 rela¬-

434 379 113 64 tio
499 379 259 64 distinguatur
709 379 81 64 a
742 379 227 64 fundamento
920 379 81 64 &
952 379 178 64 termino
1082 379 81 64 &
1115 379 178 64 similia
1244 379 81 64 a
1277 379 130 64 vita
1358 379 276 64 contemplatiua
1585 379 113 64 est
1650 379 195 64 alienum:
1795 379 178 64 oportet
1925 379 162 64 primum
2022 379 130 64 dispo¬-

433 430 140 64 nere
520 430 157 64 vitam
625 430 105 64 in
677 430 210 64 virtutum
835 430 210 64 operibus
992 430 87 64 &
1027 430 122 64 tum
1097 430 157 64 bonum
1202 430 245 64 principium
1395 430 157 64 habet
1500 430 105 64 ad
1552 430 227 64 ingressum
1727 430 192 64 scholae
1850 430 297 64 contemplatiuae.

445 478 80 52 ⁋
477 478 96 52 Ad
525 478 161 52 sextum
638 478 177 52 dicitur
766 478 96 52 in
815 478 129 52 actu
895 478 273 52 contemplatiuo
1120 478 145 52 magis
1217 478 113 52 deo
1281 478 241 52 assimilamur
1474 478 129 52 quam
1554 478 96 52 in
1602 478 129 52 actu
1683 478 241 52 intellectus
1876 478 177 52 actiui:
2004 478 129 52 quia
2069 478 80 52 per

444 528 162 54 illum
552 528 144 54 deum
641 528 305 54 contemplamur,
893 528 108 54 vt
947 528 144 54 deus
1036 528 179 54 semper
1162 528 197 54 seipsum
1306 528 287 54 contemplatur
1539 528 108 54 in
1593 528 126 54 quo
1664 528 126 54 est
1736 528 126 54 sua
1808 528 251 54 beatitudo.
1987 528 162 54 Creatu¬-

437 578 111 49 ras
500 578 95 49 in
548 578 95 49 se
595 578 253 49 contemplatur
801 578 126 49 quia
880 578 111 49 sua
943 578 190 49 essentia
1085 578 111 49 est
1149 578 126 49 sibi
1228 578 237 49 creaturarum
1417 578 174 49 notitia
1528 578 174 49 actualis.

437 586 79 96 ⁋
469 586 95 96 Ad
516 586 190 96 septimum
659 586 237 96 respondetur
849 586 237 96 conformiter
1038 586 95 96 ad
1086 586 158 96 tertii
1197 586 237 96 solutionem,
1387 586 127 96 quod
1466 586 111 96 qui
1529 586 190 96 praesunt
1671 586 95 96 in
1719 586 174 96 vtraque
1845 586 127 96 vita
1924 586 127 96 sunt
2004 586 111 96 vel
2051 586 95 96 esse

438 671 171 67 debent
558 671 222 67 perfecti,
729 671 120 67 cum
797 671 171 67 optimi
917 671 154 67 sint:
1019 671 137 67 modo
1105 671 188 67 optimus
1242 671 120 67 est
1310 671 325 67 contemplatiuus,
1584 671 86 67 &
1618 671 222 67 felicitas
1789 671 171 67 actiua
1909 671 103 67 ob
1943 671 205 67 contempla¬-

447 715 156 60 tiuam
551 715 87 60 &
586 715 139 60 eius
672 715 156 60 finem
777 715 243 60 ordinatur,
968 715 104 60 vt
1020 715 208 60 superius
1176 715 260 60 philosophus
1367 715 191 60 probauit.

436 765 75 53 ⁋
466 765 90 53 Ad
511 765 165 53 octauum
631 765 240 53 respondetur,
826 765 120 53 quod
902 765 255 53 contemplatiua
1112 765 120 53 vita
1187 765 165 53 laborat
1307 765 135 53 circa
1397 765 180 53 obiectum
1532 765 255 53 communissimum
1743 765 90 53 in
1788 765 180 53 causando
1923 765 120 53 quod
1998 765 120 53 alia
2058 765 90 53 pro¬-

437 812 144 61 ducit
533 812 256 61 conseruatque
740 812 208 61 continuo,
900 812 80 61 &
932 812 224 61 communitas
1108 812 208 61 causatiua
1268 812 112 61 est
1331 812 256 61 praestantior
1539 812 240 61 communitate
1731 812 256 61 multitudinis
1922 812 224 61 creaturarum.

441 856 86 61 ⁋
475 856 242 61 Dubitatur,
665 856 190 61 quomodo
803 856 259 61 manuducamur
1010 856 242 61 cognoscere
1200 856 104 61 in
1252 856 121 61 deo
1321 856 138 61 esse
1407 856 173 61 summam
1528 856 276 61 felicitatem.
1752 856 259 61 Respondetur
1959 856 121 61 hoc
2011 856 121 61 pacto

439 908 202 59 censemus
591 908 219 59 luminibus
759 908 185 59 orbatos
894 908 185 59 miseros
1029 908 84 59 &
1062 908 101 59 in
1113 908 152 59 luctu
1214 908 202 59 positos,
1365 908 118 59 cui
1433 908 253 59 astipulatur
1635 908 202 59 Thobias,
1786 908 118 59 qui
1854 908 168 59 angelo
1955 908 185 59 salutanti

442 957 212 61 respondit.
608 957 136 61 Quale
699 957 167 61 gaudium
820 957 121 61 mihi
896 957 121 61 erit
972 957 106 61 cum
1032 957 136 61 lumen
1123 957 136 61 caeli
1214 957 91 61 no
1260 957 167 61 videam.
1381 957 136 61 Visus
1472 957 106 61 est
1532 957 151 61 omnium
1638 957 212 61 exteriorum
1805 957 167 61 sensuum
1926 957 136 61 longe
2002 957 136 61 gratis¬-

441 996 171 54 simus,
560 996 154 54 primo
663 996 290 54 Metaphysicae:
902 996 119 54 quo
970 996 154 54 sensu
1072 996 290 54 munditheatrum
1311 996 222 54 intuemur.
1482 996 188 54 Thobias
1618 996 171 54 gaudio
1738 996 239 54 exiliebat,
1925 996 119 54 cum
1993 996 102 54 ab
2028 996 119 54 ange¬-

433 1045 93 64 lo
480 1045 140 64 visum
573 1045 171 64 recepit
698 1045 78 64 &
729 1045 124 64 sibi
806 1045 249 64 gratulabatur
1008 1045 93 64 ac
1055 1045 93 64 si
1101 1045 93 64 ab
1148 1045 171 64 inferis
1272 1045 233 64 rediuisset.
1459 1045 124 64 Quod
1536 1045 155 64 oculis
1645 1045 202 64 corporeis
1800 1045 109 64 est
1862 1045 109 64 tam
1925 1045 202 64 iocundum,
2064 1045 78 64 hoc

436 1095 137 72 daeus
527 1095 199 72 iustitiae
680 1095 107 72 sol
741 1095 76 72 &
772 1095 137 72 solis
863 1095 153 72 factor
970 1095 107 72 est
1031 1095 153 72 mentis
1138 1095 137 72 iubar
1230 1095 290 72 immarcessibile,
1474 1095 168 72 proinde
1596 1095 275 72 optabilissimum
1826 1095 153 72 fuerit
1932 1095 153 72 videre
2024 1095 107 72 deum.

857 1159 202 123 Tract.
998 1159 141 123 II.
1079 1159 161 123 Cap.
1180 1159 182 123 IIII.
1301 1159 121 123 Et
1361 1159 161 123 Lib.
1462 1159 121 123 X.
1522 1159 161 123 Cap.
1603 1159 101 123 IX.

947 1237 113 94 In
1004 1237 132 94 quo
1079 1237 132 94 est
1155 1237 189 94 operis
1268 1237 226 94 peroratio.

741 1283 165 110 Tenim
851 1283 110 110 si
906 1283 110 110 de
961 1283 147 110 his,
1052 1283 165 110 atque
1162 1283 256 110 virtutibus
1364 1283 92 110 &
1400 1283 202 110 insuper
1547 1283 110 110 de
1602 1283 238 110 amicitia,
1785 1283 293 110 voluptateque
2005 1283 128 110 satis

738 1372 192 83 figura
872 1372 231 83 diximus:
1045 1372 134 83 est
1122 1372 115 83 ne
1180 1372 231 83 putandum
1353 1372 211 83 nostrum
1506 1372 269 83 propositum
1718 1372 134 83 iam
1794 1372 173 83 finem
1910 1372 211 83 habere?
2044 1372 77 83 An

751 1433 270 68 quemadmodum
967 1433 216 68 dicitur,
1129 1433 126 68 non
1201 1433 126 68 est
1273 1433 108 68 in
1327 1433 126 68 hoc
1399 1433 162 68 rebus
1507 1433 198 68 agendis
1651 1433 180 68 finis,
1777 1433 288 68 perspexisse,
1993 1433 144 68 cogno¬-

760 1496 203 75 uisseque
913 1496 220 75 singulas,
1082 1496 119 75 sed
1150 1496 170 75 potius
1269 1496 170 75 agere.
1387 1496 119 75 Nec
1455 1496 102 75 de
1506 1496 186 75 virtute
1641 1496 153 75 scire
1743 1496 119 75 sat
1811 1496 136 75 est:
1896 1496 119 75 sed
1947 1496 186 75 enitendum

742 1548 133 58 est
818 1548 171 58 ipsam
931 1548 189 58 habere
1064 1548 114 58 ac
1121 1548 152 58 vti:
1216 1548 133 58 vel
1291 1548 114 58 si
1348 1548 133 58 quo
1424 1548 152 58 alio
1519 1548 152 58 modo
1614 1548 152 58 boni
1708 1548 284 58 efficiamur.
1936 1548 114 58 Si
1973 1548 152 58 igitur

667 1603 189 66 Fverba
799 1603 283 66 sufficerent
1026 1603 113 66 ad
1083 1603 246 66 faciendos
1272 1603 208 66 homines
1423 1603 189 66 bonos,
1555 1603 189 66 multas
1687 1603 151 66 iure
1782 1603 227 66 mercedes
1933 1603 189 66 secundum

434 1656 294 78 Theognidem,
669 1656 176 78 atque
787 1656 196 78 magnas
924 1656 255 78 afferrent
1120 1656 98 78 &
1159 1656 255 78 comparare
1355 1656 118 78 ea
1414 1656 274 78 oporteret.
1629 1656 157 78 Nunc
1727 1656 157 78 vero
1825 1656 215 78 iuuenes
1962 1656 157 78 quidem

443 1707 199 79 liberos
587 1707 217 79 hortari,
750 1707 108 79 ac
804 1707 253 79 prouocare,
1003 1707 217 79 moremque
1165 1707 199 79 idoneum
1310 1707 108 79 ad
1364 1707 307 79 obtemperandum
1616 1707 253 79 educatione
1815 1707 144 79 bona
1905 1707 126 79 iam
1960 1707 162 79 factum,

440 1764 208 69 ingenuum
596 1764 208 69 veraeque
752 1764 243 69 honestatis
943 1764 208 69 amatorem
1099 1764 173 69 facere
1220 1764 156 69 posse
1324 1764 225 69 videntur,
1498 1764 173 69 vulgus
1619 1764 156 69 autem
1723 1764 104 69 ad
1775 1764 243 69 probitatem
1949 1764 173 69 incitare

438 1828 123 75 non
509 1828 175 75 posse.
631 1828 123 75 Non
701 1828 140 75 enim
789 1828 140 75 sunt
877 1828 175 75 tales,
999 1828 105 75 vt
1052 1828 105 75 ob
1105 1828 193 75 dolorem
1245 1828 281 75 obtemperent,
1473 1828 123 75 sed
1543 1828 105 75 ob
1596 1828 175 75 metum:
1718 1828 123 75 nec
1788 1828 105 75 vt
1841 1828 88 75 a
1876 1828 175 75 prauis
1999 1828 105 75 ob
2034 1828 105 75 tur¬-

443 1883 226 61 pitudinem
616 1883 260 61 abstineant,
825 1883 174 61 rebus,
946 1883 122 61 sed
1016 1883 104 61 ob
1068 1883 191 61 poenam.
1207 1883 122 61 Nam
1276 1883 139 61 quia
1363 1883 243 61 affectibus
1554 1883 191 61 viuunt.
1693 1883 278 61 persequuntur
1919 1883 174 61 quidem
2023 1883 104 61 pro¬-

436 1940 160 70 prias
543 1940 267 70 voluptates:
757 1940 89 70 &
793 1940 107 70 ea
846 1940 143 70 quae
935 1940 160 70 illas
1042 1940 250 70 efficiunt:
1239 1940 196 70 fugiunt
1381 1940 160 70 autem
1488 1940 196 70 dolores
1631 1940 250 70 oppositos.
1827 1940 250 70 Honestatis
2005 1940 125 70 autem

452 1991 312 67 voluptatisque
709 1991 165 67 verae
819 1991 184 67 nullam
948 1991 202 67 prorsus
1094 1991 184 67 habent
1223 1991 367 67 animaduersionem:
1535 1991 184 67 quippe
1664 1991 129 67 cum
1737 1991 129 67 eas
1811 1991 129 67 non
1866 1991 257 67 degustarint.

446 2048 157 70 Tales
550 2048 175 70 igitur
673 2048 192 70 quaenam
813 2048 157 70 verba
918 2048 245 70 traducere,
1110 2048 262 70 moderarique
1320 2048 210 70 possent?
1477 2048 157 70 Fieri
1582 2048 140 70 enim
1669 2048 122 70 non
1739 2048 192 70 potest,
1879 2048 122 70 aut
1949 2048 122 70 non
2002 2048 122 70 faci¬-

437 2101 109 82 le
491 2101 145 82 fit:
582 2101 109 82 vt
636 2101 91 82 a
672 2101 181 82 verbis
799 2101 217 82 mutentur
962 2101 109 82 ac
1016 2101 290 82 extrudantur,
1252 2101 145 82 quae
1342 2101 217 82 impressa
1505 2101 145 82 sunt
1596 2101 217 82 moribus,
1759 2101 254 82 temporeque
1940 2101 181 82 diuturno

451 2166 217 68 retenta.
613 2166 199 68 Amabile
758 2166 162 68 autem
866 2166 126 68 est
938 2166 217 68 fortasse
1101 2166 108 68 si
1155 2166 126 68 cum
1227 2166 162 68 omnia
1336 2166 181 68 essent
1462 2166 181 68 quibus
1588 2166 144 68 boni
1679 2166 162 68 fieri
1787 2166 199 68 videmur
1913 2166 217 68 participes

453 2223 209 71 virtutis
610 2223 262 71 efficiamur.
819 2223 157 71 Fieri
923 2223 140 71 vero
1011 2223 157 71 bonus
1115 2223 140 71 alii
1203 2223 192 71 natura,
1342 2223 140 71 alii
1429 2223 297 71 consuetudine,
1674 2223 140 71 alii
1761 2223 209 71 doctrina
1918 2223 192 71 putant.
2040 2223 87 71 Na¬-

442 2278 142 70 tura
531 2278 177 70 quidem
655 2278 124 70 (vt
726 2278 212 70 constat)
885 2278 124 70 non
956 2278 106 70 in
1009 2278 177 70 nostra
1133 2278 124 70 est
1203 2278 248 70 potestate,
1398 2278 124 70 sed
1469 2278 159 70 inest
1575 2278 124 70 iis
1646 2278 230 70 hominibus
1823 2278 124 70 per
1894 2278 177 70 causam
2000 2278 124 70 quan¬-

448 2333 129 53 dam
521 2333 221 53 diuinam:
687 2333 129 53 qui
761 2333 147 53 vere
853 2333 147 53 sunt
945 2333 258 53 fortunati.
1148 2333 166 53 Verba
1259 2333 166 53 autem
1369 2333 350 53 praeceptionesve
1664 2333 129 53 non
1738 2333 111 53 in
1793 2333 203 53 omnibus
1941 2333 166 53 vires
2033 2333 92 53 ha¬-

452 2386 161 60 bent:
559 2386 125 60 sed
631 2386 143 60 opus
720 2386 125 60 est
791 2386 232 60 auditoris
970 2386 179 60 animum
1095 2386 161 60 antea
1202 2386 196 60 moribus
1345 2386 143 60 esse
1434 2386 196 60 cultum,
1577 2386 107 60 ad
1631 2386 161 60 recte
1738 2386 250 60 gaudendum,
1935 2386 107 60 ac
1988 2386 107 60 ad
2024 2386 107 60 hor¬-

445 2446 195 66 rendum:
587 2446 195 66 perinde
728 2446 159 66 atque
835 2446 177 66 terram
958 2446 142 66 quae
1047 2446 177 66 semina
1171 2446 124 66 sit
1241 2446 248 66 nutritura.
1436 2446 124 66 Qui
1507 2446 177 66 namque
1631 2446 159 66 viuit
1737 2446 124 66 cum
1808 2446 301 66 perturbatione
2038 2446 88 66 non

444 2503 171 65 audiet
563 2503 102 65 ea
615 2503 154 65 verba
717 2503 137 65 quae
803 2503 273 65 dehortantur,
1025 2503 154 65 neque
1127 2503 256 65 intelliget.
1332 2503 102 65 Is
1383 2503 137 65 vero
1469 2503 120 65 qui
1537 2503 120 65 ita
1606 2503 239 65 dispositus
1793 2503 137 65 est,
1879 2503 120 65 qui
1947 2503 154 65 fieri
2033 2503 85 65 po¬-

442 2560 140 62 test
530 2560 105 62 vt
583 2560 263 62 dissuadenti
793 2560 263 62 obtemperet?
1003 2560 175 62 Omnino
1126 2560 158 62 autem
1231 2560 123 62 non
1301 2560 175 62 verbis
1424 2560 140 62 ipsa
1512 2560 263 62 perturbatio
1722 2560 123 62 sed
1792 2560 105 62 vi
1845 2560 175 62 cedere
1950 2560 175 62 videtur.

445 2609 165 74 Mores
554 2609 183 74 igitur
683 2609 256 74 praecedant
884 2609 183 74 aliquo
1012 2609 146 74 modo
1103 2609 201 74 virtuti
1250 2609 256 74 familiares
1451 2609 220 74 oportet,
1616 2609 201 74 amantes
1762 2609 183 74 bonum,
1890 2609 165 74 atque
1982 2609 146 74 abhor¬-

446 2668 168 81 rentes
564 2668 84 81 a
597 2668 168 81 turpi.
715 2668 218 81 Difficile
882 2668 151 81 autem
983 2668 134 81 est,
1067 2668 101 81 vt
1117 2668 101 81 ab
1168 2668 268 81 adolescentia
1386 2668 151 81 recte
1486 2668 134 81 quis
1570 2668 101 81 ad
1621 2668 201 81 virtutem
1772 2668 268 81 instituatur,
1990 2668 117 81 non
2040 2668 84 81 sub

442 2719 191 65 talibus
581 2719 191 65 legibus
720 2719 226 65 educatus.
894 2719 191 65 Modeste
1033 2719 174 65 namque
1155 2719 191 65 viuere,
1294 2719 313 65 continenterque
1555 2719 226 65 plerisque
1729 2719 191 65 hominum
1868 2719 244 65 praesertim
2042 2719 87 65 iu¬-

459 2778 192 64 uenibus
598 2778 122 64 non
668 2778 122 64 est
738 2778 227 64 iucundum.
913 2778 244 64 Quapropter
1105 2778 279 64 educationem,
1332 2778 157 64 atque
1436 2778 192 64 officia
1576 2778 192 64 legibus
1716 2778 227 64 instituta
1891 2778 140 64 esse
1960 2778 175 64 oportet.

448 2832 119 82 Non
516 2832 136 82 enim
601 2832 187 82 dolorem
737 2832 221 82 afferrent
907 2832 102 82 si
958 2832 187 82 fuerint
1094 2832 221 82 consueta.
1264 2832 204 82 Fortasse
1417 2832 153 82 autem
1519 2832 119 82 non
1587 2832 221 82 sufficit,
1757 2832 119 82 dum
1825 2832 136 82 sunt
1893 2832 238 82 adolescentes

451 2901 175 52 rectam
573 2901 262 52 educationem
782 2901 87 52 &
817 2901 157 52 curam
922 2901 140 52 esse
1009 2901 210 52 adeptos:
1167 2901 122 52 cum
1236 2901 210 52 oporteat
1394 2901 157 52 viros
1498 2901 175 52 quoque
1621 2901 175 52 factos
1743 2901 140 52 ipsa
1830 2901 175 52 agere,
1952 2901 105 52 ac
1987 2901 140 52 assue¬-

441 2951 187 77 scere,
572 2951 94 77 &
610 2951 112 77 in
666 2951 131 77 his
741 2951 94 77 &
778 2951 187 77 omnino
909 2951 150 77 omni
1003 2951 112 77 in
1059 2951 150 77 vita
1153 2951 206 77 legibus
1302 2951 131 77 est
1377 2951 168 77 opus.
1490 2951 243 77 Multitudo
1677 2951 150 77 enim
1770 2951 281 77 necessitati
1976 2951 150 77 potius

446 3008 129 83 quam
527 3008 194 83 rationi,
672 3008 81 83 &
704 3008 161 83 poenis
817 3008 129 83 quam
898 3008 210 83 honestati
1059 3008 161 83 paret.
1172 3008 178 83 Iccirco
1302 3008 129 83 sunt
1382 3008 113 83 qui
1447 3008 258 83 legunlatores
1657 3008 194 83 oportere
1802 3008 178 83 censent
1931 3008 97 83 ad
1964 3008 161 83 virtutem

452 3067 208 58 inuitare
608 3067 104 58 ac
660 3067 225 58 prouocare
833 3067 243 58 honestatis
1024 3067 191 58 gratia,
1163 3067 225 58 propterea
1336 3067 139 58 quod
1423 3067 104 58 ii
1475 3067 121 58 qui
1544 3067 156 58 probi
1648 3067 139 58 sunt
1735 3067 104 58 ob
1787 3067 295 58 consuetudinem
2013 3067 121 58 prae¬-

443 3117 163 72 cipue
551 3117 325 72 obtemperabunt.
822 3117 217 72 Aduersus
985 3117 163 72 autem
1093 3117 289 72 inobedientes
1328 3117 90 72 &
1364 3117 253 72 hebetiores
1563 3117 199 72 ingenio
1707 3117 307 72 castigationes
1942 3117 199 72 poenasque

439 3178 274 78 instituere.
658 3178 109 78 At
712 3178 128 78 eos
785 3178 128 78 qui
858 3178 182 78 curari
986 3178 109 78 ac
1041 3178 219 78 emendari
1205 3178 237 78 nequeunt,
1387 3178 237 78 extrudere
1570 3178 164 78 atque
1679 3178 292 78 exterminare.
1916 3178 182 78 Probum
2026 3178 109 78 enim

444 3231 221 73 hominem,
609 3231 92 73 &
646 3231 110 73 ad
701 3231 258 73 honestatem
903 3231 221 73 viuentem
1069 3231 202 73 rationi
1216 3231 331 73 obtemperaturum
1492 3231 221 73 inquiunt
1658 3231 166 73 esse.
1768 3231 221 73 Improbum
1934 3231 147 73 vero
2007 3231 129 73 volu¬-

443 3293 184 93 ptatem
571 3293 276 93 affectantem
792 3293 184 93 dolore
921 3293 276 93 afficiendum
1142 3293 166 93 esse,
1252 3293 202 93 perinde
1399 3293 166 93 atque
1510 3293 239 93 iumentum.
1694 3293 258 93 Quapropter
1896 3293 92 93 &
1933 3293 110 93 eo
1969 3293 166 93 dolores
