2602 3582
464 280 253 77 sibiipsis,
663 280 126 77 aut
735 280 271 77 charissimis
951 280 162 77 aliud
1060 280 162 77 magis
1168 280 235 77 optassent
1349 280 144 77 quam
1439 280 162 77 talia
1547 280 181 77 posse.
1674 280 126 77 Non
1746 280 162 77 tamen
1854 280 162 77 parum
1944 280 235 77 experientia

472 345 215 66 conferre
634 345 215 66 videtur:
795 345 126 66 non
867 345 144 66 enim
957 345 197 66 fierent
1100 345 126 66 per
1172 345 197 66 ciuilem
1316 345 305 66 consuetudinem
1567 345 108 66 ad
1621 345 269 66 gubernandum
1836 345 269 66 rempublicam
2033 345 144 66 aptio¬-

473 395 143 58 res.
563 395 251 58 Quapropter
759 395 125 58 iis
831 395 125 58 qui
903 395 107 58 de
956 395 107 58 re
1010 395 179 58 ciuili
1135 395 197 58 cupiunt
1278 395 179 58 scire:
1404 395 268 58 experientia
1618 395 197 58 insuper
1761 395 143 58 opus
1851 395 143 58 esse
1940 395 215 58 videtur.
2084 395 89 58 So¬-

484 448 241 67 phistarum
670 448 167 67 autem
781 448 111 67 ii
837 448 130 67 qui
911 448 260 67 facultatem
1116 448 149 67 hanc
1209 448 297 67 profitentur:
1450 448 167 67 longe
1561 448 186 67 abesse
1691 448 93 67 a
1728 448 223 67 tradenda
1896 448 149 67 ipsa
1970 448 204 67 videntur.

472 512 165 69 Neque
582 512 147 69 enim
673 512 165 69 quale
783 512 147 69 quid
875 512 147 69 est,
966 512 165 69 neque
1076 512 165 69 circa
1186 512 147 69 quae
1278 512 220 69 versatur
1442 512 183 69 omnino
1571 512 201 69 sciunt.
1717 512 128 69 Non
1790 512 147 69 enim
1882 512 183 69 ipsam,
2010 512 92 69 &
2028 512 147 69 orato¬-

473 559 139 79 riam
559 559 243 79 facultatem
750 559 139 79 idem
837 559 156 79 neque
941 559 243 79 inferiorem
1132 559 226 79 ponerent,
1305 559 260 79 congregatis
1514 559 121 79 iis
1583 559 191 79 legibus
1722 559 139 79 quae
1809 559 139 79 sunt
1895 559 226 79 probatae.
2052 559 121 79 Fieri

468 623 144 70 enim
558 623 162 70 posse
666 623 198 70 dicunt,
809 623 108 70 vt
863 623 180 70 optime
989 623 270 70 deligantur.
1205 623 198 70 proinde
1348 623 162 70 quasi
1456 623 216 70 delectio
1618 623 126 70 non
1690 623 162 70 esset
1798 623 287 70 sagacitatis,
2031 623 90 70 &
2049 623 126 70 iudi¬-

465 681 141 50 care
554 681 159 50 recte
660 681 124 50 non
730 681 159 50 esset
837 681 212 50 maximum,
996 681 106 50 vt
1049 681 106 50 in
1102 681 212 50 musicis.
1261 681 124 50 Qui
1332 681 177 50 namque
1455 681 141 50 sunt
1544 681 106 50 in
1597 681 212 50 singulis
1756 681 194 50 experti
1897 681 159 50 recte
2003 681 159 50 opera
2092 681 88 50 iu¬-

472 732 196 68 dicant,
615 732 89 68 &
651 732 179 68 quibus
776 732 125 68 aut
847 732 196 68 quomodo
990 732 303 68 perficiuntur,
1240 732 89 68 &
1275 732 143 68 quae
1365 732 161 68 sunt.
1472 732 125 68 his
1543 732 196 68 consona
1686 732 321 68 comprehendunt.
1954 732 107 68 In
1989 732 179 68 expertis

473 793 152 71 autem
575 793 152 71 satis
676 793 135 71 est,
761 793 101 71 si
811 793 118 71 non
879 793 169 71 lateat
997 793 152 71 ipsos
1099 793 152 71 vtrum
1200 793 135 71 bene
1285 793 101 71 an
1335 793 135 71 male
1420 793 169 71 factum
1538 793 118 71 sit
1606 793 152 71 opus,
1707 793 101 71 vt
1758 793 101 71 in
1809 793 203 71 pictura.
1961 793 152 71 Leges
2046 793 118 71 autem

473 848 210 76 operibus
630 848 192 76 similes
770 848 227 76 ciuilibus
944 848 157 76 sunt.
1049 848 175 76 Quonam
1172 848 175 76 igitur
1294 848 157 76 pacto
1399 848 210 76 quispiam
1556 848 105 76 ex
1609 848 122 76 his
1679 848 157 76 legum
1783 848 175 76 fuerit
1906 848 175 76 lator,
2028 848 122 76 aut
2081 848 87 76 eas

489 902 145 67 quae
579 902 145 67 sunt
670 902 181 67 optime
796 902 289 67 iudicauerit?
1032 902 163 67 Neque
1140 902 145 67 enim
1230 902 181 67 medici
1357 902 217 67 videntur
1520 902 109 67 ex
1574 902 181 67 libris
1701 902 181 67 fieri:
1827 902 90 67 &
1864 902 163 67 tamen
1972 902 181 67 dicere
2081 902 90 67 co¬-

469 958 182 64 nantur
596 958 128 64 non
669 958 164 64 solum
779 958 274 64 curationes,
998 958 128 64 sed
1071 958 164 64 etiam
1180 958 274 64 aegrotantes
1399 958 182 64 curari
1527 958 182 64 posse:
1654 958 109 64 Et
1709 958 109 64 vt
1764 958 182 64 curare
1891 958 201 64 oportet
2019 958 146 64 habitu

484 1013 293 73 vniuscuiusque
725 1013 241 73 distincto.
915 1013 138 73 Haec
1001 1013 155 73 autem
1105 1013 207 73 expertis
1260 1013 172 73 quidem
1381 1013 190 73 vtilia,
1519 1013 121 73 iis
1588 1013 138 73 vero
1674 1013 121 73 qui
1743 1013 207 73 scientia
1898 1013 172 73 carent
2002 1013 172 73 inutilia

477 1071 138 70 esse
563 1071 224 70 videntur.
735 1071 103 70 Et
787 1071 155 70 legum
890 1071 172 70 igitur
1010 1071 207 70 forsitan
1165 1071 86 70 &
1200 1071 155 70 rerum
1303 1071 241 70 publicarum
1493 1071 327 70 congregationes,
1768 1071 121 70 iis
1837 1071 172 70 quidem
1957 1071 121 70 qui
2009 1071 155 70 prospi¬-

469 1123 142 73 cere
558 1123 160 73 atque
664 1123 248 73 discernere
859 1123 195 73 possunt
1001 1123 195 73 quidnam
1143 1123 160 73 recte
1249 1123 142 73 sese
1338 1123 177 73 habet,
1462 1123 124 73 vel
1533 1123 195 73 contra,
1675 1123 124 73 aut
1746 1123 142 73 quae
1834 1123 177 73 quibus
1941 1123 230 73 accommodan¬-

466 1188 137 70 tur:
551 1188 171 70 vtiles
671 1188 137 70 esse
756 1188 205 70 possunt?
910 1188 119 70 sed
978 1188 102 70 ii
1029 1188 119 70 qui
1098 1188 137 70 sine
1183 1188 171 70 habitu
1302 1188 154 70 talia
1405 1188 222 70 tractant,
1576 1188 154 70 recte
1678 1188 171 70 quidem
1797 1188 205 70 iudicare
1951 1188 119 70 non
2002 1188 171 70 possunt,

469 1238 144 63 nisi
559 1238 234 63 fortuitu.
739 1238 162 63 magis
846 1238 162 63 autem
954 1238 108 63 ad
1008 1238 108 63 ea
1062 1238 323 63 comprehendenda
1332 1238 216 63 fortasse
1493 1238 198 63 fuerint
1637 1238 162 63 apti.
1745 1238 126 63 Cum
1817 1238 180 63 igitur
1942 1238 180 63 nostri
2050 1238 126 63 maio¬-

467 1295 123 61 res
538 1295 105 61 ea
590 1295 140 61 quae
678 1295 105 61 ad
730 1295 245 61 facultatem
923 1295 245 61 ferendarum
1116 1295 158 61 legum
1221 1295 263 61 pertinerent
1431 1295 140 61 sine
1519 1295 315 61 perscrutatione
1782 1295 280 61 reliquerint,
1992 1295 175 61 nosipsos

472 1352 144 76 illa
562 1352 217 76 fortasse
725 1352 217 76 praestat
887 1352 289 76 considerare,
1122 1352 90 76 &
1158 1352 181 76 omnino
1284 1352 108 76 de
1339 1352 235 76 republica
1519 1352 271 76 pertractare
1736 1352 217 76 oportet,
1898 1352 108 76 vt
1952 1352 162 76 quoad
2043 1352 126 76 fieri

460 1404 194 74 potest,
602 1404 106 74 ea
655 1404 265 74 philosophia
867 1404 283 74 perficiatur,
1096 1404 141 74 quae
1185 1404 159 74 circa
1291 1404 124 74 res
1361 1404 194 74 humanas
1503 1404 230 74 versatur.
1679 1404 177 74 Primum
1803 1404 177 74 itaque
1927 1404 106 74 si
1980 1404 141 74 quid
2050 1404 124 74 recte

457 1462 124 70 sit
528 1462 89 70 a
564 1462 231 70 maioribus
741 1462 195 70 dictum,
883 1462 106 70 id
936 1462 213 70 enitamur
1096 1462 248 70 recensere.
1291 1462 177 70 Deinde
1416 1462 106 70 ex
1469 1462 266 70 congregatis
1682 1462 160 70 rebus
1788 1462 213 70 publicis
1930 1462 231 70 considerare

469 1519 191 62 quaenam
608 1519 226 62 ciuitates
781 1519 87 62 &
816 1519 156 62 rerum
920 1519 243 62 publicarum
1111 1519 208 62 singulas
1267 1519 226 62 euertunt,
1441 1519 156 62 atque
1545 1519 260 62 conseruant.
1753 1519 104 62 Et
1805 1519 139 62 quas
1892 1519 104 62 ob
1944 1519 174 62 causas
2048 1519 122 62 aliae

466 1575 162 68 recte
574 1575 288 68 gubernantur,
808 1575 162 68 aliae
916 1575 198 68 contra.
1060 1575 126 68 His
1132 1575 144 68 enim
1222 1575 270 68 perspectis,
1438 1575 162 68 magis
1546 1575 216 68 fortasse
1708 1575 288 68 perceperimus
1942 1575 198 68 quaenam
2068 1575 90 68 sit

459 1630 269 92 respublica
670 1630 211 92 optima,
823 1630 96 92 &
862 1630 211 92 quomodo
1015 1630 269 92 vnaquaeque
1227 1630 250 92 disposita
1418 1630 230 92 quibusue
1591 1630 211 92 legibus
1745 1630 173 92 vtens
1860 1630 115 92 ac
1917 1630 211 92 moribus
2052 1630 115 92 bene

457 1681 197 87 fuerit
595 1681 296 87 constituta.
832 1681 217 87 Dicamus
990 1681 197 87 igitur
1128 1681 158 87 hinc
1226 1681 197 87 initio
1345 1681 177 87 sumpto.

937 1756 278 110 Ethicorum
1150 1756 320 110 Aristotelis
1385 1756 171 110 Finis.

475 1888 76 69 ⁋
505 1888 181 69 Sequitur
641 1888 166 69 litera.
762 1888 121 69 Haec
838 1888 106 69 cum
898 1888 106 69 ita
958 1888 136 69 sint,
1049 1888 91 69 vt
1094 1888 121 69 nemo
1170 1888 121 69 nisi
1245 1888 151 69 sciens
1351 1888 151 69 possit
1457 1888 121 69 esse
1533 1888 227 69 legislator.
1714 1888 166 69 Quoniam
1835 1888 181 69 originem
1956 1888 196 69 felicitatia

481 1951 153 56 posuit
588 1951 137 56 legis
679 1951 183 56 latorem,
816 1951 183 56 inquirit
954 1951 107 56 qua
1015 1951 107 56 via
1076 1951 183 56 quispiam
1213 1951 122 56 fiet
1289 1951 168 56 peritus
1411 1951 229 56 legissator.
1594 1951 229 56 Conducibile
1778 1951 107 56 est
1839 1951 122 56 post
1900 1951 259 56 determinationem

465 2001 95 57 de
513 2001 174 57 moribus
639 2001 158 57 videre
749 2001 158 57 quanam
860 2001 110 57 via
923 2001 189 57 quispiam
1065 2001 221 57 legistator
1239 2001 174 57 euadere
1365 2001 174 57 possit.
1491 2001 95 57 An
1539 2001 95 57 ab
1586 2001 110 57 his
1649 2001 110 57 qui
1712 2001 237 57 rempublicam
1902 2001 221 57 gubernant,
2060 2001 110 57 quen¬-

471 2043 173 46 admodum
597 2043 94 46 in
644 2043 188 46 caeteris
785 2043 251 46 facultatibus
989 2043 94 46 in
1037 2043 110 46 vsu
1099 2043 126 46 est,
1178 2043 126 46 quia
1256 2043 141 46 legum
1351 2043 220 46 ferendarum
1523 2043 188 46 facultas
1665 2043 188 46 politiae
1806 2043 126 46 pars
1884 2043 126 46 est.
1963 2043 94 46 An
2010 2043 110 46 non
2057 2043 110 46 simi¬-

464 2089 127 52 liter
549 2089 85 52 in
591 2089 141 52 ciuili
690 2089 71 52 &
718 2089 85 52 in
760 2089 169 52 caeteris
887 2089 184 52 scientiis
1029 2089 113 52 fit.
1099 2089 99 52 Nam
1156 2089 85 52 in
1198 2089 127 52 aliis
1283 2089 155 52 artibus
1396 2089 113 52 idem
1466 2089 127 52 artem
1551 2089 141 52 tradit
1650 2089 71 52 &
1678 2089 99 52 per
1734 2089 99 52 eam
1791 2089 184 52 operatur.
1932 2089 184 52 Inductiue
2059 2089 99 52 illud

456 2138 107 59 est
517 2138 198 59 liquidum,
669 2138 92 59 de
715 2138 229 59 pictoribus,
898 2138 183 59 medicis,
1035 2138 183 59 scribis,
1173 2138 259 59 calcificibus,
1386 2138 229 59 vestiariis,
1569 2138 76 59 &
1600 2138 168 59 denique
1722 2138 92 59 de
1767 2138 183 59 omnibus,
1905 2138 92 59 at
1935 2138 229 59 gubernandarum

465 2186 135 58 rerum
555 2186 210 58 publicarum
720 2186 135 58 artem
810 2186 195 58 sophistae
960 2186 240 58 profitentur,
1155 2186 150 58 quorum
1260 2186 150 58 nullus
1364 2186 225 58 rempublicam
1544 2186 210 58 moderatur.
1709 2186 195 58 Sophistes
1859 2186 105 58 non
1919 2186 165 58 capitur
2039 2186 105 58 hic
2084 2186 75 58 pro

459 2234 197 58 callente
606 2234 246 58 sophismata,
803 2234 82 58 &
836 2234 115 58 pro
902 2234 246 58 cauillatore
1098 2234 197 58 sophiae,
1246 2234 115 58 sed
1312 2234 115 58 pro
1377 2234 213 58 apparente
1542 2234 82 58 &
1574 2234 115 58 non
1640 2234 213 58 existente
1804 2234 213 58 sapiente,
1968 2234 164 58 sophia
2067 2234 98 58 enim

462 2277 204 57 sapientia
619 2277 78 57 &
650 2277 141 57 sophi
744 2277 219 57 sapientes.
917 2277 219 57 philosophi
1089 2277 188 57 amatores
1230 2277 235 57 sapientiae.
1419 2277 188 57 Erantque
1560 2277 204 57 sophistae
1716 2277 219 57 rhetoricam
1889 2277 188 57 docentes
2030 2277 78 57 &
2046 2277 125 57 decla¬-

455 2327 117 50 mare
528 2327 117 50 quod
602 2327 102 50 non
660 2327 102 50 fit
718 2327 117 50 sine
791 2327 132 50 legum
879 2327 219 50 adductione:
1054 2327 146 50 itaque
1157 2327 88 50 se
1201 2327 132 50 legum
1288 2327 161 50 peritos
1405 2327 234 50 iactitabant:
1595 2327 146 50 quarum
1697 2327 117 50 vere
1770 2327 146 50 periti
1873 2327 117 50 esse
1946 2327 146 50 debent
2033 2327 132 50 praefe¬-

457 2376 127 50 cti,
536 2376 190 50 iudices,
679 2376 174 50 Tribuni
806 2376 158 50 plebis
917 2376 206 50 praetores
1075 2376 253 50 propraetores
1281 2376 79 50 &
1313 2376 127 50 alii
1392 2376 111 50 qui
1455 2376 95 50 in
1503 2376 206 50 republica
1661 2376 206 50 insudant.
1819 2376 143 50 Verum
1915 2376 143 50 multi
2010 2376 111 50 qui
2057 2376 111 50 aliis

456 2421 188 56 praesunt
597 2421 94 56 ad
644 2421 94 56 id
691 2421 172 56 muneris
816 2421 157 56 inepti
926 2421 204 56 videntur:
1083 2421 110 56 cum
1145 2421 235 56 experientia
1333 2421 78 56 &
1364 2421 204 56 potentia,
1521 2421 110 56 hoc
1584 2421 110 56 est
1646 2421 157 56 habitu
1756 2421 94 56 ex
1803 2421 251 56 consuetudine
1991 2421 172 56 acquisito

460 2469 131 47 magis
548 2469 116 47 quam
621 2469 131 47 mente
708 2469 131 47 agere
795 2469 204 47 videantur.
955 2469 102 47 Per
1014 2469 146 47 mentem
1115 2469 218 47 intellectum
1290 2469 102 47 vel
1348 2469 189 47 scientiam
1494 2469 218 47 intelligit.
1669 2469 160 47 Constat
1785 2469 131 47 autem
1872 2469 102 47 eos
1931 2469 87 47 de
1974 2469 160 47 talibus
2076 2469 73 47 nec

462 2514 186 60 scribere
601 2514 108 60 nec
663 2514 155 60 loqui:
771 2514 124 60 quod
849 2514 139 60 tamen
941 2514 201 60 venustius
1096 2514 139 60 foret
1189 2514 124 60 quam
1267 2514 217 60 iudiciales
1437 2514 201 60 orationes
1592 2514 294 60 deliberatiuasve
1839 2514 93 60 in
1886 2514 232 60 concionibus
2056 2514 93 60 con¬-

462 2562 171 52 ponere,
587 2562 124 52 more
664 2562 202 52 oratorum.
819 2562 93 52 Qa
866 2562 124 52 vero
944 2562 93 52 id
990 2562 155 52 facere
1099 2562 186 52 nequeant
1238 2562 109 52 hoc
1300 2562 171 52 indicio
1425 2562 279 52 deprehenditur:
1657 2562 109 52 cum
1719 2562 109 52 nec
1782 2562 155 52 filios
1890 2562 109 52 nec
1952 2562 186 52 amicorum
2076 2562 78 52 vl¬-

465 2610 102 51 los
524 2610 87 51 ad
567 2610 174 51 regendum
698 2610 160 51 idoneos
814 2610 203 51 efficiant,
974 2610 116 51 quod
1046 2610 131 51 tamen
1133 2610 160 51 rationi
1250 2610 232 51 consentaneum
1438 2610 116 51 erat
1511 2610 102 51 eos
1569 2610 174 51 facturos
1700 2610 145 51 fuisse
1801 2610 87 51 si
1845 2610 218 51 potuissent:
2019 2610 102 51 nec
2063 2610 87 51 ali¬-

459 2654 119 59 quid
533 2654 237 59 praestantius
726 2654 193 59 sibiipsis
874 2654 104 59 aut
933 2654 178 59 ciuitati
1067 2654 252 59 reliquissent.
1274 2654 104 59 Non
1333 2654 133 59 tamen
1422 2654 163 59 ciuilis
1541 2654 237 59 excercitatio
1733 2654 104 59 est
1792 2654 193 59 inutilis:
1941 2654 119 59 quia
2015 2654 119 59 illa
2074 2654 74 59 ex¬-

458 2704 222 51 cercitatio
633 2704 191 51 plurimum
776 2704 207 51 conducit:
935 2704 175 51 alioqui
1062 2704 159 51 minime
1173 2704 175 51 fierent
1300 2704 111 51 per
1364 2704 175 51 ciuilem
1491 2704 270 51 consuetudinem
1713 2704 95 51 ad
1761 2704 191 51 regendam
1904 2704 238 51 rempublicam
2079 2704 79 51 ma¬-

462 2751 106 57 gis
522 2751 166 57 idonei,
643 2751 121 57 quod
719 2751 151 57 liquet
825 2751 166 57 rationi
946 2751 121 57 esse
1021 2751 257 57 dissentaneum.
1233 2751 181 57 Quocirca
1369 2751 106 57 iis
1429 2751 106 57 qui
1490 2751 91 57 de
1535 2751 91 57 re
1581 2751 151 57 ciuili
1686 2751 212 57 internosse
1853 2751 197 57 expetunt,
1989 2751 166 57 experien¬-

459 2800 111 61 tia
522 2800 126 61 opus
601 2800 126 61 est.
680 2800 174 61 Vidimus
807 2800 126 61 enim
886 2800 142 61 multa
980 2800 221 61 plebiscita
1154 2800 79 61 &
1186 2800 158 61 multas
1296 2800 253 61 praefectorum
1502 2800 142 61 leges
1596 2800 126 61 sine
1675 2800 237 61 experientia
1865 2800 142 61 latas
1959 2800 142 61 (quae
2038 2800 111 61 primo

471 2842 173 57 obtuitu
597 2842 142 57 nobis
692 2842 173 57 rationi
818 2842 252 57 consentaneae
1022 2842 142 57 visae
1117 2842 142 57 sunt)
1211 2842 205 57 sinistrum
1369 2842 157 57 exitum
1479 2842 189 57 sortiri,
1621 2842 79 57 &
1652 2842 205 57 propterea
1810 2842 110 57 mox
1873 2842 205 57 abolitas.
2030 2842 110 57 Qui
2077 2842 79 57 rei

472 2893 186 59 publicae
612 2893 186 59 praesunt
752 2893 140 59 multa
845 2893 109 59 per
907 2893 248 59 experientiam
1109 2893 171 59 norunt.
1233 2893 171 59 Insuper
1357 2893 233 59 sophistarum
1544 2893 93 59 ii
1590 2893 109 59 qui
1652 2893 124 59 hanc
1730 2893 140 59 artem
1823 2893 233 59 profitentur
2009 2893 93 59 ab
2040 2893 109 59 huius

455 2942 212 52 facultatis
622 2942 212 52 traditione
788 2942 121 52 sunt
864 2942 167 52 remoti.
986 2942 136 52 Neque
1076 2942 121 52 enim
1152 2942 121 52 quid
1228 2942 106 52 sit
1289 2942 106 52 nec
1349 2942 136 52 circa
1440 2942 121 52 quae
1516 2942 167 52 insudet
1637 2942 121 52 ipsi
1713 2942 227 52 didicerunt.
1895 2942 106 52 Hoc
1956 2942 121 52 tali
2017 2942 136 52 ratione

466 2989 267 50 deprehenditur.
688 2989 89 50 Si
733 2989 119 50 enim
807 2989 89 50 id
851 2989 237 50 cognoscerent
1044 2989 104 50 non
1103 2989 178 50 dicerent
1237 2989 163 50 ciuilem
1355 2989 207 50 facultatem
1518 2989 119 50 esse
1592 2989 148 50 eandem
1696 2989 104 50 cum
1755 2989 193 50 oratoria:
1903 2989 163 50 proinde
2007 2989 148 50 nesciunt

461 3035 113 61 quid
531 3035 113 61 est:
602 3035 70 61 &
630 3035 98 61 cum
686 3035 141 61 dicant
784 3035 98 61 eam
841 3035 113 61 esse
911 3035 197 61 inferiorem
1066 3035 113 61 arte
1136 3035 183 61 oratoria,
1277 3035 169 61 nesciunt
1403 3035 127 61 circa
1488 3035 113 61 quae
1558 3035 183 61 versatur.
1699 3035 155 61 Insuper
1811 3035 98 61 non
1868 3035 225 61 existimarent
2036 3035 113 61 facile

456 3083 129 59 esse
537 3083 145 59 leges
633 3083 161 59 ferre.
746 3083 129 59 Huic
827 3083 177 59 rationi
956 3083 226 59 innitentes
1134 3083 161 59 dicunt
1246 3083 194 59 oportere
1392 3083 161 59 multas
1505 3083 145 59 leges
1601 3083 81 59 a
1634 3083 210 59 maioribus
1795 3083 242 59 elucubratas
1973 3083 177 59 colligere

457 3130 231 59 optimasque
638 3130 214 59 diligere,
803 3130 115 59 quo
869 3130 165 59 habito
984 3130 181 59 ciuilis
1116 3130 198 59 facultas
1265 3130 247 59 pulcherrima
1462 3130 264 59 conflabitur.
1677 3130 99 59 Eo
1726 3130 148 59 pacto
1825 3130 132 59 vani
1908 3130 231 59 blaterones
2073 3130 82 59 di¬-

461 3176 132 61 cunt
544 3176 231 61 facillimum
726 3176 132 61 esse
808 3176 165 61 factu,
924 3176 182 61 egregia
1056 3176 198 61 volumina
1205 3176 182 61 condere
1337 3176 198 61 legesque
1486 3176 182 61 optimas
1618 3176 215 61 deligere.
1783 3176 99 61 i.
1833 3176 99 61 de
1883 3176 165 61 multis
1982 3176 165 61 eligere.

463 3233 189 54 proinde
600 3233 155 54 quasi
704 3233 206 54 delectio
859 3233 224 54 optimarum
1031 3233 120 54 non
1099 3233 155 54 esset
1203 3233 258 54 sagacitatis
1409 3233 86 54 &
1444 3233 258 54 sollertiae.
1650 3233 155 54 Hebes
1753 3233 86 54 &
1788 3233 138 54 rudi
1874 3233 189 54 Minerua
1994 3233 155 54 praedi¬-

452 3268 108 84 tus
513 3268 108 84 pro
575 3268 139 84 bonis
667 3268 123 84 mala
744 3268 200 84 decerpet,
898 3268 77 84 &
929 3268 170 84 incerta
1053 3268 108 84 pro
1114 3268 154 84 certis
1222 3268 185 84 capeiet,
1361 3268 77 84 &
1392 3268 200 84 saeperius
1546 3268 139 84 leges
1638 3268 200 84 oppositas
1792 3268 154 84 variis
1900 3268 92 84 in
1946 3268 139 84 locis
2023 3268 139 84 ciebit.
