<?xml version="1.0" encoding="UTF-8"?>
<alto xmlns:xsi="http://www.w3.org/2001/XMLSchema-instance"
      xmlns="http://www.loc.gov/standards/alto/ns-v4#"
      xmlns:page="http://schema.primaresearch.org/PAGE/gts/pagecontent/2013-07-15"
      xsi:schemaLocation="http://www.loc.gov/standards/alto/ns-v4# https://www.loc.gov/standards/alto/v4/alto.xsd">
   <Description>
      <MeasurementUnit>pixel</MeasurementUnit>
      <OCRProcessing ID="IdOcr">
         <ocrProcessingStep>
            <processingDateTime>2021-02-27T08:22:42.324-05:00</processingDateTime>
            <processingSoftware>
               <softwareCreator>READ COOP</softwareCreator>
               <softwareName>Transkribus</softwareName>
            </processingSoftware>
         </ocrProcessingStep>
      </OCRProcessing>
   </Description>
   <Tags/>
   <Layout>
      <Page ID="Page1" PHYSICAL_IMG_NR="1" HEIGHT="3604" WIDTH="2586">
         <TopMargin HEIGHT="0" WIDTH="2586" VPOS="0" HPOS="0"/>
         <LeftMargin HEIGHT="3604" WIDTH="0" VPOS="0" HPOS="0"/>
         <RightMargin HEIGHT="3604" WIDTH="0" VPOS="0" HPOS="2586"/>
         <BottomMargin HEIGHT="0" WIDTH="2586" VPOS="3604" HPOS="0"/>
         <PrintSpace HEIGHT="3604" WIDTH="2586" VPOS="0" HPOS="0">
            <TextBlock ID="r2" HEIGHT="3139" WIDTH="1698" VPOS="211" HPOS="455">
               <Shape>
                  <Polygon POINTS="455,211 455,3350 2153,3350 2153,211"/>
               </Shape>
               <TextLine ID="r2l2"
                         BASELINE="479,347 562,347 646,347 729,347 813,347 897,347 980,347 1064,348 1147,348 1231,348 1315,348 1398,348 1482,350 1565,350 1649,350 1733,351 1816,351 1900,351 1983,353 2067,353 2151,353"
                         HEIGHT="86"
                         WIDTH="1695"
                         VPOS="284"
                         HPOS="467">
                  <String HEIGHT="86"
                          WIDTH="252"
                          VPOS="284"
                          HPOS="449"
                          CONTENT="sibiipsis,"/>
                  <SP HEIGHT="86" WIDTH="18" VPOS="284" HPOS="701"/>
                  <String HEIGHT="86" WIDTH="126" VPOS="284" HPOS="647" CONTENT="aut"/>
                  <SP HEIGHT="86" WIDTH="18" VPOS="284" HPOS="774"/>
                  <String HEIGHT="86"
                          WIDTH="270"
                          VPOS="284"
                          HPOS="719"
                          CONTENT="charissimis"/>
                  <SP HEIGHT="86" WIDTH="18" VPOS="284" HPOS="990"/>
                  <String HEIGHT="86"
                          WIDTH="162"
                          VPOS="284"
                          HPOS="936"
                          CONTENT="aliud"/>
                  <SP HEIGHT="86" WIDTH="18" VPOS="284" HPOS="1098"/>
                  <String HEIGHT="86"
                          WIDTH="162"
                          VPOS="284"
                          HPOS="1044"
                          CONTENT="magis"/>
                  <SP HEIGHT="86" WIDTH="18" VPOS="284" HPOS="1206"/>
                  <String HEIGHT="86"
                          WIDTH="234"
                          VPOS="284"
                          HPOS="1152"
                          CONTENT="optassent"/>
                  <SP HEIGHT="86" WIDTH="18" VPOS="284" HPOS="1387"/>
                  <String HEIGHT="86"
                          WIDTH="144"
                          VPOS="284"
                          HPOS="1333"
                          CONTENT="quam"/>
                  <SP HEIGHT="86" WIDTH="18" VPOS="284" HPOS="1477"/>
                  <String HEIGHT="86"
                          WIDTH="162"
                          VPOS="284"
                          HPOS="1423"
                          CONTENT="talia"/>
                  <SP HEIGHT="86" WIDTH="18" VPOS="284" HPOS="1585"/>
                  <String HEIGHT="86"
                          WIDTH="180"
                          VPOS="284"
                          HPOS="1531"
                          CONTENT="posse."/>
                  <SP HEIGHT="86" WIDTH="18" VPOS="284" HPOS="1711"/>
                  <String HEIGHT="86"
                          WIDTH="126"
                          VPOS="284"
                          HPOS="1657"
                          CONTENT="Non"/>
                  <SP HEIGHT="86" WIDTH="18" VPOS="284" HPOS="1783"/>
                  <String HEIGHT="86"
                          WIDTH="162"
                          VPOS="284"
                          HPOS="1729"
                          CONTENT="tamen"/>
                  <SP HEIGHT="86" WIDTH="18" VPOS="284" HPOS="1892"/>
                  <String HEIGHT="86"
                          WIDTH="162"
                          VPOS="284"
                          HPOS="1837"
                          CONTENT="parum"/>
                  <SP HEIGHT="86" WIDTH="18" VPOS="284" HPOS="2000"/>
                  <String HEIGHT="86"
                          WIDTH="234"
                          VPOS="284"
                          HPOS="1928"
                          CONTENT="experientia"/>
               </TextLine>
               <TextLine ID="r2l3"
                         BASELINE="485,405 568,405 651,405 734,404 817,404 900,404 983,404 1066,404 1149,404 1232,404 1315,404 1398,405 1481,405 1564,405 1647,405 1730,407 1813,407 1896,407 1979,407 2062,408 2145,408"
                         HEIGHT="63"
                         WIDTH="1682"
                         VPOS="360"
                         HPOS="474">
                  <String HEIGHT="63"
                          WIDTH="215"
                          VPOS="360"
                          HPOS="456"
                          CONTENT="conferre"/>
                  <SP HEIGHT="63" WIDTH="18" VPOS="360" HPOS="671"/>
                  <String HEIGHT="63"
                          WIDTH="215"
                          VPOS="360"
                          HPOS="617"
                          CONTENT="videtur:"/>
                  <SP HEIGHT="63" WIDTH="18" VPOS="360" HPOS="832"/>
                  <String HEIGHT="63" WIDTH="125" VPOS="360" HPOS="778" CONTENT="non"/>
                  <SP HEIGHT="63" WIDTH="18" VPOS="360" HPOS="903"/>
                  <String HEIGHT="63"
                          WIDTH="143"
                          VPOS="360"
                          HPOS="850"
                          CONTENT="enim"/>
                  <SP HEIGHT="63" WIDTH="18" VPOS="360" HPOS="993"/>
                  <String HEIGHT="63"
                          WIDTH="197"
                          VPOS="360"
                          HPOS="939"
                          CONTENT="fierent"/>
                  <SP HEIGHT="63" WIDTH="18" VPOS="360" HPOS="1136"/>
                  <String HEIGHT="63"
                          WIDTH="125"
                          VPOS="360"
                          HPOS="1082"
                          CONTENT="per"/>
                  <SP HEIGHT="63" WIDTH="18" VPOS="360" HPOS="1208"/>
                  <String HEIGHT="63"
                          WIDTH="197"
                          VPOS="360"
                          HPOS="1154"
                          CONTENT="ciuilem"/>
                  <SP HEIGHT="63" WIDTH="18" VPOS="360" HPOS="1351"/>
                  <String HEIGHT="63"
                          WIDTH="304"
                          VPOS="360"
                          HPOS="1297"
                          CONTENT="consuetudinem"/>
                  <SP HEIGHT="63" WIDTH="18" VPOS="360" HPOS="1601"/>
                  <String HEIGHT="63" WIDTH="107" VPOS="360" HPOS="1548" CONTENT="ad"/>
                  <SP HEIGHT="63" WIDTH="18" VPOS="360" HPOS="1655"/>
                  <String HEIGHT="63"
                          WIDTH="268"
                          VPOS="360"
                          HPOS="1601"
                          CONTENT="gubernandum"/>
                  <SP HEIGHT="63" WIDTH="18" VPOS="360" HPOS="1870"/>
                  <String HEIGHT="63"
                          WIDTH="268"
                          VPOS="360"
                          HPOS="1816"
                          CONTENT="rempublicam"/>
                  <SP HEIGHT="63" WIDTH="18" VPOS="360" HPOS="2084"/>
                  <String HEIGHT="63"
                          WIDTH="143"
                          VPOS="360"
                          HPOS="2013"
                          CONTENT="aptio¬"
                          SUBS_TYPE="HypPart1"
                          SUBS_CONTENT="aptiores."/>
                  <HYP CONTENT="-"/>
               </TextLine>
               <TextLine ID="r2l4"
                         BASELINE="479,462 562,461 646,461 730,461 813,459 897,459 981,459 1064,461 1148,461 1232,461 1316,461 1399,461 1483,462 1567,462 1650,462 1734,464 1818,464 1901,464 1985,464 2069,464 2153,464"
                         HEIGHT="65"
                         WIDTH="1696"
                         VPOS="409"
                         HPOS="468">
                  <String HEIGHT="65"
                          WIDTH="144"
                          VPOS="409"
                          HPOS="450"
                          CONTENT="res."
                          SUBS_TYPE="HypPart2"
                          SUBS_CONTENT="aptiores."/>
                  <SP HEIGHT="65" WIDTH="18" VPOS="409" HPOS="594"/>
                  <String HEIGHT="65"
                          WIDTH="253"
                          VPOS="409"
                          HPOS="540"
                          CONTENT="Quapropter"/>
                  <SP HEIGHT="65" WIDTH="18" VPOS="409" HPOS="793"/>
                  <String HEIGHT="65" WIDTH="126" VPOS="409" HPOS="739" CONTENT="iis"/>
                  <SP HEIGHT="65" WIDTH="18" VPOS="409" HPOS="865"/>
                  <String HEIGHT="65" WIDTH="126" VPOS="409" HPOS="811" CONTENT="qui"/>
                  <SP HEIGHT="65" WIDTH="18" VPOS="409" HPOS="937"/>
                  <String HEIGHT="65" WIDTH="108" VPOS="409" HPOS="883" CONTENT="de"/>
                  <SP HEIGHT="65" WIDTH="18" VPOS="409" HPOS="991"/>
                  <String HEIGHT="65" WIDTH="108" VPOS="409" HPOS="937" CONTENT="re"/>
                  <SP HEIGHT="65" WIDTH="18" VPOS="409" HPOS="1045"/>
                  <String HEIGHT="65"
                          WIDTH="180"
                          VPOS="409"
                          HPOS="991"
                          CONTENT="ciuili"/>
                  <SP HEIGHT="65" WIDTH="18" VPOS="409" HPOS="1172"/>
                  <String HEIGHT="65"
                          WIDTH="198"
                          VPOS="409"
                          HPOS="1118"
                          CONTENT="cupiunt"/>
                  <SP HEIGHT="65" WIDTH="18" VPOS="409" HPOS="1316"/>
                  <String HEIGHT="65"
                          WIDTH="180"
                          VPOS="409"
                          HPOS="1262"
                          CONTENT="scire:"/>
                  <SP HEIGHT="65" WIDTH="18" VPOS="409" HPOS="1442"/>
                  <String HEIGHT="65"
                          WIDTH="271"
                          VPOS="409"
                          HPOS="1388"
                          CONTENT="experientia"/>
                  <SP HEIGHT="65" WIDTH="18" VPOS="409" HPOS="1659"/>
                  <String HEIGHT="65"
                          WIDTH="198"
                          VPOS="409"
                          HPOS="1605"
                          CONTENT="insuper"/>
                  <SP HEIGHT="65" WIDTH="18" VPOS="409" HPOS="1803"/>
                  <String HEIGHT="65"
                          WIDTH="144"
                          VPOS="409"
                          HPOS="1749"
                          CONTENT="opus"/>
                  <SP HEIGHT="65" WIDTH="18" VPOS="409" HPOS="1893"/>
                  <String HEIGHT="65"
                          WIDTH="144"
                          VPOS="409"
                          HPOS="1839"
                          CONTENT="esse"/>
                  <SP HEIGHT="65" WIDTH="18" VPOS="409" HPOS="1984"/>
                  <String HEIGHT="65"
                          WIDTH="217"
                          VPOS="409"
                          HPOS="1929"
                          CONTENT="videtur."/>
                  <SP HEIGHT="65" WIDTH="18" VPOS="409" HPOS="2146"/>
                  <String HEIGHT="65"
                          WIDTH="90"
                          VPOS="409"
                          HPOS="2074"
                          CONTENT="So¬"
                          SUBS_TYPE="HypPart1"
                          SUBS_CONTENT="Sophistarum"/>
                  <HYP CONTENT="-"/>
               </TextLine>
               <TextLine ID="r2l5"
                         BASELINE="482,518 565,518 648,518 731,518 815,518 898,518 981,518 1065,518 1148,518 1231,518 1315,518 1398,519 1481,519 1564,519 1648,519 1731,521 1814,521 1898,521 1981,522 2064,522 2148,522"
                         HEIGHT="70"
                         WIDTH="1686"
                         VPOS="470"
                         HPOS="472">
                  <String HEIGHT="70"
                          WIDTH="244"
                          VPOS="470"
                          HPOS="453"
                          CONTENT="phistarum"
                          SUBS_TYPE="HypPart2"
                          SUBS_CONTENT="Sophistarum"/>
                  <SP HEIGHT="70" WIDTH="19" VPOS="470" HPOS="697"/>
                  <String HEIGHT="70"
                          WIDTH="169"
                          VPOS="470"
                          HPOS="641"
                          CONTENT="autem"/>
                  <SP HEIGHT="70" WIDTH="19" VPOS="470" HPOS="809"/>
                  <String HEIGHT="70" WIDTH="112" VPOS="470" HPOS="753" CONTENT="ii"/>
                  <SP HEIGHT="70" WIDTH="19" VPOS="470" HPOS="865"/>
                  <String HEIGHT="70" WIDTH="131" VPOS="470" HPOS="809" CONTENT="qui"/>
                  <SP HEIGHT="70" WIDTH="19" VPOS="470" HPOS="940"/>
                  <String HEIGHT="70"
                          WIDTH="262"
                          VPOS="470"
                          HPOS="884"
                          CONTENT="facultatem"/>
                  <SP HEIGHT="70" WIDTH="19" VPOS="470" HPOS="1146"/>
                  <String HEIGHT="70"
                          WIDTH="150"
                          VPOS="470"
                          HPOS="1090"
                          CONTENT="hanc"/>
                  <SP HEIGHT="70" WIDTH="19" VPOS="470" HPOS="1240"/>
                  <String HEIGHT="70"
                          WIDTH="300"
                          VPOS="470"
                          HPOS="1184"
                          CONTENT="profitentur:"/>
                  <SP HEIGHT="70" WIDTH="19" VPOS="470" HPOS="1484"/>
                  <String HEIGHT="70"
                          WIDTH="169"
                          VPOS="470"
                          HPOS="1427"
                          CONTENT="longe"/>
                  <SP HEIGHT="70" WIDTH="19" VPOS="470" HPOS="1596"/>
                  <String HEIGHT="70"
                          WIDTH="187"
                          VPOS="470"
                          HPOS="1540"
                          CONTENT="abesse"/>
                  <SP HEIGHT="70" WIDTH="19" VPOS="470" HPOS="1727"/>
                  <String HEIGHT="70" WIDTH="94" VPOS="470" HPOS="1671" CONTENT="a"/>
                  <SP HEIGHT="70" WIDTH="19" VPOS="470" HPOS="1765"/>
                  <String HEIGHT="70"
                          WIDTH="225"
                          VPOS="470"
                          HPOS="1708"
                          CONTENT="tradenda"/>
                  <SP HEIGHT="70" WIDTH="19" VPOS="470" HPOS="1933"/>
                  <String HEIGHT="70"
                          WIDTH="150"
                          VPOS="470"
                          HPOS="1877"
                          CONTENT="ipsa"/>
                  <SP HEIGHT="70" WIDTH="19" VPOS="470" HPOS="2027"/>
                  <String HEIGHT="70"
                          WIDTH="206"
                          VPOS="470"
                          HPOS="1952"
                          CONTENT="videntur."/>
               </TextLine>
               <TextLine ID="r2l6"
                         BASELINE="483,572 566,572 649,572 732,573 815,573 898,573 981,573 1064,573 1147,575 1230,575 1313,575 1396,575 1479,575 1562,575 1645,576 1728,576 1811,576 1894,576 1977,576 2060,576 2144,576"
                         HEIGHT="69"
                         WIDTH="1683"
                         VPOS="538"
                         HPOS="473">
                  <String HEIGHT="69"
                          WIDTH="165"
                          VPOS="538"
                          HPOS="455"
                          CONTENT="Neque"/>
                  <SP HEIGHT="69" WIDTH="18" VPOS="538" HPOS="619"/>
                  <String HEIGHT="69"
                          WIDTH="146"
                          VPOS="538"
                          HPOS="564"
                          CONTENT="enim"/>
                  <SP HEIGHT="69" WIDTH="18" VPOS="538" HPOS="711"/>
                  <String HEIGHT="69"
                          WIDTH="165"
                          VPOS="538"
                          HPOS="656"
                          CONTENT="quale"/>
                  <SP HEIGHT="69" WIDTH="18" VPOS="538" HPOS="821"/>
                  <String HEIGHT="69"
                          WIDTH="146"
                          VPOS="538"
                          HPOS="766"
                          CONTENT="quid"/>
                  <SP HEIGHT="69" WIDTH="18" VPOS="538" HPOS="912"/>
                  <String HEIGHT="69"
                          WIDTH="146"
                          VPOS="538"
                          HPOS="857"
                          CONTENT="est,"/>
                  <SP HEIGHT="69" WIDTH="18" VPOS="538" HPOS="1004"/>
                  <String HEIGHT="69"
                          WIDTH="165"
                          VPOS="538"
                          HPOS="949"
                          CONTENT="neque"/>
                  <SP HEIGHT="69" WIDTH="18" VPOS="538" HPOS="1113"/>
                  <String HEIGHT="69"
                          WIDTH="165"
                          VPOS="538"
                          HPOS="1058"
                          CONTENT="circa"/>
                  <SP HEIGHT="69" WIDTH="18" VPOS="538" HPOS="1223"/>
                  <String HEIGHT="69"
                          WIDTH="146"
                          VPOS="538"
                          HPOS="1168"
                          CONTENT="quae"/>
                  <SP HEIGHT="69" WIDTH="18" VPOS="538" HPOS="1315"/>
                  <String HEIGHT="69"
                          WIDTH="220"
                          VPOS="538"
                          HPOS="1260"
                          CONTENT="versatur"/>
                  <SP HEIGHT="69" WIDTH="18" VPOS="538" HPOS="1479"/>
                  <String HEIGHT="69"
                          WIDTH="183"
                          VPOS="538"
                          HPOS="1424"
                          CONTENT="omnino"/>
                  <SP HEIGHT="69" WIDTH="18" VPOS="538" HPOS="1607"/>
                  <String HEIGHT="69"
                          WIDTH="201"
                          VPOS="538"
                          HPOS="1552"
                          CONTENT="sciunt."/>
                  <SP HEIGHT="69" WIDTH="18" VPOS="538" HPOS="1754"/>
                  <String HEIGHT="69"
                          WIDTH="128"
                          VPOS="538"
                          HPOS="1699"
                          CONTENT="Non"/>
                  <SP HEIGHT="69" WIDTH="18" VPOS="538" HPOS="1827"/>
                  <String HEIGHT="69"
                          WIDTH="146"
                          VPOS="538"
                          HPOS="1772"
                          CONTENT="enim"/>
                  <SP HEIGHT="69" WIDTH="18" VPOS="538" HPOS="1918"/>
                  <String HEIGHT="69"
                          WIDTH="183"
                          VPOS="538"
                          HPOS="1863"
                          CONTENT="ipsam,"/>
                  <SP HEIGHT="69" WIDTH="18" VPOS="538" HPOS="2046"/>
                  <String HEIGHT="69" WIDTH="91" VPOS="538" HPOS="1991" CONTENT="&amp;"/>
                  <SP HEIGHT="69" WIDTH="18" VPOS="538" HPOS="2083"/>
                  <String HEIGHT="69"
                          WIDTH="146"
                          VPOS="538"
                          HPOS="2010"
                          CONTENT="orato¬"
                          SUBS_TYPE="HypPart1"
                          SUBS_CONTENT="oratoriam"/>
                  <HYP CONTENT="-"/>
               </TextLine>
               <TextLine ID="r2l7"
                         BASELINE="483,630 570,629 657,629 744,629 832,629 919,629 1006,629 1094,630 1181,630 1268,630 1356,632 1443,632 1530,632 1618,632 1705,633 1792,633 1880,633 1967,633 2054,633 2142,632"
                         HEIGHT="66"
                         WIDTH="1680"
                         VPOS="591"
                         HPOS="473">
                  <String HEIGHT="66"
                          WIDTH="139"
                          VPOS="591"
                          HPOS="456"
                          CONTENT="riam"
                          SUBS_TYPE="HypPart2"
                          SUBS_CONTENT="oratoriam"/>
                  <SP HEIGHT="66" WIDTH="17" VPOS="591" HPOS="594"/>
                  <String HEIGHT="66"
                          WIDTH="242"
                          VPOS="591"
                          HPOS="542"
                          CONTENT="facultatem"/>
                  <SP HEIGHT="66" WIDTH="17" VPOS="591" HPOS="785"/>
                  <String HEIGHT="66"
                          WIDTH="139"
                          VPOS="591"
                          HPOS="733"
                          CONTENT="idem"/>
                  <SP HEIGHT="66" WIDTH="17" VPOS="591" HPOS="871"/>
                  <String HEIGHT="66"
                          WIDTH="156"
                          VPOS="591"
                          HPOS="819"
                          CONTENT="neque"/>
                  <SP HEIGHT="66" WIDTH="17" VPOS="591" HPOS="975"/>
                  <String HEIGHT="66"
                          WIDTH="242"
                          VPOS="591"
                          HPOS="923"
                          CONTENT="inferiorem"/>
                  <SP HEIGHT="66" WIDTH="17" VPOS="591" HPOS="1166"/>
                  <String HEIGHT="66"
                          WIDTH="225"
                          VPOS="591"
                          HPOS="1114"
                          CONTENT="ponerent,"/>
                  <SP HEIGHT="66" WIDTH="17" VPOS="591" HPOS="1339"/>
                  <String HEIGHT="66"
                          WIDTH="260"
                          VPOS="591"
                          HPOS="1287"
                          CONTENT="congregatis"/>
                  <SP HEIGHT="66" WIDTH="17" VPOS="591" HPOS="1547"/>
                  <String HEIGHT="66"
                          WIDTH="121"
                          VPOS="591"
                          HPOS="1495"
                          CONTENT="iis"/>
                  <SP HEIGHT="66" WIDTH="17" VPOS="591" HPOS="1616"/>
                  <String HEIGHT="66"
                          WIDTH="191"
                          VPOS="591"
                          HPOS="1564"
                          CONTENT="legibus"/>
                  <SP HEIGHT="66" WIDTH="17" VPOS="591" HPOS="1755"/>
                  <String HEIGHT="66"
                          WIDTH="139"
                          VPOS="591"
                          HPOS="1703"
                          CONTENT="quae"/>
                  <SP HEIGHT="66" WIDTH="17" VPOS="591" HPOS="1841"/>
                  <String HEIGHT="66"
                          WIDTH="139"
                          VPOS="591"
                          HPOS="1789"
                          CONTENT="sunt"/>
                  <SP HEIGHT="66" WIDTH="17" VPOS="591" HPOS="1928"/>
                  <String HEIGHT="66"
                          WIDTH="225"
                          VPOS="591"
                          HPOS="1876"
                          CONTENT="probatae."/>
                  <SP HEIGHT="66" WIDTH="17" VPOS="591" HPOS="2101"/>
                  <String HEIGHT="66"
                          WIDTH="121"
                          VPOS="591"
                          HPOS="2032"
                          CONTENT="Fieri"/>
               </TextLine>
               <TextLine ID="r2l8"
                         BASELINE="485,687 568,687 651,687 734,687 817,687 900,687 983,687 1066,688 1149,689 1232,689 1316,689 1399,689 1482,689 1565,689 1648,689 1731,689 1814,689 1897,689 1980,689 2063,689 2147,689"
                         HEIGHT="65"
                         WIDTH="1684"
                         VPOS="653"
                         HPOS="474">
                  <String HEIGHT="65"
                          WIDTH="143"
                          VPOS="653"
                          HPOS="456"
                          CONTENT="enim"/>
                  <SP HEIGHT="65" WIDTH="18" VPOS="653" HPOS="599"/>
                  <String HEIGHT="65"
                          WIDTH="161"
                          VPOS="653"
                          HPOS="546"
                          CONTENT="posse"/>
                  <SP HEIGHT="65" WIDTH="18" VPOS="653" HPOS="707"/>
                  <String HEIGHT="65"
                          WIDTH="197"
                          VPOS="653"
                          HPOS="653"
                          CONTENT="dicunt,"/>
                  <SP HEIGHT="65" WIDTH="18" VPOS="653" HPOS="850"/>
                  <String HEIGHT="65" WIDTH="107" VPOS="653" HPOS="796" CONTENT="vt"/>
                  <SP HEIGHT="65" WIDTH="18" VPOS="653" HPOS="904"/>
                  <String HEIGHT="65"
                          WIDTH="179"
                          VPOS="653"
                          HPOS="850"
                          CONTENT="optime"/>
                  <SP HEIGHT="65" WIDTH="18" VPOS="653" HPOS="1029"/>
                  <String HEIGHT="65"
                          WIDTH="269"
                          VPOS="653"
                          HPOS="976"
                          CONTENT="deligantur."/>
                  <SP HEIGHT="65" WIDTH="18" VPOS="653" HPOS="1244"/>
                  <String HEIGHT="65"
                          WIDTH="197"
                          VPOS="653"
                          HPOS="1191"
                          CONTENT="proinde"/>
                  <SP HEIGHT="65" WIDTH="18" VPOS="653" HPOS="1388"/>
                  <String HEIGHT="65"
                          WIDTH="161"
                          VPOS="653"
                          HPOS="1334"
                          CONTENT="quasi"/>
                  <SP HEIGHT="65" WIDTH="18" VPOS="653" HPOS="1495"/>
                  <String HEIGHT="65"
                          WIDTH="215"
                          VPOS="653"
                          HPOS="1441"
                          CONTENT="delectio"/>
                  <SP HEIGHT="65" WIDTH="18" VPOS="653" HPOS="1656"/>
                  <String HEIGHT="65"
                          WIDTH="125"
                          VPOS="653"
                          HPOS="1603"
                          CONTENT="non"/>
                  <SP HEIGHT="65" WIDTH="18" VPOS="653" HPOS="1728"/>
                  <String HEIGHT="65"
                          WIDTH="161"
                          VPOS="653"
                          HPOS="1674"
                          CONTENT="esset"/>
                  <SP HEIGHT="65" WIDTH="18" VPOS="653" HPOS="1836"/>
                  <String HEIGHT="65"
                          WIDTH="287"
                          VPOS="653"
                          HPOS="1782"
                          CONTENT="sagacitatis,"/>
                  <SP HEIGHT="65" WIDTH="18" VPOS="653" HPOS="2068"/>
                  <String HEIGHT="65" WIDTH="90" VPOS="653" HPOS="2015" CONTENT="&amp;"/>
                  <SP HEIGHT="65" WIDTH="18" VPOS="653" HPOS="2104"/>
                  <String HEIGHT="65"
                          WIDTH="125"
                          VPOS="653"
                          HPOS="2033"
                          CONTENT="iudi¬"
                          SUBS_TYPE="HypPart1"
                          SUBS_CONTENT="iudicare"/>
                  <HYP CONTENT="-"/>
               </TextLine>
               <TextLine ID="r2l9"
                         BASELINE="491,743 573,743 656,743 739,743 822,743 905,743 988,744 1070,744 1153,744 1236,744 1319,744 1402,746 1485,746 1568,746 1650,746 1733,746 1816,746 1899,746 1982,746 2065,746 2148,746"
                         HEIGHT="65"
                         WIDTH="1680"
                         VPOS="701"
                         HPOS="480">
                  <String HEIGHT="65"
                          WIDTH="140"
                          VPOS="701"
                          HPOS="463"
                          CONTENT="care"
                          SUBS_TYPE="HypPart2"
                          SUBS_CONTENT="iudicare"/>
                  <SP HEIGHT="65" WIDTH="18" VPOS="701" HPOS="603"/>
                  <String HEIGHT="65"
                          WIDTH="158"
                          VPOS="701"
                          HPOS="550"
                          CONTENT="recte"/>
                  <SP HEIGHT="65" WIDTH="18" VPOS="701" HPOS="708"/>
                  <String HEIGHT="65" WIDTH="123" VPOS="701" HPOS="655" CONTENT="non"/>
                  <SP HEIGHT="65" WIDTH="18" VPOS="701" HPOS="778"/>
                  <String HEIGHT="65"
                          WIDTH="158"
                          VPOS="701"
                          HPOS="725"
                          CONTENT="esset"/>
                  <SP HEIGHT="65" WIDTH="18" VPOS="701" HPOS="883"/>
                  <String HEIGHT="65"
                          WIDTH="210"
                          VPOS="701"
                          HPOS="830"
                          CONTENT="maximum,"/>
                  <SP HEIGHT="65" WIDTH="18" VPOS="701" HPOS="1040"/>
                  <String HEIGHT="65" WIDTH="105" VPOS="701" HPOS="988" CONTENT="vt"/>
                  <SP HEIGHT="65" WIDTH="18" VPOS="701" HPOS="1093"/>
                  <String HEIGHT="65" WIDTH="105" VPOS="701" HPOS="1040" CONTENT="in"/>
                  <SP HEIGHT="65" WIDTH="18" VPOS="701" HPOS="1145"/>
                  <String HEIGHT="65"
                          WIDTH="210"
                          VPOS="701"
                          HPOS="1093"
                          CONTENT="musicis."/>
                  <SP HEIGHT="65" WIDTH="18" VPOS="701" HPOS="1303"/>
                  <String HEIGHT="65"
                          WIDTH="123"
                          VPOS="701"
                          HPOS="1250"
                          CONTENT="Qui"/>
                  <SP HEIGHT="65" WIDTH="18" VPOS="701" HPOS="1373"/>
                  <String HEIGHT="65"
                          WIDTH="175"
                          VPOS="701"
                          HPOS="1320"
                          CONTENT="namque"/>
                  <SP HEIGHT="65" WIDTH="18" VPOS="701" HPOS="1495"/>
                  <String HEIGHT="65"
                          WIDTH="140"
                          VPOS="701"
                          HPOS="1443"
                          CONTENT="sunt"/>
                  <SP HEIGHT="65" WIDTH="18" VPOS="701" HPOS="1583"/>
                  <String HEIGHT="65" WIDTH="105" VPOS="701" HPOS="1530" CONTENT="in"/>
                  <SP HEIGHT="65" WIDTH="18" VPOS="701" HPOS="1635"/>
                  <String HEIGHT="65"
                          WIDTH="210"
                          VPOS="701"
                          HPOS="1583"
                          CONTENT="singulis"/>
                  <SP HEIGHT="65" WIDTH="18" VPOS="701" HPOS="1793"/>
                  <String HEIGHT="65"
                          WIDTH="193"
                          VPOS="701"
                          HPOS="1740"
                          CONTENT="experti"/>
                  <SP HEIGHT="65" WIDTH="18" VPOS="701" HPOS="1933"/>
                  <String HEIGHT="65"
                          WIDTH="158"
                          VPOS="701"
                          HPOS="1880"
                          CONTENT="recte"/>
                  <SP HEIGHT="65" WIDTH="18" VPOS="701" HPOS="2038"/>
                  <String HEIGHT="65"
                          WIDTH="158"
                          VPOS="701"
                          HPOS="1985"
                          CONTENT="opera"/>
                  <SP HEIGHT="65" WIDTH="18" VPOS="701" HPOS="2143"/>
                  <String HEIGHT="65"
                          WIDTH="88"
                          VPOS="701"
                          HPOS="2073"
                          CONTENT="iu¬"
                          SUBS_TYPE="HypPart1"
                          SUBS_CONTENT="iudicant,"/>
                  <HYP CONTENT="-"/>
               </TextLine>
               <TextLine ID="r2l10"
                         BASELINE="485,798 568,798 651,798 734,800 818,800 901,800 984,800 1068,800 1151,801 1234,801 1318,801 1401,801 1484,801 1567,801 1651,801 1734,801 1817,801 1901,801 1984,801 2067,801 2151,801"
                         HEIGHT="71"
                         WIDTH="1688"
                         VPOS="752"
                         HPOS="474">
                  <String HEIGHT="71"
                          WIDTH="198"
                          VPOS="752"
                          HPOS="456"
                          CONTENT="dicant,"
                          SUBS_TYPE="HypPart2"
                          SUBS_CONTENT="iudicant,"/>
                  <SP HEIGHT="71" WIDTH="18" VPOS="752" HPOS="654"/>
                  <String HEIGHT="71" WIDTH="90" VPOS="752" HPOS="600" CONTENT="&amp;"/>
                  <SP HEIGHT="71" WIDTH="18" VPOS="752" HPOS="689"/>
                  <String HEIGHT="71"
                          WIDTH="180"
                          VPOS="752"
                          HPOS="636"
                          CONTENT="quibus"/>
                  <SP HEIGHT="71" WIDTH="18" VPOS="752" HPOS="815"/>
                  <String HEIGHT="71" WIDTH="126" VPOS="752" HPOS="761" CONTENT="aut"/>
                  <SP HEIGHT="71" WIDTH="18" VPOS="752" HPOS="887"/>
                  <String HEIGHT="71"
                          WIDTH="198"
                          VPOS="752"
                          HPOS="833"
                          CONTENT="quomodo"/>
                  <SP HEIGHT="71" WIDTH="18" VPOS="752" HPOS="1031"/>
                  <String HEIGHT="71"
                          WIDTH="305"
                          VPOS="752"
                          HPOS="977"
                          CONTENT="perficiuntur,"/>
                  <SP HEIGHT="71" WIDTH="18" VPOS="752" HPOS="1282"/>
                  <String HEIGHT="71" WIDTH="90" VPOS="752" HPOS="1228" CONTENT="&amp;"/>
                  <SP HEIGHT="71" WIDTH="18" VPOS="752" HPOS="1318"/>
                  <String HEIGHT="71"
                          WIDTH="144"
                          VPOS="752"
                          HPOS="1264"
                          CONTENT="quae"/>
                  <SP HEIGHT="71" WIDTH="18" VPOS="752" HPOS="1408"/>
                  <String HEIGHT="71"
                          WIDTH="162"
                          VPOS="752"
                          HPOS="1354"
                          CONTENT="sunt."/>
                  <SP HEIGHT="71" WIDTH="18" VPOS="752" HPOS="1516"/>
                  <String HEIGHT="71"
                          WIDTH="126"
                          VPOS="752"
                          HPOS="1462"
                          CONTENT="his"/>
                  <SP HEIGHT="71" WIDTH="18" VPOS="752" HPOS="1587"/>
                  <String HEIGHT="71"
                          WIDTH="198"
                          VPOS="752"
                          HPOS="1533"
                          CONTENT="consona"/>
                  <SP HEIGHT="71" WIDTH="18" VPOS="752" HPOS="1731"/>
                  <String HEIGHT="71"
                          WIDTH="323"
                          VPOS="752"
                          HPOS="1677"
                          CONTENT="comprehendunt."/>
                  <SP HEIGHT="71" WIDTH="18" VPOS="752" HPOS="2000"/>
                  <String HEIGHT="71" WIDTH="108" VPOS="752" HPOS="1947" CONTENT="In"/>
                  <SP HEIGHT="71" WIDTH="18" VPOS="752" HPOS="2054"/>
                  <String HEIGHT="71"
                          WIDTH="180"
                          VPOS="752"
                          HPOS="1982"
                          CONTENT="expertis"/>
               </TextLine>
               <TextLine ID="r2l11"
                         BASELINE="485,855 568,855 651,855 734,855 817,855 900,855 983,856 1067,857 1150,857 1233,857 1316,858 1399,858 1482,858 1565,858 1649,858 1732,858 1815,858 1898,858 1981,858 2064,857 2148,857"
                         HEIGHT="77"
                         WIDTH="1685"
                         VPOS="807"
                         HPOS="475">
                  <String HEIGHT="77"
                          WIDTH="153"
                          VPOS="807"
                          HPOS="458"
                          CONTENT="autem"/>
                  <SP HEIGHT="77" WIDTH="17" VPOS="807" HPOS="611"/>
                  <String HEIGHT="77"
                          WIDTH="153"
                          VPOS="807"
                          HPOS="560"
                          CONTENT="satis"/>
                  <SP HEIGHT="77" WIDTH="17" VPOS="807" HPOS="713"/>
                  <String HEIGHT="77"
                          WIDTH="136"
                          VPOS="807"
                          HPOS="662"
                          CONTENT="est,"/>
                  <SP HEIGHT="77" WIDTH="17" VPOS="807" HPOS="798"/>
                  <String HEIGHT="77" WIDTH="102" VPOS="807" HPOS="747" CONTENT="si"/>
                  <SP HEIGHT="77" WIDTH="17" VPOS="807" HPOS="849"/>
                  <String HEIGHT="77" WIDTH="119" VPOS="807" HPOS="798" CONTENT="non"/>
                  <SP HEIGHT="77" WIDTH="17" VPOS="807" HPOS="918"/>
                  <String HEIGHT="77"
                          WIDTH="170"
                          VPOS="807"
                          HPOS="866"
                          CONTENT="lateat"/>
                  <SP HEIGHT="77" WIDTH="17" VPOS="807" HPOS="1037"/>
                  <String HEIGHT="77"
                          WIDTH="153"
                          VPOS="807"
                          HPOS="986"
                          CONTENT="ipsos"/>
                  <SP HEIGHT="77" WIDTH="17" VPOS="807" HPOS="1139"/>
                  <String HEIGHT="77"
                          WIDTH="153"
                          VPOS="807"
                          HPOS="1088"
                          CONTENT="vtrum"/>
                  <SP HEIGHT="77" WIDTH="17" VPOS="807" HPOS="1241"/>
                  <String HEIGHT="77"
                          WIDTH="136"
                          VPOS="807"
                          HPOS="1190"
                          CONTENT="bene"/>
                  <SP HEIGHT="77" WIDTH="17" VPOS="807" HPOS="1326"/>
                  <String HEIGHT="77" WIDTH="102" VPOS="807" HPOS="1275" CONTENT="an"/>
                  <SP HEIGHT="77" WIDTH="17" VPOS="807" HPOS="1377"/>
                  <String HEIGHT="77"
                          WIDTH="136"
                          VPOS="807"
                          HPOS="1326"
                          CONTENT="male"/>
                  <SP HEIGHT="77" WIDTH="17" VPOS="807" HPOS="1462"/>
                  <String HEIGHT="77"
                          WIDTH="170"
                          VPOS="807"
                          HPOS="1411"
                          CONTENT="factum"/>
                  <SP HEIGHT="77" WIDTH="17" VPOS="807" HPOS="1581"/>
                  <String HEIGHT="77"
                          WIDTH="119"
                          VPOS="807"
                          HPOS="1530"
                          CONTENT="sit"/>
                  <SP HEIGHT="77" WIDTH="17" VPOS="807" HPOS="1649"/>
                  <String HEIGHT="77"
                          WIDTH="153"
                          VPOS="807"
                          HPOS="1598"
                          CONTENT="opus,"/>
                  <SP HEIGHT="77" WIDTH="17" VPOS="807" HPOS="1752"/>
                  <String HEIGHT="77" WIDTH="102" VPOS="807" HPOS="1700" CONTENT="vt"/>
                  <SP HEIGHT="77" WIDTH="17" VPOS="807" HPOS="1803"/>
                  <String HEIGHT="77" WIDTH="102" VPOS="807" HPOS="1752" CONTENT="in"/>
                  <SP HEIGHT="77" WIDTH="17" VPOS="807" HPOS="1854"/>
                  <String HEIGHT="77"
                          WIDTH="204"
                          VPOS="807"
                          HPOS="1803"
                          CONTENT="pictura."/>
                  <SP HEIGHT="77" WIDTH="17" VPOS="807" HPOS="2007"/>
                  <String HEIGHT="77"
                          WIDTH="153"
                          VPOS="807"
                          HPOS="1956"
                          CONTENT="Leges"/>
                  <SP HEIGHT="77" WIDTH="17" VPOS="807" HPOS="2109"/>
                  <String HEIGHT="77"
                          WIDTH="119"
                          VPOS="807"
                          HPOS="2041"
                          CONTENT="autem"/>
               </TextLine>
               <TextLine ID="r2l12"
                         BASELINE="485,911 568,911 651,911 734,911 818,912 901,912 984,912 1068,912 1151,912 1234,914 1318,914 1401,914 1484,914 1567,914 1651,914 1734,914 1817,914 1901,914 1984,914 2067,914 2151,914"
                         HEIGHT="74"
                         WIDTH="1686"
                         VPOS="869"
                         HPOS="475">
                  <String HEIGHT="74"
                          WIDTH="211"
                          VPOS="869"
                          HPOS="457"
                          CONTENT="operibus"/>
                  <SP HEIGHT="74" WIDTH="18" VPOS="869" HPOS="668"/>
                  <String HEIGHT="74"
                          WIDTH="193"
                          VPOS="869"
                          HPOS="616"
                          CONTENT="similes"/>
                  <SP HEIGHT="74" WIDTH="18" VPOS="869" HPOS="809"/>
                  <String HEIGHT="74"
                          WIDTH="228"
                          VPOS="869"
                          HPOS="756"
                          CONTENT="ciuilibus"/>
                  <SP HEIGHT="74" WIDTH="18" VPOS="869" HPOS="984"/>
                  <String HEIGHT="74"
                          WIDTH="158"
                          VPOS="869"
                          HPOS="932"
                          CONTENT="sunt."/>
                  <SP HEIGHT="74" WIDTH="18" VPOS="869" HPOS="1090"/>
                  <String HEIGHT="74"
                          WIDTH="176"
                          VPOS="869"
                          HPOS="1037"
                          CONTENT="Quonam"/>
                  <SP HEIGHT="74" WIDTH="18" VPOS="869" HPOS="1213"/>
                  <String HEIGHT="74"
                          WIDTH="176"
                          VPOS="869"
                          HPOS="1160"
                          CONTENT="igitur"/>
                  <SP HEIGHT="74" WIDTH="18" VPOS="869" HPOS="1336"/>
                  <String HEIGHT="74"
                          WIDTH="158"
                          VPOS="869"
                          HPOS="1283"
                          CONTENT="pacto"/>
                  <SP HEIGHT="74" WIDTH="18" VPOS="869" HPOS="1441"/>
                  <String HEIGHT="74"
                          WIDTH="211"
                          VPOS="869"
                          HPOS="1388"
                          CONTENT="quispiam"/>
                  <SP HEIGHT="74" WIDTH="18" VPOS="869" HPOS="1599"/>
                  <String HEIGHT="74" WIDTH="105" VPOS="869" HPOS="1546" CONTENT="ex"/>
                  <SP HEIGHT="74" WIDTH="18" VPOS="869" HPOS="1652"/>
                  <String HEIGHT="74"
                          WIDTH="123"
                          VPOS="869"
                          HPOS="1599"
                          CONTENT="his"/>
                  <SP HEIGHT="74" WIDTH="18" VPOS="869" HPOS="1722"/>
                  <String HEIGHT="74"
                          WIDTH="158"
                          VPOS="869"
                          HPOS="1669"
                          CONTENT="legum"/>
                  <SP HEIGHT="74" WIDTH="18" VPOS="869" HPOS="1827"/>
                  <String HEIGHT="74"
                          WIDTH="176"
                          VPOS="869"
                          HPOS="1775"
                          CONTENT="fuerit"/>
                  <SP HEIGHT="74" WIDTH="18" VPOS="869" HPOS="1950"/>
                  <String HEIGHT="74"
                          WIDTH="176"
                          VPOS="869"
                          HPOS="1898"
                          CONTENT="lator,"/>
                  <SP HEIGHT="74" WIDTH="18" VPOS="869" HPOS="2073"/>
                  <String HEIGHT="74"
                          WIDTH="123"
                          VPOS="869"
                          HPOS="2021"
                          CONTENT="aut"/>
                  <SP HEIGHT="74" WIDTH="18" VPOS="869" HPOS="2143"/>
                  <String HEIGHT="74" WIDTH="88" VPOS="869" HPOS="2073" CONTENT="eas"/>
               </TextLine>
               <TextLine ID="r2l13"
                         BASELINE="488,966 570,968 653,968 736,968 819,969 902,969 985,969 1067,969 1150,969 1233,969 1316,971 1399,971 1482,971 1565,971 1647,969 1730,969 1813,969 1896,969 1979,969 2062,969 2145,968"
                         HEIGHT="67"
                         WIDTH="1680"
                         VPOS="925"
                         HPOS="476">
                  <String HEIGHT="67"
                          WIDTH="146"
                          VPOS="925"
                          HPOS="458"
                          CONTENT="quae"/>
                  <SP HEIGHT="67" WIDTH="18" VPOS="925" HPOS="604"/>
                  <String HEIGHT="67"
                          WIDTH="146"
                          VPOS="925"
                          HPOS="549"
                          CONTENT="sunt"/>
                  <SP HEIGHT="67" WIDTH="18" VPOS="925" HPOS="695"/>
                  <String HEIGHT="67"
                          WIDTH="183"
                          VPOS="925"
                          HPOS="640"
                          CONTENT="optime"/>
                  <SP HEIGHT="67" WIDTH="18" VPOS="925" HPOS="823"/>
                  <String HEIGHT="67"
                          WIDTH="292"
                          VPOS="925"
                          HPOS="768"
                          CONTENT="iudicauerit?"/>
                  <SP HEIGHT="67" WIDTH="18" VPOS="925" HPOS="1060"/>
                  <String HEIGHT="67"
                          WIDTH="164"
                          VPOS="925"
                          HPOS="1006"
                          CONTENT="Neque"/>
                  <SP HEIGHT="67" WIDTH="18" VPOS="925" HPOS="1170"/>
                  <String HEIGHT="67"
                          WIDTH="146"
                          VPOS="925"
                          HPOS="1115"
                          CONTENT="enim"/>
                  <SP HEIGHT="67" WIDTH="18" VPOS="925" HPOS="1261"/>
                  <String HEIGHT="67"
                          WIDTH="183"
                          VPOS="925"
                          HPOS="1206"
                          CONTENT="medici"/>
                  <SP HEIGHT="67" WIDTH="18" VPOS="925" HPOS="1389"/>
                  <String HEIGHT="67"
                          WIDTH="219"
                          VPOS="925"
                          HPOS="1334"
                          CONTENT="videntur"/>
                  <SP HEIGHT="67" WIDTH="18" VPOS="925" HPOS="1553"/>
                  <String HEIGHT="67" WIDTH="110" VPOS="925" HPOS="1499" CONTENT="ex"/>
                  <SP HEIGHT="67" WIDTH="18" VPOS="925" HPOS="1608"/>
                  <String HEIGHT="67"
                          WIDTH="183"
                          VPOS="925"
                          HPOS="1553"
                          CONTENT="libris"/>
                  <SP HEIGHT="67" WIDTH="18" VPOS="925" HPOS="1736"/>
                  <String HEIGHT="67"
                          WIDTH="183"
                          VPOS="925"
                          HPOS="1681"
                          CONTENT="fieri:"/>
                  <SP HEIGHT="67" WIDTH="18" VPOS="925" HPOS="1864"/>
                  <String HEIGHT="67" WIDTH="91" VPOS="925" HPOS="1809" CONTENT="&amp;"/>
                  <SP HEIGHT="67" WIDTH="18" VPOS="925" HPOS="1900"/>
                  <String HEIGHT="67"
                          WIDTH="164"
                          VPOS="925"
                          HPOS="1846"
                          CONTENT="tamen"/>
                  <SP HEIGHT="67" WIDTH="18" VPOS="925" HPOS="2010"/>
                  <String HEIGHT="67"
                          WIDTH="183"
                          VPOS="925"
                          HPOS="1955"
                          CONTENT="dicere"/>
                  <SP HEIGHT="67" WIDTH="18" VPOS="925" HPOS="2138"/>
                  <String HEIGHT="67"
                          WIDTH="91"
                          VPOS="925"
                          HPOS="2065"
                          CONTENT="co¬"
                          SUBS_TYPE="HypPart1"
                          SUBS_CONTENT="conantur"/>
                  <HYP CONTENT="-"/>
               </TextLine>
               <TextLine ID="r2l14"
                         BASELINE="488,1025 570,1025 652,1025 734,1025 817,1025 899,1025 981,1025 1063,1025 1146,1025 1228,1026 1310,1026 1392,1026 1475,1026 1557,1026 1639,1028 1721,1028 1804,1028 1886,1028 1968,1028 2050,1026 2133,1026"
                         HEIGHT="54"
                         WIDTH="1666"
                         VPOS="991"
                         HPOS="477">
                  <String HEIGHT="54"
                          WIDTH="181"
                          VPOS="991"
                          HPOS="459"
                          CONTENT="nantur"
                          SUBS_TYPE="HypPart2"
                          SUBS_CONTENT="conantur"/>
                  <SP HEIGHT="54" WIDTH="18" VPOS="991" HPOS="640"/>
                  <String HEIGHT="54" WIDTH="127" VPOS="991" HPOS="586" CONTENT="non"/>
                  <SP HEIGHT="54" WIDTH="18" VPOS="991" HPOS="712"/>
                  <String HEIGHT="54"
                          WIDTH="163"
                          VPOS="991"
                          HPOS="658"
                          CONTENT="solum"/>
                  <SP HEIGHT="54" WIDTH="18" VPOS="991" HPOS="821"/>
                  <String HEIGHT="54"
                          WIDTH="272"
                          VPOS="991"
                          HPOS="767"
                          CONTENT="curationes,"/>
                  <SP HEIGHT="54" WIDTH="18" VPOS="991" HPOS="1038"/>
                  <String HEIGHT="54" WIDTH="127" VPOS="991" HPOS="984" CONTENT="sed"/>
                  <SP HEIGHT="54" WIDTH="18" VPOS="991" HPOS="1111"/>
                  <String HEIGHT="54"
                          WIDTH="163"
                          VPOS="991"
                          HPOS="1056"
                          CONTENT="etiam"/>
                  <SP HEIGHT="54" WIDTH="18" VPOS="991" HPOS="1219"/>
                  <String HEIGHT="54"
                          WIDTH="272"
                          VPOS="991"
                          HPOS="1165"
                          CONTENT="aegrotantes"/>
                  <SP HEIGHT="54" WIDTH="18" VPOS="991" HPOS="1437"/>
                  <String HEIGHT="54"
                          WIDTH="181"
                          VPOS="991"
                          HPOS="1382"
                          CONTENT="curari"/>
                  <SP HEIGHT="54" WIDTH="18" VPOS="991" HPOS="1564"/>
                  <String HEIGHT="54"
                          WIDTH="181"
                          VPOS="991"
                          HPOS="1509"
                          CONTENT="posse:"/>
                  <SP HEIGHT="54" WIDTH="18" VPOS="991" HPOS="1690"/>
                  <String HEIGHT="54" WIDTH="109" VPOS="991" HPOS="1636" CONTENT="Et"/>
                  <SP HEIGHT="54" WIDTH="18" VPOS="991" HPOS="1745"/>
                  <String HEIGHT="54" WIDTH="109" VPOS="991" HPOS="1690" CONTENT="vt"/>
                  <SP HEIGHT="54" WIDTH="18" VPOS="991" HPOS="1799"/>
                  <String HEIGHT="54"
                          WIDTH="181"
                          VPOS="991"
                          HPOS="1745"
                          CONTENT="curare"/>
                  <SP HEIGHT="54" WIDTH="18" VPOS="991" HPOS="1926"/>
                  <String HEIGHT="54"
                          WIDTH="199"
                          VPOS="991"
                          HPOS="1871"
                          CONTENT="oportet"/>
                  <SP HEIGHT="54" WIDTH="18" VPOS="991" HPOS="2071"/>
                  <String HEIGHT="54"
                          WIDTH="145"
                          VPOS="991"
                          HPOS="1998"
                          CONTENT="habitu"/>
               </TextLine>
               <TextLine ID="r2l15"
                         BASELINE="486,1079 568,1079 651,1079 734,1080 817,1080 900,1080 982,1080 1065,1082 1148,1082 1231,1082 1314,1083 1396,1083 1479,1083 1562,1083 1645,1083 1728,1083 1810,1083 1893,1083 1976,1083 2059,1083 2142,1082"
                         HEIGHT="68"
                         WIDTH="1676"
                         VPOS="1036"
                         HPOS="476">
                  <String HEIGHT="68"
                          WIDTH="294"
                          VPOS="1036"
                          HPOS="459"
                          CONTENT="vniuscuiusque"/>
                  <SP HEIGHT="68" WIDTH="17" VPOS="1036" HPOS="752"/>
                  <String HEIGHT="68"
                          WIDTH="242"
                          VPOS="1036"
                          HPOS="701"
                          CONTENT="distincto."/>
                  <SP HEIGHT="68" WIDTH="17" VPOS="1036" HPOS="943"/>
                  <String HEIGHT="68"
                          WIDTH="138"
                          VPOS="1036"
                          HPOS="891"
                          CONTENT="Haec"/>
                  <SP HEIGHT="68" WIDTH="17" VPOS="1036" HPOS="1029"/>
                  <String HEIGHT="68"
                          WIDTH="156"
                          VPOS="1036"
                          HPOS="977"
                          CONTENT="autem"/>
                  <SP HEIGHT="68" WIDTH="17" VPOS="1036" HPOS="1133"/>
                  <String HEIGHT="68"
                          WIDTH="207"
                          VPOS="1036"
                          HPOS="1081"
                          CONTENT="expertis"/>
                  <SP HEIGHT="68" WIDTH="17" VPOS="1036" HPOS="1288"/>
                  <String HEIGHT="68"
                          WIDTH="173"
                          VPOS="1036"
                          HPOS="1236"
                          CONTENT="quidem"/>
                  <SP HEIGHT="68" WIDTH="17" VPOS="1036" HPOS="1409"/>
                  <String HEIGHT="68"
                          WIDTH="190"
                          VPOS="1036"
                          HPOS="1357"
                          CONTENT="vtilia,"/>
                  <SP HEIGHT="68" WIDTH="17" VPOS="1036" HPOS="1547"/>
                  <String HEIGHT="68"
                          WIDTH="121"
                          VPOS="1036"
                          HPOS="1495"
                          CONTENT="iis"/>
                  <SP HEIGHT="68" WIDTH="17" VPOS="1036" HPOS="1616"/>
                  <String HEIGHT="68"
                          WIDTH="138"
                          VPOS="1036"
                          HPOS="1565"
                          CONTENT="vero"/>
                  <SP HEIGHT="68" WIDTH="17" VPOS="1036" HPOS="1703"/>
                  <String HEIGHT="68"
                          WIDTH="121"
                          VPOS="1036"
                          HPOS="1651"
                          CONTENT="qui"/>
                  <SP HEIGHT="68" WIDTH="17" VPOS="1036" HPOS="1772"/>
                  <String HEIGHT="68"
                          WIDTH="207"
                          VPOS="1036"
                          HPOS="1720"
                          CONTENT="scientia"/>
                  <SP HEIGHT="68" WIDTH="17" VPOS="1036" HPOS="1927"/>
                  <String HEIGHT="68"
                          WIDTH="173"
                          VPOS="1036"
                          HPOS="1876"
                          CONTENT="carent"/>
                  <SP HEIGHT="68" WIDTH="17" VPOS="1036" HPOS="2048"/>
                  <String HEIGHT="68"
                          WIDTH="173"
                          VPOS="1036"
                          HPOS="1979"
                          CONTENT="inutilia"/>
               </TextLine>
               <TextLine ID="r2l16"
                         BASELINE="479,1139 562,1137 645,1136 728,1136 812,1136 895,1136 978,1136 1061,1136 1145,1136 1228,1137 1311,1137 1394,1137 1478,1138 1561,1139 1644,1139 1727,1139 1811,1139 1894,1139 1977,1139 2060,1139 2144,1139"
                         HEIGHT="73"
                         WIDTH="1687"
                         VPOS="1091"
                         HPOS="468">
                  <String HEIGHT="73"
                          WIDTH="139"
                          VPOS="1091"
                          HPOS="451"
                          CONTENT="esse"/>
                  <SP HEIGHT="73" WIDTH="17" VPOS="1091" HPOS="590"/>
                  <String HEIGHT="73"
                          WIDTH="226"
                          VPOS="1091"
                          HPOS="538"
                          CONTENT="videntur."/>
                  <SP HEIGHT="73" WIDTH="17" VPOS="1091" HPOS="764"/>
                  <String HEIGHT="73" WIDTH="104" VPOS="1091" HPOS="711" CONTENT="Et"/>
                  <SP HEIGHT="73" WIDTH="17" VPOS="1091" HPOS="816"/>
                  <String HEIGHT="73"
                          WIDTH="157"
                          VPOS="1091"
                          HPOS="764"
                          CONTENT="legum"/>
                  <SP HEIGHT="73" WIDTH="17" VPOS="1091" HPOS="920"/>
                  <String HEIGHT="73"
                          WIDTH="174"
                          VPOS="1091"
                          HPOS="868"
                          CONTENT="igitur"/>
                  <SP HEIGHT="73" WIDTH="17" VPOS="1091" HPOS="1042"/>
                  <String HEIGHT="73"
                          WIDTH="209"
                          VPOS="1091"
                          HPOS="990"
                          CONTENT="forsitan"/>
                  <SP HEIGHT="73" WIDTH="17" VPOS="1091" HPOS="1198"/>
                  <String HEIGHT="73" WIDTH="87" VPOS="1091" HPOS="1146" CONTENT="&amp;"/>
                  <SP HEIGHT="73" WIDTH="17" VPOS="1091" HPOS="1233"/>
                  <String HEIGHT="73"
                          WIDTH="157"
                          VPOS="1091"
                          HPOS="1181"
                          CONTENT="rerum"/>
                  <SP HEIGHT="73" WIDTH="17" VPOS="1091" HPOS="1338"/>
                  <String HEIGHT="73"
                          WIDTH="243"
                          VPOS="1091"
                          HPOS="1285"
                          CONTENT="publicarum"/>
                  <SP HEIGHT="73" WIDTH="17" VPOS="1091" HPOS="1529"/>
                  <String HEIGHT="73"
                          WIDTH="330"
                          VPOS="1091"
                          HPOS="1477"
                          CONTENT="congregationes,"/>
                  <SP HEIGHT="73" WIDTH="17" VPOS="1091" HPOS="1807"/>
                  <String HEIGHT="73"
                          WIDTH="122"
                          VPOS="1091"
                          HPOS="1755"
                          CONTENT="iis"/>
                  <SP HEIGHT="73" WIDTH="17" VPOS="1091" HPOS="1877"/>
                  <String HEIGHT="73"
                          WIDTH="174"
                          VPOS="1091"
                          HPOS="1825"
                          CONTENT="quidem"/>
                  <SP HEIGHT="73" WIDTH="17" VPOS="1091" HPOS="1998"/>
                  <String HEIGHT="73"
                          WIDTH="122"
                          VPOS="1091"
                          HPOS="1946"
                          CONTENT="qui"/>
                  <SP HEIGHT="73" WIDTH="17" VPOS="1091" HPOS="2068"/>
                  <String HEIGHT="73"
                          WIDTH="157"
                          VPOS="1091"
                          HPOS="1998"
                          CONTENT="prospi¬"
                          SUBS_TYPE="HypPart1"
                          SUBS_CONTENT="prospicere"/>
                  <HYP CONTENT="-"/>
               </TextLine>
               <TextLine ID="r2l17"
                         BASELINE="479,1194 561,1193 644,1193 727,1193 810,1191 893,1191 976,1191 1058,1191 1141,1193 1224,1193 1307,1193 1390,1194 1473,1194 1556,1194 1638,1196 1721,1196 1804,1196 1887,1196 1970,1196 2053,1196 2136,1196"
                         HEIGHT="79"
                         WIDTH="1678"
                         VPOS="1145"
                         HPOS="469">
                  <String HEIGHT="79"
                          WIDTH="141"
                          VPOS="1145"
                          HPOS="451"
                          CONTENT="cere"
                          SUBS_TYPE="HypPart2"
                          SUBS_CONTENT="prospicere"/>
                  <SP HEIGHT="79" WIDTH="18" VPOS="1145" HPOS="593"/>
                  <String HEIGHT="79"
                          WIDTH="159"
                          VPOS="1145"
                          HPOS="540"
                          CONTENT="atque"/>
                  <SP HEIGHT="79" WIDTH="18" VPOS="1145" HPOS="699"/>
                  <String HEIGHT="79"
                          WIDTH="247"
                          VPOS="1145"
                          HPOS="646"
                          CONTENT="discernere"/>
                  <SP HEIGHT="79" WIDTH="18" VPOS="1145" HPOS="893"/>
                  <String HEIGHT="79"
                          WIDTH="194"
                          VPOS="1145"
                          HPOS="840"
                          CONTENT="possunt"/>
                  <SP HEIGHT="79" WIDTH="18" VPOS="1145" HPOS="1034"/>
                  <String HEIGHT="79"
                          WIDTH="194"
                          VPOS="1145"
                          HPOS="981"
                          CONTENT="quidnam"/>
                  <SP HEIGHT="79" WIDTH="18" VPOS="1145" HPOS="1176"/>
                  <String HEIGHT="79"
                          WIDTH="159"
                          VPOS="1145"
                          HPOS="1123"
                          CONTENT="recte"/>
                  <SP HEIGHT="79" WIDTH="18" VPOS="1145" HPOS="1282"/>
                  <String HEIGHT="79"
                          WIDTH="141"
                          VPOS="1145"
                          HPOS="1229"
                          CONTENT="sese"/>
                  <SP HEIGHT="79" WIDTH="18" VPOS="1145" HPOS="1370"/>
                  <String HEIGHT="79"
                          WIDTH="177"
                          VPOS="1145"
                          HPOS="1317"
                          CONTENT="habet,"/>
                  <SP HEIGHT="79" WIDTH="18" VPOS="1145" HPOS="1493"/>
                  <String HEIGHT="79"
                          WIDTH="124"
                          VPOS="1145"
                          HPOS="1440"
                          CONTENT="vel"/>
                  <SP HEIGHT="79" WIDTH="18" VPOS="1145" HPOS="1564"/>
                  <String HEIGHT="79"
                          WIDTH="194"
                          VPOS="1145"
                          HPOS="1511"
                          CONTENT="contra,"/>
                  <SP HEIGHT="79" WIDTH="18" VPOS="1145" HPOS="1705"/>
                  <String HEIGHT="79"
                          WIDTH="124"
                          VPOS="1145"
                          HPOS="1652"
                          CONTENT="aut"/>
                  <SP HEIGHT="79" WIDTH="18" VPOS="1145" HPOS="1776"/>
                  <String HEIGHT="79"
                          WIDTH="141"
                          VPOS="1145"
                          HPOS="1723"
                          CONTENT="quae"/>
                  <SP HEIGHT="79" WIDTH="18" VPOS="1145" HPOS="1864"/>
                  <String HEIGHT="79"
                          WIDTH="177"
                          VPOS="1145"
                          HPOS="1811"
                          CONTENT="quibus"/>
                  <SP HEIGHT="79" WIDTH="18" VPOS="1145" HPOS="1988"/>
                  <String HEIGHT="79"
                          WIDTH="230"
                          VPOS="1145"
                          HPOS="1917"
                          CONTENT="accommodan¬"
                          SUBS_TYPE="HypPart1"
                          SUBS_CONTENT="accommodantur:"/>
                  <HYP CONTENT="-"/>
               </TextLine>
               <TextLine ID="r2l18"
                         BASELINE="470,1251 553,1250 637,1248 721,1248 805,1248 888,1248 972,1248 1056,1248 1140,1248 1223,1248 1307,1248 1391,1250 1475,1250 1558,1250 1642,1251 1726,1251 1810,1252 1893,1253 1977,1253 2061,1253 2145,1253"
                         HEIGHT="68"
                         WIDTH="1696"
                         VPOS="1209"
                         HPOS="459">
                  <String HEIGHT="68"
                          WIDTH="137"
                          VPOS="1209"
                          HPOS="442"
                          CONTENT="tur:"
                          SUBS_TYPE="HypPart2"
                          SUBS_CONTENT="accommodantur:"/>
                  <SP HEIGHT="68" WIDTH="17" VPOS="1209" HPOS="579"/>
                  <String HEIGHT="68"
                          WIDTH="171"
                          VPOS="1209"
                          HPOS="528"
                          CONTENT="vtiles"/>
                  <SP HEIGHT="68" WIDTH="17" VPOS="1209" HPOS="699"/>
                  <String HEIGHT="68"
                          WIDTH="137"
                          VPOS="1209"
                          HPOS="647"
                          CONTENT="esse"/>
                  <SP HEIGHT="68" WIDTH="17" VPOS="1209" HPOS="784"/>
                  <String HEIGHT="68"
                          WIDTH="206"
                          VPOS="1209"
                          HPOS="733"
                          CONTENT="possunt?"/>
                  <SP HEIGHT="68" WIDTH="17" VPOS="1209" HPOS="939"/>
                  <String HEIGHT="68"
                          WIDTH="120"
                          VPOS="1209"
                          HPOS="887"
                          CONTENT="sed"/>
                  <SP HEIGHT="68" WIDTH="17" VPOS="1209" HPOS="1007"/>
                  <String HEIGHT="68" WIDTH="103" VPOS="1209" HPOS="956" CONTENT="ii"/>
                  <SP HEIGHT="68" WIDTH="17" VPOS="1209" HPOS="1059"/>
                  <String HEIGHT="68"
                          WIDTH="120"
                          VPOS="1209"
                          HPOS="1007"
                          CONTENT="qui"/>
                  <SP HEIGHT="68" WIDTH="17" VPOS="1209" HPOS="1127"/>
                  <String HEIGHT="68"
                          WIDTH="137"
                          VPOS="1209"
                          HPOS="1076"
                          CONTENT="sine"/>
                  <SP HEIGHT="68" WIDTH="17" VPOS="1209" HPOS="1213"/>
                  <String HEIGHT="68"
                          WIDTH="171"
                          VPOS="1209"
                          HPOS="1161"
                          CONTENT="habitu"/>
                  <SP HEIGHT="68" WIDTH="17" VPOS="1209" HPOS="1333"/>
                  <String HEIGHT="68"
                          WIDTH="154"
                          VPOS="1209"
                          HPOS="1281"
                          CONTENT="talia"/>
                  <SP HEIGHT="68" WIDTH="17" VPOS="1209" HPOS="1435"/>
                  <String HEIGHT="68"
                          WIDTH="223"
                          VPOS="1209"
                          HPOS="1384"
                          CONTENT="tractant,"/>
                  <SP HEIGHT="68" WIDTH="17" VPOS="1209" HPOS="1607"/>
                  <String HEIGHT="68"
                          WIDTH="154"
                          VPOS="1209"
                          HPOS="1555"
                          CONTENT="recte"/>
                  <SP HEIGHT="68" WIDTH="17" VPOS="1209" HPOS="1710"/>
                  <String HEIGHT="68"
                          WIDTH="171"
                          VPOS="1209"
                          HPOS="1658"
                          CONTENT="quidem"/>
                  <SP HEIGHT="68" WIDTH="17" VPOS="1209" HPOS="1830"/>
                  <String HEIGHT="68"
                          WIDTH="206"
                          VPOS="1209"
                          HPOS="1778"
                          CONTENT="iudicare"/>
                  <SP HEIGHT="68" WIDTH="17" VPOS="1209" HPOS="1984"/>
                  <String HEIGHT="68"
                          WIDTH="120"
                          VPOS="1209"
                          HPOS="1932"
                          CONTENT="non"/>
                  <SP HEIGHT="68" WIDTH="17" VPOS="1209" HPOS="2052"/>
                  <String HEIGHT="68"
                          WIDTH="171"
                          VPOS="1209"
                          HPOS="1984"
                          CONTENT="possunt,"/>
               </TextLine>
               <TextLine ID="r2l19"
                         BASELINE="476,1307 558,1305 641,1305 724,1304 807,1304 890,1304 973,1304 1055,1305 1138,1305 1221,1305 1304,1305 1387,1307 1470,1307 1553,1307 1635,1308 1718,1308 1801,1308 1884,1308 1967,1308 2050,1308 2133,1307"
                         HEIGHT="59"
                         WIDTH="1678"
                         VPOS="1265"
                         HPOS="465">
                  <String HEIGHT="59"
                          WIDTH="143"
                          VPOS="1265"
                          HPOS="447"
                          CONTENT="nisi"/>
                  <SP HEIGHT="59" WIDTH="18" VPOS="1265" HPOS="590"/>
                  <String HEIGHT="59"
                          WIDTH="232"
                          VPOS="1265"
                          HPOS="536"
                          CONTENT="fortuitu,"/>
                  <SP HEIGHT="59" WIDTH="18" VPOS="1265" HPOS="768"/>
                  <String HEIGHT="59"
                          WIDTH="161"
                          VPOS="1265"
                          HPOS="715"
                          CONTENT="magis"/>
                  <SP HEIGHT="59" WIDTH="18" VPOS="1265" HPOS="876"/>
                  <String HEIGHT="59"
                          WIDTH="161"
                          VPOS="1265"
                          HPOS="822"
                          CONTENT="autem"/>
                  <SP HEIGHT="59" WIDTH="18" VPOS="1265" HPOS="983"/>
                  <String HEIGHT="59" WIDTH="107" VPOS="1265" HPOS="929" CONTENT="ad"/>
                  <SP HEIGHT="59" WIDTH="18" VPOS="1265" HPOS="1036"/>
                  <String HEIGHT="59" WIDTH="107" VPOS="1265" HPOS="983" CONTENT="ea"/>
                  <SP HEIGHT="59" WIDTH="18" VPOS="1265" HPOS="1090"/>
                  <String HEIGHT="59"
                          WIDTH="321"
                          VPOS="1265"
                          HPOS="1036"
                          CONTENT="comprehendenda"/>
                  <SP HEIGHT="59" WIDTH="18" VPOS="1265" HPOS="1358"/>
                  <String HEIGHT="59"
                          WIDTH="214"
                          VPOS="1265"
                          HPOS="1304"
                          CONTENT="fortasse"/>
                  <SP HEIGHT="59" WIDTH="18" VPOS="1265" HPOS="1518"/>
                  <String HEIGHT="59"
                          WIDTH="196"
                          VPOS="1265"
                          HPOS="1465"
                          CONTENT="fuerint"/>
                  <SP HEIGHT="59" WIDTH="18" VPOS="1265" HPOS="1661"/>
                  <String HEIGHT="59"
                          WIDTH="161"
                          VPOS="1265"
                          HPOS="1607"
                          CONTENT="apti."/>
                  <SP HEIGHT="59" WIDTH="18" VPOS="1265" HPOS="1768"/>
                  <String HEIGHT="59"
                          WIDTH="125"
                          VPOS="1265"
                          HPOS="1715"
                          CONTENT="Cum"/>
                  <SP HEIGHT="59" WIDTH="18" VPOS="1265" HPOS="1840"/>
                  <String HEIGHT="59"
                          WIDTH="179"
                          VPOS="1265"
                          HPOS="1786"
                          CONTENT="igitur"/>
                  <SP HEIGHT="59" WIDTH="18" VPOS="1265" HPOS="1964"/>
                  <String HEIGHT="59"
                          WIDTH="179"
                          VPOS="1265"
                          HPOS="1911"
                          CONTENT="nostri"/>
                  <SP HEIGHT="59" WIDTH="18" VPOS="1265" HPOS="2089"/>
                  <String HEIGHT="59"
                          WIDTH="125"
                          VPOS="1265"
                          HPOS="2018"
                          CONTENT="maio¬"
                          SUBS_TYPE="HypPart1"
                          SUBS_CONTENT="maiores"/>
                  <HYP CONTENT="-"/>
               </TextLine>
               <TextLine ID="r2l20"
                         BASELINE="476,1364 559,1362 642,1362 726,1361 809,1361 893,1361 976,1361 1059,1361 1143,1362 1226,1362 1310,1362 1393,1362 1476,1364 1560,1364 1643,1364 1727,1365 1810,1365 1893,1365 1977,1365 2060,1365 2144,1364"
                         HEIGHT="61"
                         WIDTH="1689"
                         VPOS="1326"
                         HPOS="465">
                  <String HEIGHT="61"
                          WIDTH="123"
                          VPOS="1326"
                          HPOS="447"
                          CONTENT="res"
                          SUBS_TYPE="HypPart2"
                          SUBS_CONTENT="maiores"/>
                  <SP HEIGHT="61" WIDTH="18" VPOS="1326" HPOS="571"/>
                  <String HEIGHT="61" WIDTH="106" VPOS="1326" HPOS="518" CONTENT="ea"/>
                  <SP HEIGHT="61" WIDTH="18" VPOS="1326" HPOS="623"/>
                  <String HEIGHT="61"
                          WIDTH="141"
                          VPOS="1326"
                          HPOS="571"
                          CONTENT="quae"/>
                  <SP HEIGHT="61" WIDTH="18" VPOS="1326" HPOS="711"/>
                  <String HEIGHT="61" WIDTH="106" VPOS="1326" HPOS="659" CONTENT="ad"/>
                  <SP HEIGHT="61" WIDTH="18" VPOS="1326" HPOS="764"/>
                  <String HEIGHT="61"
                          WIDTH="246"
                          VPOS="1326"
                          HPOS="711"
                          CONTENT="facultatem"/>
                  <SP HEIGHT="61" WIDTH="18" VPOS="1326" HPOS="958"/>
                  <String HEIGHT="61"
                          WIDTH="246"
                          VPOS="1326"
                          HPOS="905"
                          CONTENT="ferendarum"/>
                  <SP HEIGHT="61" WIDTH="18" VPOS="1326" HPOS="1151"/>
                  <String HEIGHT="61"
                          WIDTH="158"
                          VPOS="1326"
                          HPOS="1098"
                          CONTENT="legum"/>
                  <SP HEIGHT="61" WIDTH="18" VPOS="1326" HPOS="1257"/>
                  <String HEIGHT="61"
                          WIDTH="264"
                          VPOS="1326"
                          HPOS="1204"
                          CONTENT="pertinerent"/>
                  <SP HEIGHT="61" WIDTH="18" VPOS="1326" HPOS="1468"/>
                  <String HEIGHT="61"
                          WIDTH="141"
                          VPOS="1326"
                          HPOS="1415"
                          CONTENT="sine"/>
                  <SP HEIGHT="61" WIDTH="18" VPOS="1326" HPOS="1556"/>
                  <String HEIGHT="61"
                          WIDTH="317"
                          VPOS="1326"
                          HPOS="1503"
                          CONTENT="perscrutatione"/>
                  <SP HEIGHT="61" WIDTH="18" VPOS="1326" HPOS="1820"/>
                  <String HEIGHT="61"
                          WIDTH="282"
                          VPOS="1326"
                          HPOS="1767"
                          CONTENT="reliquerint,"/>
                  <SP HEIGHT="61" WIDTH="18" VPOS="1326" HPOS="2048"/>
                  <String HEIGHT="61"
                          WIDTH="176"
                          VPOS="1326"
                          HPOS="1978"
                          CONTENT="nosipsos"/>
               </TextLine>
               <TextLine ID="r2l21"
                         BASELINE="470,1419 554,1418 638,1418 722,1416 806,1416 890,1416 974,1416 1058,1418 1142,1418 1226,1418 1310,1419 1394,1419 1478,1419 1562,1421 1646,1421 1730,1421 1814,1422 1898,1422 1982,1422 2066,1422 2151,1422"
                         HEIGHT="65"
                         WIDTH="1703"
                         VPOS="1373"
                         HPOS="459">
                  <String HEIGHT="65"
                          WIDTH="146"
                          VPOS="1373"
                          HPOS="441"
                          CONTENT="illa"/>
                  <SP HEIGHT="65" WIDTH="18" VPOS="1373" HPOS="587"/>
                  <String HEIGHT="65"
                          WIDTH="220"
                          VPOS="1373"
                          HPOS="532"
                          CONTENT="fortasse"/>
                  <SP HEIGHT="65" WIDTH="18" VPOS="1373" HPOS="752"/>
                  <String HEIGHT="65"
                          WIDTH="220"
                          VPOS="1373"
                          HPOS="697"
                          CONTENT="praestat"/>
                  <SP HEIGHT="65" WIDTH="18" VPOS="1373" HPOS="917"/>
                  <String HEIGHT="65"
                          WIDTH="293"
                          VPOS="1373"
                          HPOS="862"
                          CONTENT="considerare,"/>
                  <SP HEIGHT="65" WIDTH="18" VPOS="1373" HPOS="1155"/>
                  <String HEIGHT="65" WIDTH="92" VPOS="1373" HPOS="1100" CONTENT="&amp;"/>
                  <SP HEIGHT="65" WIDTH="18" VPOS="1373" HPOS="1191"/>
                  <String HEIGHT="65"
                          WIDTH="183"
                          VPOS="1373"
                          HPOS="1137"
                          CONTENT="omnino"/>
                  <SP HEIGHT="65" WIDTH="18" VPOS="1373" HPOS="1320"/>
                  <String HEIGHT="65"
                          WIDTH="110"
                          VPOS="1373"
                          HPOS="1265"
                          CONTENT="de"/>
                  <SP HEIGHT="65" WIDTH="18" VPOS="1373" HPOS="1375"/>
                  <String HEIGHT="65"
                          WIDTH="238"
                          VPOS="1373"
                          HPOS="1320"
                          CONTENT="republica"/>
                  <SP HEIGHT="65" WIDTH="18" VPOS="1373" HPOS="1558"/>
                  <String HEIGHT="65"
                          WIDTH="275"
                          VPOS="1373"
                          HPOS="1503"
                          CONTENT="pertractare"/>
                  <SP HEIGHT="65" WIDTH="18" VPOS="1373" HPOS="1777"/>
                  <String HEIGHT="65"
                          WIDTH="220"
                          VPOS="1373"
                          HPOS="1723"
                          CONTENT="oportet,"/>
                  <SP HEIGHT="65" WIDTH="18" VPOS="1373" HPOS="1942"/>
                  <String HEIGHT="65"
                          WIDTH="110"
                          VPOS="1373"
                          HPOS="1887"
                          CONTENT="vt"/>
                  <SP HEIGHT="65" WIDTH="18" VPOS="1373" HPOS="1997"/>
                  <String HEIGHT="65"
                          WIDTH="165"
                          VPOS="1373"
                          HPOS="1942"
                          CONTENT="quoad"/>
                  <SP HEIGHT="65" WIDTH="18" VPOS="1373" HPOS="2107"/>
                  <String HEIGHT="65"
                          WIDTH="128"
                          VPOS="1373"
                          HPOS="2034"
                          CONTENT="fieri"/>
               </TextLine>
               <TextLine ID="r2l22"
                         BASELINE="473,1476 556,1475 640,1475 723,1475 807,1473 891,1473 974,1473 1058,1473 1141,1473 1225,1473 1309,1473 1392,1475 1476,1475 1559,1475 1643,1475 1727,1476 1810,1476 1894,1478 1977,1478 2061,1479 2145,1479"
                         HEIGHT="66"
                         WIDTH="1692"
                         VPOS="1433"
                         HPOS="463">
                  <String HEIGHT="66"
                          WIDTH="194"
                          VPOS="1433"
                          HPOS="445"
                          CONTENT="potest,"/>
                  <SP HEIGHT="66" WIDTH="18" VPOS="1433" HPOS="639"/>
                  <String HEIGHT="66" WIDTH="106" VPOS="1433" HPOS="586" CONTENT="ea"/>
                  <SP HEIGHT="66" WIDTH="18" VPOS="1433" HPOS="692"/>
                  <String HEIGHT="66"
                          WIDTH="264"
                          VPOS="1433"
                          HPOS="639"
                          CONTENT="philosophia"/>
                  <SP HEIGHT="66" WIDTH="18" VPOS="1433" HPOS="904"/>
                  <String HEIGHT="66"
                          WIDTH="282"
                          VPOS="1433"
                          HPOS="851"
                          CONTENT="perficiatur,"/>
                  <SP HEIGHT="66" WIDTH="18" VPOS="1433" HPOS="1133"/>
                  <String HEIGHT="66"
                          WIDTH="141"
                          VPOS="1433"
                          HPOS="1080"
                          CONTENT="quae"/>
                  <SP HEIGHT="66" WIDTH="18" VPOS="1433" HPOS="1221"/>
                  <String HEIGHT="66"
                          WIDTH="159"
                          VPOS="1433"
                          HPOS="1168"
                          CONTENT="circa"/>
                  <SP HEIGHT="66" WIDTH="18" VPOS="1433" HPOS="1327"/>
                  <String HEIGHT="66"
                          WIDTH="123"
                          VPOS="1433"
                          HPOS="1274"
                          CONTENT="res"/>
                  <SP HEIGHT="66" WIDTH="18" VPOS="1433" HPOS="1397"/>
                  <String HEIGHT="66"
                          WIDTH="194"
                          VPOS="1433"
                          HPOS="1344"
                          CONTENT="humanas"/>
                  <SP HEIGHT="66" WIDTH="18" VPOS="1433" HPOS="1538"/>
                  <String HEIGHT="66"
                          WIDTH="229"
                          VPOS="1433"
                          HPOS="1485"
                          CONTENT="versatur."/>
                  <SP HEIGHT="66" WIDTH="18" VPOS="1433" HPOS="1714"/>
                  <String HEIGHT="66"
                          WIDTH="176"
                          VPOS="1433"
                          HPOS="1662"
                          CONTENT="Primum"/>
                  <SP HEIGHT="66" WIDTH="18" VPOS="1433" HPOS="1838"/>
                  <String HEIGHT="66"
                          WIDTH="176"
                          VPOS="1433"
                          HPOS="1785"
                          CONTENT="itaque"/>
                  <SP HEIGHT="66" WIDTH="18" VPOS="1433" HPOS="1961"/>
                  <String HEIGHT="66"
                          WIDTH="106"
                          VPOS="1433"
                          HPOS="1908"
                          CONTENT="si"/>
                  <SP HEIGHT="66" WIDTH="18" VPOS="1433" HPOS="2014"/>
                  <String HEIGHT="66"
                          WIDTH="141"
                          VPOS="1433"
                          HPOS="1961"
                          CONTENT="quid"/>
                  <SP HEIGHT="66" WIDTH="18" VPOS="1433" HPOS="2102"/>
                  <String HEIGHT="66"
                          WIDTH="123"
                          VPOS="1433"
                          HPOS="2032"
                          CONTENT="recte"/>
               </TextLine>
               <TextLine ID="r2l23"
                         BASELINE="470,1532 553,1530 636,1529 720,1527 803,1527 887,1526 970,1526 1054,1526 1137,1527 1221,1527 1304,1529 1387,1529 1471,1530 1554,1530 1638,1532 1721,1532 1805,1533 1888,1533 1972,1533 2055,1533 2139,1532"
                         HEIGHT="74"
                         WIDTH="1690"
                         VPOS="1479"
                         HPOS="459">
                  <String HEIGHT="74"
                          WIDTH="125"
                          VPOS="1479"
                          HPOS="441"
                          CONTENT="sit"/>
                  <SP HEIGHT="74" WIDTH="18" VPOS="1479" HPOS="566"/>
                  <String HEIGHT="74" WIDTH="89" VPOS="1479" HPOS="512" CONTENT="a"/>
                  <SP HEIGHT="74" WIDTH="18" VPOS="1479" HPOS="601"/>
                  <String HEIGHT="74"
                          WIDTH="231"
                          VPOS="1479"
                          HPOS="548"
                          CONTENT="maioribus"/>
                  <SP HEIGHT="74" WIDTH="18" VPOS="1479" HPOS="779"/>
                  <String HEIGHT="74"
                          WIDTH="196"
                          VPOS="1479"
                          HPOS="726"
                          CONTENT="dictum,"/>
                  <SP HEIGHT="74" WIDTH="18" VPOS="1479" HPOS="922"/>
                  <String HEIGHT="74" WIDTH="107" VPOS="1479" HPOS="868" CONTENT="id"/>
                  <SP HEIGHT="74" WIDTH="18" VPOS="1479" HPOS="975"/>
                  <String HEIGHT="74"
                          WIDTH="213"
                          VPOS="1479"
                          HPOS="922"
                          CONTENT="enitamur"/>
                  <SP HEIGHT="74" WIDTH="18" VPOS="1479" HPOS="1135"/>
                  <String HEIGHT="74"
                          WIDTH="249"
                          VPOS="1479"
                          HPOS="1082"
                          CONTENT="recensere."/>
                  <SP HEIGHT="74" WIDTH="18" VPOS="1479" HPOS="1331"/>
                  <String HEIGHT="74"
                          WIDTH="178"
                          VPOS="1479"
                          HPOS="1277"
                          CONTENT="Deinde"/>
                  <SP HEIGHT="74" WIDTH="18" VPOS="1479" HPOS="1455"/>
                  <String HEIGHT="74"
                          WIDTH="107"
                          VPOS="1479"
                          HPOS="1402"
                          CONTENT="ex"/>
                  <SP HEIGHT="74" WIDTH="18" VPOS="1479" HPOS="1509"/>
                  <String HEIGHT="74"
                          WIDTH="267"
                          VPOS="1479"
                          HPOS="1455"
                          CONTENT="congregatis"/>
                  <SP HEIGHT="74" WIDTH="18" VPOS="1479" HPOS="1722"/>
                  <String HEIGHT="74"
                          WIDTH="160"
                          VPOS="1479"
                          HPOS="1669"
                          CONTENT="rebus"/>
                  <SP HEIGHT="74" WIDTH="18" VPOS="1479" HPOS="1829"/>
                  <String HEIGHT="74"
                          WIDTH="213"
                          VPOS="1479"
                          HPOS="1775"
                          CONTENT="publicis"/>
                  <SP HEIGHT="74" WIDTH="18" VPOS="1479" HPOS="1989"/>
                  <String HEIGHT="74"
                          WIDTH="231"
                          VPOS="1479"
                          HPOS="1918"
                          CONTENT="considerare"/>
               </TextLine>
               <TextLine ID="r2l24"
                         BASELINE="468,1583 551,1583 635,1581 718,1581 802,1581 886,1581 969,1581 1053,1581 1137,1581 1220,1581 1304,1583 1388,1583 1471,1583 1555,1584 1639,1585 1722,1586 1806,1587 1890,1587 1973,1589 2057,1590 2141,1592"
                         HEIGHT="59"
                         WIDTH="1693"
                         VPOS="1540"
                         HPOS="458">
                  <String HEIGHT="59"
                          WIDTH="192"
                          VPOS="1540"
                          HPOS="441"
                          CONTENT="quaenam"/>
                  <SP HEIGHT="59" WIDTH="17" VPOS="1540" HPOS="633"/>
                  <String HEIGHT="59"
                          WIDTH="227"
                          VPOS="1540"
                          HPOS="580"
                          CONTENT="ciuitates"/>
                  <SP HEIGHT="59" WIDTH="17" VPOS="1540" HPOS="807"/>
                  <String HEIGHT="59" WIDTH="87" VPOS="1540" HPOS="755" CONTENT="&amp;"/>
                  <SP HEIGHT="59" WIDTH="17" VPOS="1540" HPOS="842"/>
                  <String HEIGHT="59"
                          WIDTH="157"
                          VPOS="1540"
                          HPOS="790"
                          CONTENT="rerum"/>
                  <SP HEIGHT="59" WIDTH="17" VPOS="1540" HPOS="947"/>
                  <String HEIGHT="59"
                          WIDTH="244"
                          VPOS="1540"
                          HPOS="894"
                          CONTENT="publicarum"/>
                  <SP HEIGHT="59" WIDTH="17" VPOS="1540" HPOS="1139"/>
                  <String HEIGHT="59"
                          WIDTH="209"
                          VPOS="1540"
                          HPOS="1086"
                          CONTENT="singulas"/>
                  <SP HEIGHT="59" WIDTH="17" VPOS="1540" HPOS="1296"/>
                  <String HEIGHT="59"
                          WIDTH="227"
                          VPOS="1540"
                          HPOS="1243"
                          CONTENT="euertunt,"/>
                  <SP HEIGHT="59" WIDTH="17" VPOS="1540" HPOS="1470"/>
                  <String HEIGHT="59"
                          WIDTH="157"
                          VPOS="1540"
                          HPOS="1418"
                          CONTENT="atque"/>
                  <SP HEIGHT="59" WIDTH="17" VPOS="1540" HPOS="1575"/>
                  <String HEIGHT="59"
                          WIDTH="262"
                          VPOS="1540"
                          HPOS="1523"
                          CONTENT="conseruant."/>
                  <SP HEIGHT="59" WIDTH="17" VPOS="1540" HPOS="1784"/>
                  <String HEIGHT="59"
                          WIDTH="105"
                          VPOS="1540"
                          HPOS="1732"
                          CONTENT="Et"/>
                  <SP HEIGHT="59" WIDTH="17" VPOS="1540" HPOS="1837"/>
                  <String HEIGHT="59"
                          WIDTH="140"
                          VPOS="1540"
                          HPOS="1784"
                          CONTENT="quas"/>
                  <SP HEIGHT="59" WIDTH="17" VPOS="1540" HPOS="1924"/>
                  <String HEIGHT="59"
                          WIDTH="105"
                          VPOS="1540"
                          HPOS="1872"
                          CONTENT="ob"/>
                  <SP HEIGHT="59" WIDTH="17" VPOS="1540" HPOS="1976"/>
                  <String HEIGHT="59"
                          WIDTH="175"
                          VPOS="1540"
                          HPOS="1924"
                          CONTENT="causas"/>
                  <SP HEIGHT="59" WIDTH="17" VPOS="1540" HPOS="2099"/>
                  <String HEIGHT="59"
                          WIDTH="122"
                          VPOS="1540"
                          HPOS="2029"
                          CONTENT="aliae"/>
               </TextLine>
               <TextLine ID="r2l25"
                         BASELINE="471,1640 554,1638 637,1637 720,1637 803,1637 886,1637 969,1637 1052,1637 1135,1637 1218,1637 1302,1638 1385,1638 1468,1640 1551,1640 1634,1641 1717,1642 1800,1643 1883,1644 1966,1644 2049,1644 2133,1646"
                         HEIGHT="74"
                         WIDTH="1683"
                         VPOS="1596"
                         HPOS="460">
                  <String HEIGHT="74"
                          WIDTH="163"
                          VPOS="1596"
                          HPOS="442"
                          CONTENT="recte"/>
                  <SP HEIGHT="74" WIDTH="18" VPOS="1596" HPOS="605"/>
                  <String HEIGHT="74"
                          WIDTH="290"
                          VPOS="1596"
                          HPOS="550"
                          CONTENT="gubernantur,"/>
                  <SP HEIGHT="74" WIDTH="18" VPOS="1596" HPOS="840"/>
                  <String HEIGHT="74"
                          WIDTH="163"
                          VPOS="1596"
                          HPOS="786"
                          CONTENT="aliae"/>
                  <SP HEIGHT="74" WIDTH="18" VPOS="1596" HPOS="949"/>
                  <String HEIGHT="74"
                          WIDTH="199"
                          VPOS="1596"
                          HPOS="894"
                          CONTENT="contra."/>
                  <SP HEIGHT="74" WIDTH="18" VPOS="1596" HPOS="1093"/>
                  <String HEIGHT="74"
                          WIDTH="127"
                          VPOS="1596"
                          HPOS="1039"
                          CONTENT="His"/>
                  <SP HEIGHT="74" WIDTH="18" VPOS="1596" HPOS="1166"/>
                  <String HEIGHT="74"
                          WIDTH="145"
                          VPOS="1596"
                          HPOS="1111"
                          CONTENT="enim"/>
                  <SP HEIGHT="74" WIDTH="18" VPOS="1596" HPOS="1256"/>
                  <String HEIGHT="74"
                          WIDTH="271"
                          VPOS="1596"
                          HPOS="1202"
                          CONTENT="perspectis,"/>
                  <SP HEIGHT="74" WIDTH="18" VPOS="1596" HPOS="1473"/>
                  <String HEIGHT="74"
                          WIDTH="163"
                          VPOS="1596"
                          HPOS="1419"
                          CONTENT="magis"/>
                  <SP HEIGHT="74" WIDTH="18" VPOS="1596" HPOS="1582"/>
                  <String HEIGHT="74"
                          WIDTH="217"
                          VPOS="1596"
                          HPOS="1528"
                          CONTENT="fortasse"/>
                  <SP HEIGHT="74" WIDTH="18" VPOS="1596" HPOS="1745"/>
                  <String HEIGHT="74"
                          WIDTH="290"
                          VPOS="1596"
                          HPOS="1691"
                          CONTENT="perceperimus"/>
                  <SP HEIGHT="74" WIDTH="18" VPOS="1596" HPOS="1980"/>
                  <String HEIGHT="74"
                          WIDTH="199"
                          VPOS="1596"
                          HPOS="1926"
                          CONTENT="quaenam"/>
                  <SP HEIGHT="74" WIDTH="18" VPOS="1596" HPOS="2125"/>
                  <String HEIGHT="74"
                          WIDTH="90"
                          VPOS="1596"
                          HPOS="2053"
                          CONTENT="sit"/>
               </TextLine>
               <TextLine ID="r2l26"
                         BASELINE="473,1698 556,1697 640,1695 723,1694 807,1694 891,1694 974,1694 1058,1694 1141,1694 1225,1694 1309,1694 1392,1695 1476,1696 1559,1697 1643,1698 1727,1699 1810,1700 1894,1701 1977,1703 2061,1703 2145,1704"
                         HEIGHT="90"
                         WIDTH="1693"
                         VPOS="1651"
                         HPOS="462">
                  <String HEIGHT="90"
                          WIDTH="269"
                          VPOS="1651"
                          HPOS="443"
                          CONTENT="respublica"/>
                  <SP HEIGHT="90" WIDTH="19" VPOS="1651" HPOS="712"/>
                  <String HEIGHT="90"
                          WIDTH="212"
                          VPOS="1651"
                          HPOS="654"
                          CONTENT="optima,"/>
                  <SP HEIGHT="90" WIDTH="19" VPOS="1651" HPOS="866"/>
                  <String HEIGHT="90" WIDTH="96" VPOS="1651" HPOS="808" CONTENT="&amp;"/>
                  <SP HEIGHT="90" WIDTH="19" VPOS="1651" HPOS="904"/>
                  <String HEIGHT="90"
                          WIDTH="212"
                          VPOS="1651"
                          HPOS="847"
                          CONTENT="quomodo"/>
                  <SP HEIGHT="90" WIDTH="19" VPOS="1651" HPOS="1058"/>
                  <String HEIGHT="90"
                          WIDTH="269"
                          VPOS="1651"
                          HPOS="1001"
                          CONTENT="vnaquaeque"/>
                  <SP HEIGHT="90" WIDTH="19" VPOS="1651" HPOS="1270"/>
                  <String HEIGHT="90"
                          WIDTH="250"
                          VPOS="1651"
                          HPOS="1212"
                          CONTENT="disposita"/>
                  <SP HEIGHT="90" WIDTH="19" VPOS="1651" HPOS="1462"/>
                  <String HEIGHT="90"
                          WIDTH="231"
                          VPOS="1651"
                          HPOS="1405"
                          CONTENT="quibusue"/>
                  <SP HEIGHT="90" WIDTH="19" VPOS="1651" HPOS="1636"/>
                  <String HEIGHT="90"
                          WIDTH="212"
                          VPOS="1651"
                          HPOS="1578"
                          CONTENT="legibus"/>
                  <SP HEIGHT="90" WIDTH="19" VPOS="1651" HPOS="1789"/>
                  <String HEIGHT="90"
                          WIDTH="173"
                          VPOS="1651"
                          HPOS="1732"
                          CONTENT="vtens"/>
                  <SP HEIGHT="90" WIDTH="19" VPOS="1651" HPOS="1905"/>
                  <String HEIGHT="90"
                          WIDTH="115"
                          VPOS="1651"
                          HPOS="1847"
                          CONTENT="ac"/>
                  <SP HEIGHT="90" WIDTH="19" VPOS="1651" HPOS="1963"/>
                  <String HEIGHT="90"
                          WIDTH="212"
                          VPOS="1651"
                          HPOS="1905"
                          CONTENT="moribus"/>
                  <SP HEIGHT="90" WIDTH="19" VPOS="1651" HPOS="2117"/>
                  <String HEIGHT="90"
                          WIDTH="115"
                          VPOS="1651"
                          HPOS="2040"
                          CONTENT="bene"/>
               </TextLine>
               <TextLine ID="r2l27"
                         BASELINE="476,1755 526,1754 576,1754 626,1752 677,1752 727,1752 777,1751 828,1751 878,1751 928,1751 979,1751 1029,1751 1079,1751 1129,1751 1180,1751 1230,1751 1280,1751 1331,1752 1381,1752 1431,1753 1482,1754"
                         HEIGHT="74"
                         WIDTH="1028"
                         VPOS="1716"
                         HPOS="465">
                  <String HEIGHT="74"
                          WIDTH="194"
                          VPOS="1716"
                          HPOS="446"
                          CONTENT="fuerit"/>
                  <SP HEIGHT="74" WIDTH="19" VPOS="1716" HPOS="640"/>
                  <String HEIGHT="74"
                          WIDTH="291"
                          VPOS="1716"
                          HPOS="581"
                          CONTENT="constituta."/>
                  <SP HEIGHT="74" WIDTH="19" VPOS="1716" HPOS="872"/>
                  <String HEIGHT="74"
                          WIDTH="213"
                          VPOS="1716"
                          HPOS="814"
                          CONTENT="Dicamus"/>
                  <SP HEIGHT="74" WIDTH="19" VPOS="1716" HPOS="1027"/>
                  <String HEIGHT="74"
                          WIDTH="194"
                          VPOS="1716"
                          HPOS="969"
                          CONTENT="igitur"/>
                  <SP HEIGHT="74" WIDTH="19" VPOS="1716" HPOS="1163"/>
                  <String HEIGHT="74"
                          WIDTH="155"
                          VPOS="1716"
                          HPOS="1105"
                          CONTENT="hinc"/>
                  <SP HEIGHT="74" WIDTH="19" VPOS="1716" HPOS="1260"/>
                  <String HEIGHT="74"
                          WIDTH="194"
                          VPOS="1716"
                          HPOS="1202"
                          CONTENT="initio"/>
                  <SP HEIGHT="74" WIDTH="19" VPOS="1716" HPOS="1396"/>
                  <String HEIGHT="74"
                          WIDTH="175"
                          VPOS="1716"
                          HPOS="1318"
                          CONTENT="sumpto."/>
               </TextLine>
               <TextLine ID="r2l28"
                         BASELINE="948,1848 976,1851 1005,1852 1033,1853 1062,1854 1090,1855 1119,1856 1147,1856 1176,1856 1204,1856 1233,1856 1261,1856 1290,1856 1318,1856 1347,1856 1375,1856 1404,1856 1432,1857 1461,1857 1489,1859 1518,1860"
                         HEIGHT="108"
                         WIDTH="591"
                         VPOS="1776"
                         HPOS="938">
                  <String HEIGHT="108"
                          WIDTH="274"
                          VPOS="1776"
                          HPOS="917"
                          CONTENT="Ethicorum"/>
                  <SP HEIGHT="108" WIDTH="21" VPOS="1776" HPOS="1191"/>
                  <String HEIGHT="108"
                          WIDTH="317"
                          VPOS="1776"
                          HPOS="1128"
                          CONTENT="Aristotelis"/>
                  <SP HEIGHT="108" WIDTH="21" VPOS="1776" HPOS="1445"/>
                  <String HEIGHT="108"
                          WIDTH="169"
                          VPOS="1776"
                          HPOS="1360"
                          CONTENT="Finis."/>
               </TextLine>
               <TextLine ID="r2l29"
                         BASELINE="483,1958 564,1956 646,1955 728,1955 810,1955 892,1955 974,1955 1056,1955 1138,1955 1220,1956 1302,1956 1383,1958 1465,1958 1547,1959 1629,1959 1711,1961 1793,1961 1875,1961 1957,1961 2039,1961 2121,1961"
                         HEIGHT="66"
                         WIDTH="1659"
                         VPOS="1910"
                         HPOS="472">
                  <String HEIGHT="66" WIDTH="75" VPOS="1910" HPOS="457" CONTENT="⁋"/>
                  <SP HEIGHT="66" WIDTH="15" VPOS="1910" HPOS="532"/>
                  <String HEIGHT="66"
                          WIDTH="181"
                          VPOS="1910"
                          HPOS="487"
                          CONTENT="Sequitur"/>
                  <SP HEIGHT="66" WIDTH="15" VPOS="1910" HPOS="668"/>
                  <String HEIGHT="66"
                          WIDTH="166"
                          VPOS="1910"
                          HPOS="623"
                          CONTENT="litera."/>
                  <SP HEIGHT="66" WIDTH="15" VPOS="1910" HPOS="789"/>
                  <String HEIGHT="66"
                          WIDTH="121"
                          VPOS="1910"
                          HPOS="743"
                          CONTENT="Haec"/>
                  <SP HEIGHT="66" WIDTH="15" VPOS="1910" HPOS="864"/>
                  <String HEIGHT="66"
                          WIDTH="106"
                          VPOS="1910"
                          HPOS="819"
                          CONTENT="cum"/>
                  <SP HEIGHT="66" WIDTH="15" VPOS="1910" HPOS="924"/>
                  <String HEIGHT="66"
                          WIDTH="106"
                          VPOS="1910"
                          HPOS="879"
                          CONTENT="ita"/>
                  <SP HEIGHT="66" WIDTH="15" VPOS="1910" HPOS="985"/>
                  <String HEIGHT="66"
                          WIDTH="136"
                          VPOS="1910"
                          HPOS="940"
                          CONTENT="sint,"/>
                  <SP HEIGHT="66" WIDTH="15" VPOS="1910" HPOS="1075"/>
                  <String HEIGHT="66" WIDTH="90" VPOS="1910" HPOS="1030" CONTENT="vt"/>
                  <SP HEIGHT="66" WIDTH="15" VPOS="1910" HPOS="1121"/>
                  <String HEIGHT="66"
                          WIDTH="121"
                          VPOS="1910"
                          HPOS="1075"
                          CONTENT="nemo"/>
                  <SP HEIGHT="66" WIDTH="15" VPOS="1910" HPOS="1196"/>
                  <String HEIGHT="66"
                          WIDTH="121"
                          VPOS="1910"
                          HPOS="1151"
                          CONTENT="nisi"/>
                  <SP HEIGHT="66" WIDTH="15" VPOS="1910" HPOS="1271"/>
                  <String HEIGHT="66"
                          WIDTH="151"
                          VPOS="1910"
                          HPOS="1226"
                          CONTENT="sciens"/>
                  <SP HEIGHT="66" WIDTH="15" VPOS="1910" HPOS="1377"/>
                  <String HEIGHT="66"
                          WIDTH="151"
                          VPOS="1910"
                          HPOS="1332"
                          CONTENT="possit"/>
                  <SP HEIGHT="66" WIDTH="15" VPOS="1910" HPOS="1482"/>
                  <String HEIGHT="66"
                          WIDTH="121"
                          VPOS="1910"
                          HPOS="1437"
                          CONTENT="esse"/>
                  <SP HEIGHT="66" WIDTH="15" VPOS="1910" HPOS="1558"/>
                  <String HEIGHT="66"
                          WIDTH="226"
                          VPOS="1910"
                          HPOS="1513"
                          CONTENT="legislator."/>
                  <SP HEIGHT="66" WIDTH="15" VPOS="1910" HPOS="1739"/>
                  <String HEIGHT="66"
                          WIDTH="166"
                          VPOS="1910"
                          HPOS="1694"
                          CONTENT="Quoniam"/>
                  <SP HEIGHT="66" WIDTH="15" VPOS="1910" HPOS="1860"/>
                  <String HEIGHT="66"
                          WIDTH="181"
                          VPOS="1910"
                          HPOS="1814"
                          CONTENT="originem"/>
                  <SP HEIGHT="66" WIDTH="15" VPOS="1910" HPOS="1995"/>
                  <String HEIGHT="66"
                          WIDTH="196"
                          VPOS="1910"
                          HPOS="1935"
                          CONTENT="felicitatia"/>
               </TextLine>
               <TextLine ID="r2l30"
                         BASELINE="470,2007 553,2005 636,2003 719,2003 802,2001 885,2001 968,2001 1051,2001 1134,2002 1217,2003 1300,2004 1383,2004 1466,2006 1549,2006 1632,2007 1715,2007 1798,2009 1881,2009 1964,2009 2047,2009 2130,2009"
                         HEIGHT="54"
                         WIDTH="1683"
                         VPOS="1974"
                         HPOS="459">
                  <String HEIGHT="54"
                          WIDTH="154"
                          VPOS="1974"
                          HPOS="444"
                          CONTENT="posuit"/>
                  <SP HEIGHT="54" WIDTH="15" VPOS="1974" HPOS="598"/>
                  <String HEIGHT="54"
                          WIDTH="139"
                          VPOS="1974"
                          HPOS="552"
                          CONTENT="legis"/>
                  <SP HEIGHT="54" WIDTH="15" VPOS="1974" HPOS="691"/>
                  <String HEIGHT="54"
                          WIDTH="185"
                          VPOS="1974"
                          HPOS="644"
                          CONTENT="latorem,"/>
                  <SP HEIGHT="54" WIDTH="15" VPOS="1974" HPOS="830"/>
                  <String HEIGHT="54"
                          WIDTH="185"
                          VPOS="1974"
                          HPOS="783"
                          CONTENT="inquirit"/>
                  <SP HEIGHT="54" WIDTH="15" VPOS="1974" HPOS="969"/>
                  <String HEIGHT="54"
                          WIDTH="108"
                          VPOS="1974"
                          HPOS="922"
                          CONTENT="qua"/>
                  <SP HEIGHT="54" WIDTH="15" VPOS="1974" HPOS="1030"/>
                  <String HEIGHT="54"
                          WIDTH="108"
                          VPOS="1974"
                          HPOS="984"
                          CONTENT="via"/>
                  <SP HEIGHT="54" WIDTH="15" VPOS="1974" HPOS="1092"/>
                  <String HEIGHT="54"
                          WIDTH="185"
                          VPOS="1974"
                          HPOS="1046"
                          CONTENT="quispiam"/>
                  <SP HEIGHT="54" WIDTH="15" VPOS="1974" HPOS="1231"/>
                  <String HEIGHT="54"
                          WIDTH="124"
                          VPOS="1974"
                          HPOS="1185"
                          CONTENT="fiet"/>
                  <SP HEIGHT="54" WIDTH="15" VPOS="1974" HPOS="1308"/>
                  <String HEIGHT="54"
                          WIDTH="170"
                          VPOS="1974"
                          HPOS="1262"
                          CONTENT="peritus"/>
                  <SP HEIGHT="54" WIDTH="15" VPOS="1974" HPOS="1432"/>
                  <String HEIGHT="54"
                          WIDTH="232"
                          VPOS="1974"
                          HPOS="1385"
                          CONTENT="legislator."/>
                  <SP HEIGHT="54" WIDTH="15" VPOS="1974" HPOS="1617"/>
                  <String HEIGHT="54"
                          WIDTH="232"
                          VPOS="1974"
                          HPOS="1571"
                          CONTENT="Conducibile"/>
                  <SP HEIGHT="54" WIDTH="15" VPOS="1974" HPOS="1802"/>
                  <String HEIGHT="54"
                          WIDTH="108"
                          VPOS="1974"
                          HPOS="1756"
                          CONTENT="est"/>
                  <SP HEIGHT="54" WIDTH="15" VPOS="1974" HPOS="1864"/>
                  <String HEIGHT="54"
                          WIDTH="124"
                          VPOS="1974"
                          HPOS="1818"
                          CONTENT="post"/>
                  <SP HEIGHT="54" WIDTH="15" VPOS="1974" HPOS="1941"/>
                  <String HEIGHT="54"
                          WIDTH="262"
                          VPOS="1974"
                          HPOS="1880"
                          CONTENT="determinationem"/>
               </TextLine>
               <TextLine ID="r2l31"
                         BASELINE="479,2052 561,2051 644,2051 727,2049 810,2049 893,2049 976,2049 1058,2049 1141,2050 1224,2051 1307,2051 1390,2052 1473,2054 1556,2054 1638,2055 1721,2055 1804,2055 1887,2057 1970,2057 2053,2057 2136,2057"
                         HEIGHT="59"
                         WIDTH="1678"
                         VPOS="2015"
                         HPOS="468">
                  <String HEIGHT="59" WIDTH="94" VPOS="2015" HPOS="452" CONTENT="de"/>
                  <SP HEIGHT="59" WIDTH="16" VPOS="2015" HPOS="546"/>
                  <String HEIGHT="59"
                          WIDTH="173"
                          VPOS="2015"
                          HPOS="499"
                          CONTENT="moribus"/>
                  <SP HEIGHT="59" WIDTH="16" VPOS="2015" HPOS="672"/>
                  <String HEIGHT="59"
                          WIDTH="157"
                          VPOS="2015"
                          HPOS="625"
                          CONTENT="videre"/>
                  <SP HEIGHT="59" WIDTH="16" VPOS="2015" HPOS="782"/>
                  <String HEIGHT="59"
                          WIDTH="157"
                          VPOS="2015"
                          HPOS="735"
                          CONTENT="quanam"/>
                  <SP HEIGHT="59" WIDTH="16" VPOS="2015" HPOS="891"/>
                  <String HEIGHT="59"
                          WIDTH="110"
                          VPOS="2015"
                          HPOS="844"
                          CONTENT="via"/>
                  <SP HEIGHT="59" WIDTH="16" VPOS="2015" HPOS="954"/>
                  <String HEIGHT="59"
                          WIDTH="188"
                          VPOS="2015"
                          HPOS="907"
                          CONTENT="quispiam"/>
                  <SP HEIGHT="59" WIDTH="16" VPOS="2015" HPOS="1095"/>
                  <String HEIGHT="59"
                          WIDTH="220"
                          VPOS="2015"
                          HPOS="1048"
                          CONTENT="legistator"/>
                  <SP HEIGHT="59" WIDTH="16" VPOS="2015" HPOS="1268"/>
                  <String HEIGHT="59"
                          WIDTH="173"
                          VPOS="2015"
                          HPOS="1221"
                          CONTENT="euadere"/>
                  <SP HEIGHT="59" WIDTH="16" VPOS="2015" HPOS="1393"/>
                  <String HEIGHT="59"
                          WIDTH="173"
                          VPOS="2015"
                          HPOS="1346"
                          CONTENT="possit."/>
                  <SP HEIGHT="59" WIDTH="16" VPOS="2015" HPOS="1519"/>
                  <String HEIGHT="59" WIDTH="94" VPOS="2015" HPOS="1472" CONTENT="An"/>
                  <SP HEIGHT="59" WIDTH="16" VPOS="2015" HPOS="1566"/>
                  <String HEIGHT="59" WIDTH="94" VPOS="2015" HPOS="1519" CONTENT="ab"/>
                  <SP HEIGHT="59" WIDTH="16" VPOS="2015" HPOS="1613"/>
                  <String HEIGHT="59"
                          WIDTH="110"
                          VPOS="2015"
                          HPOS="1566"
                          CONTENT="his"/>
                  <SP HEIGHT="59" WIDTH="16" VPOS="2015" HPOS="1676"/>
                  <String HEIGHT="59"
                          WIDTH="110"
                          VPOS="2015"
                          HPOS="1628"
                          CONTENT="qui"/>
                  <SP HEIGHT="59" WIDTH="16" VPOS="2015" HPOS="1738"/>
                  <String HEIGHT="59"
                          WIDTH="235"
                          VPOS="2015"
                          HPOS="1691"
                          CONTENT="rempublicam"/>
                  <SP HEIGHT="59" WIDTH="16" VPOS="2015" HPOS="1926"/>
                  <String HEIGHT="59"
                          WIDTH="220"
                          VPOS="2015"
                          HPOS="1879"
                          CONTENT="gubernant,"/>
                  <SP HEIGHT="59" WIDTH="16" VPOS="2015" HPOS="2099"/>
                  <String HEIGHT="59"
                          WIDTH="110"
                          VPOS="2015"
                          HPOS="2036"
                          CONTENT="quen¬"
                          SUBS_TYPE="HypPart1"
                          SUBS_CONTENT="quenadmodum"/>
                  <HYP CONTENT="-"/>
               </TextLine>
               <TextLine ID="r2l32"
                         BASELINE="467,2100 550,2099 634,2099 718,2097 801,2097 885,2097 969,2097 1052,2097 1136,2097 1220,2099 1304,2099 1387,2100 1471,2100 1555,2102 1638,2102 1722,2103 1806,2103 1889,2103 1973,2103 2057,2103 2141,2102"
                         HEIGHT="47"
                         WIDTH="1695"
                         VPOS="2064"
                         HPOS="456">
                  <String HEIGHT="47"
                          WIDTH="174"
                          VPOS="2064"
                          HPOS="440"
                          CONTENT="admodum"
                          SUBS_TYPE="HypPart2"
                          SUBS_CONTENT="quenadmodum"/>
                  <SP HEIGHT="47" WIDTH="16" VPOS="2064" HPOS="614"/>
                  <String HEIGHT="47" WIDTH="95" VPOS="2064" HPOS="567" CONTENT="in"/>
                  <SP HEIGHT="47" WIDTH="16" VPOS="2064" HPOS="662"/>
                  <String HEIGHT="47"
                          WIDTH="190"
                          VPOS="2064"
                          HPOS="614"
                          CONTENT="caeteris"/>
                  <SP HEIGHT="47" WIDTH="16" VPOS="2064" HPOS="805"/>
                  <String HEIGHT="47"
                          WIDTH="253"
                          VPOS="2064"
                          HPOS="757"
                          CONTENT="facultatibus"/>
                  <SP HEIGHT="47" WIDTH="16" VPOS="2064" HPOS="1010"/>
                  <String HEIGHT="47" WIDTH="95" VPOS="2064" HPOS="963" CONTENT="in"/>
                  <SP HEIGHT="47" WIDTH="16" VPOS="2064" HPOS="1058"/>
                  <String HEIGHT="47"
                          WIDTH="111"
                          VPOS="2064"
                          HPOS="1010"
                          CONTENT="vsu"/>
                  <SP HEIGHT="47" WIDTH="16" VPOS="2064" HPOS="1121"/>
                  <String HEIGHT="47"
                          WIDTH="127"
                          VPOS="2064"
                          HPOS="1074"
                          CONTENT="est,"/>
                  <SP HEIGHT="47" WIDTH="16" VPOS="2064" HPOS="1201"/>
                  <String HEIGHT="47"
                          WIDTH="127"
                          VPOS="2064"
                          HPOS="1153"
                          CONTENT="quia"/>
                  <SP HEIGHT="47" WIDTH="16" VPOS="2064" HPOS="1280"/>
                  <String HEIGHT="47"
                          WIDTH="143"
                          VPOS="2064"
                          HPOS="1232"
                          CONTENT="legum"/>
                  <SP HEIGHT="47" WIDTH="16" VPOS="2064" HPOS="1375"/>
                  <String HEIGHT="47"
                          WIDTH="222"
                          VPOS="2064"
                          HPOS="1327"
                          CONTENT="ferendarum"/>
                  <SP HEIGHT="47" WIDTH="16" VPOS="2064" HPOS="1549"/>
                  <String HEIGHT="47"
                          WIDTH="190"
                          VPOS="2064"
                          HPOS="1502"
                          CONTENT="facultas"/>
                  <SP HEIGHT="47" WIDTH="16" VPOS="2064" HPOS="1692"/>
                  <String HEIGHT="47"
                          WIDTH="190"
                          VPOS="2064"
                          HPOS="1644"
                          CONTENT="politiae"/>
                  <SP HEIGHT="47" WIDTH="16" VPOS="2064" HPOS="1834"/>
                  <String HEIGHT="47"
                          WIDTH="127"
                          VPOS="2064"
                          HPOS="1787"
                          CONTENT="pars"/>
                  <SP HEIGHT="47" WIDTH="16" VPOS="2064" HPOS="1913"/>
                  <String HEIGHT="47"
                          WIDTH="127"
                          VPOS="2064"
                          HPOS="1866"
                          CONTENT="est."/>
                  <SP HEIGHT="47" WIDTH="16" VPOS="2064" HPOS="1993"/>
                  <String HEIGHT="47" WIDTH="95" VPOS="2064" HPOS="1945" CONTENT="An"/>
                  <SP HEIGHT="47" WIDTH="16" VPOS="2064" HPOS="2040"/>
                  <String HEIGHT="47"
                          WIDTH="111"
                          VPOS="2064"
                          HPOS="1993"
                          CONTENT="non"/>
                  <SP HEIGHT="47" WIDTH="16" VPOS="2064" HPOS="2103"/>
                  <String HEIGHT="47"
                          WIDTH="111"
                          VPOS="2064"
                          HPOS="2040"
                          CONTENT="simi¬"
                          SUBS_TYPE="HypPart1"
                          SUBS_CONTENT="similiter"/>
                  <HYP CONTENT="-"/>
               </TextLine>
               <TextLine ID="r2l33"
                         BASELINE="477,2147 559,2145 642,2144 725,2144 808,2144 891,2144 973,2144 1056,2144 1139,2145 1222,2145 1305,2147 1387,2147 1470,2148 1553,2148 1636,2150 1719,2150 1801,2151 1884,2151 1967,2151 2050,2150 2133,2150"
                         HEIGHT="53"
                         WIDTH="1678"
                         VPOS="2109"
                         HPOS="466">
                  <String HEIGHT="53"
                          WIDTH="126"
                          VPOS="2109"
                          HPOS="452"
                          CONTENT="liter"
                          SUBS_TYPE="HypPart2"
                          SUBS_CONTENT="similiter"/>
                  <SP HEIGHT="53" WIDTH="14" VPOS="2109" HPOS="578"/>
                  <String HEIGHT="53" WIDTH="84" VPOS="2109" HPOS="536" CONTENT="in"/>
                  <SP HEIGHT="53" WIDTH="14" VPOS="2109" HPOS="620"/>
                  <String HEIGHT="53"
                          WIDTH="140"
                          VPOS="2109"
                          HPOS="578"
                          CONTENT="ciuili"/>
                  <SP HEIGHT="53" WIDTH="14" VPOS="2109" HPOS="718"/>
                  <String HEIGHT="53" WIDTH="70" VPOS="2109" HPOS="676" CONTENT="&amp;"/>
                  <SP HEIGHT="53" WIDTH="14" VPOS="2109" HPOS="746"/>
                  <String HEIGHT="53" WIDTH="84" VPOS="2109" HPOS="704" CONTENT="in"/>
                  <SP HEIGHT="53" WIDTH="14" VPOS="2109" HPOS="788"/>
                  <String HEIGHT="53"
                          WIDTH="168"
                          VPOS="2109"
                          HPOS="746"
                          CONTENT="caeteris"/>
                  <SP HEIGHT="53" WIDTH="14" VPOS="2109" HPOS="913"/>
                  <String HEIGHT="53"
                          WIDTH="182"
                          VPOS="2109"
                          HPOS="872"
                          CONTENT="scientiis"/>
                  <SP HEIGHT="53" WIDTH="14" VPOS="2109" HPOS="1053"/>
                  <String HEIGHT="53"
                          WIDTH="112"
                          VPOS="2109"
                          HPOS="1011"
                          CONTENT="fit."/>
                  <SP HEIGHT="53" WIDTH="14" VPOS="2109" HPOS="1123"/>
                  <String HEIGHT="53"
                          WIDTH="98"
                          VPOS="2109"
                          HPOS="1081"
                          CONTENT="Nam"/>
                  <SP HEIGHT="53" WIDTH="14" VPOS="2109" HPOS="1179"/>
                  <String HEIGHT="53" WIDTH="84" VPOS="2109" HPOS="1137" CONTENT="in"/>
                  <SP HEIGHT="53" WIDTH="14" VPOS="2109" HPOS="1221"/>
                  <String HEIGHT="53"
                          WIDTH="126"
                          VPOS="2109"
                          HPOS="1179"
                          CONTENT="aliis"/>
                  <SP HEIGHT="53" WIDTH="14" VPOS="2109" HPOS="1305"/>
                  <String HEIGHT="53"
                          WIDTH="154"
                          VPOS="2109"
                          HPOS="1263"
                          CONTENT="artibus"/>
                  <SP HEIGHT="53" WIDTH="14" VPOS="2109" HPOS="1417"/>
                  <String HEIGHT="53"
                          WIDTH="112"
                          VPOS="2109"
                          HPOS="1375"
                          CONTENT="idem"/>
                  <SP HEIGHT="53" WIDTH="14" VPOS="2109" HPOS="1487"/>
                  <String HEIGHT="53"
                          WIDTH="126"
                          VPOS="2109"
                          HPOS="1445"
                          CONTENT="artem"/>
                  <SP HEIGHT="53" WIDTH="14" VPOS="2109" HPOS="1571"/>
                  <String HEIGHT="53"
                          WIDTH="140"
                          VPOS="2109"
                          HPOS="1529"
                          CONTENT="tradit"/>
                  <SP HEIGHT="53" WIDTH="14" VPOS="2109" HPOS="1669"/>
                  <String HEIGHT="53" WIDTH="70" VPOS="2109" HPOS="1627" CONTENT="&amp;"/>
                  <SP HEIGHT="53" WIDTH="14" VPOS="2109" HPOS="1697"/>
                  <String HEIGHT="53"
                          WIDTH="98"
                          VPOS="2109"
                          HPOS="1655"
                          CONTENT="per"/>
                  <SP HEIGHT="53" WIDTH="14" VPOS="2109" HPOS="1752"/>
                  <String HEIGHT="53"
                          WIDTH="98"
                          VPOS="2109"
                          HPOS="1711"
                          CONTENT="eam"/>
                  <SP HEIGHT="53" WIDTH="14" VPOS="2109" HPOS="1808"/>
                  <String HEIGHT="53"
                          WIDTH="182"
                          VPOS="2109"
                          HPOS="1766"
                          CONTENT="operatur."/>
                  <SP HEIGHT="53" WIDTH="14" VPOS="2109" HPOS="1948"/>
                  <String HEIGHT="53"
                          WIDTH="182"
                          VPOS="2109"
                          HPOS="1906"
                          CONTENT="Inductiue"/>
                  <SP HEIGHT="53" WIDTH="14" VPOS="2109" HPOS="2088"/>
                  <String HEIGHT="53"
                          WIDTH="126"
                          VPOS="2109"
                          HPOS="2046"
                          CONTENT="illud"/>
                  <SP HEIGHT="53" WIDTH="14" VPOS="2109" HPOS="2172"/>
                  <String HEIGHT="53" WIDTH="28" VPOS="2109" HPOS="2116" CONTENT=""/>
               </TextLine>
               <TextLine ID="r2l34"
                         BASELINE="468,2195 551,2193 634,2192 717,2190 800,2190 883,2190 966,2190 1049,2190 1132,2190 1215,2192 1299,2192 1382,2193 1465,2195 1548,2195 1631,2196 1714,2198 1797,2198 1880,2198 1963,2198 2046,2198 2130,2198"
                         HEIGHT="65"
                         WIDTH="1684"
                         VPOS="2156"
                         HPOS="457">
                  <String HEIGHT="65"
                          WIDTH="106"
                          VPOS="2156"
                          HPOS="442"
                          CONTENT="est"/>
                  <SP HEIGHT="65" WIDTH="15" VPOS="2156" HPOS="548"/>
                  <String HEIGHT="65"
                          WIDTH="197"
                          VPOS="2156"
                          HPOS="503"
                          CONTENT="liquidum,"/>
                  <SP HEIGHT="65" WIDTH="15" VPOS="2156" HPOS="700"/>
                  <String HEIGHT="65" WIDTH="91" VPOS="2156" HPOS="654" CONTENT="de"/>
                  <SP HEIGHT="65" WIDTH="15" VPOS="2156" HPOS="745"/>
                  <String HEIGHT="65"
                          WIDTH="228"
                          VPOS="2156"
                          HPOS="700"
                          CONTENT="pictoribus,"/>
                  <SP HEIGHT="65" WIDTH="15" VPOS="2156" HPOS="927"/>
                  <String HEIGHT="65"
                          WIDTH="182"
                          VPOS="2156"
                          HPOS="882"
                          CONTENT="medicis,"/>
                  <SP HEIGHT="65" WIDTH="15" VPOS="2156" HPOS="1064"/>
                  <String HEIGHT="65"
                          WIDTH="182"
                          VPOS="2156"
                          HPOS="1018"
                          CONTENT="scribis,"/>
                  <SP HEIGHT="65" WIDTH="15" VPOS="2156" HPOS="1200"/>
                  <String HEIGHT="65"
                          WIDTH="258"
                          VPOS="2156"
                          HPOS="1155"
                          CONTENT="calcificibus,"/>
                  <SP HEIGHT="65" WIDTH="15" VPOS="2156" HPOS="1413"/>
                  <String HEIGHT="65"
                          WIDTH="228"
                          VPOS="2156"
                          HPOS="1367"
                          CONTENT="vestiariis,"/>
                  <SP HEIGHT="65" WIDTH="15" VPOS="2156" HPOS="1595"/>
                  <String HEIGHT="65" WIDTH="76" VPOS="2156" HPOS="1549" CONTENT="&amp;"/>
                  <SP HEIGHT="65" WIDTH="15" VPOS="2156" HPOS="1625"/>
                  <String HEIGHT="65"
                          WIDTH="167"
                          VPOS="2156"
                          HPOS="1580"
                          CONTENT="denique"/>
                  <SP HEIGHT="65" WIDTH="15" VPOS="2156" HPOS="1747"/>
                  <String HEIGHT="65" WIDTH="91" VPOS="2156" HPOS="1701" CONTENT="de"/>
                  <SP HEIGHT="65" WIDTH="15" VPOS="2156" HPOS="1792"/>
                  <String HEIGHT="65"
                          WIDTH="182"
                          VPOS="2156"
                          HPOS="1747"
                          CONTENT="omnibus,"/>
                  <SP HEIGHT="65" WIDTH="15" VPOS="2156" HPOS="1929"/>
                  <String HEIGHT="65" WIDTH="91" VPOS="2156" HPOS="1883" CONTENT="at"/>
                  <SP HEIGHT="65" WIDTH="15" VPOS="2156" HPOS="1974"/>
                  <String HEIGHT="65"
                          WIDTH="228"
                          VPOS="2156"
                          HPOS="1913"
                          CONTENT="gubernandarum"/>
               </TextLine>
               <TextLine ID="r2l35"
                         BASELINE="462,2243 545,2241 628,2240 712,2240 795,2239 879,2238 962,2238 1045,2240 1129,2240 1212,2240 1296,2241 1379,2241 1462,2243 1546,2243 1629,2244 1713,2244 1796,2246 1879,2246 1963,2246 2046,2246 2130,2246"
                         HEIGHT="59"
                         WIDTH="1688"
                         VPOS="2207"
                         HPOS="452">
                  <String HEIGHT="59"
                          WIDTH="136"
                          VPOS="2207"
                          HPOS="437"
                          CONTENT="rerum"/>
                  <SP HEIGHT="59" WIDTH="15" VPOS="2207" HPOS="573"/>
                  <String HEIGHT="59"
                          WIDTH="211"
                          VPOS="2207"
                          HPOS="527"
                          CONTENT="publicarum"/>
                  <SP HEIGHT="59" WIDTH="15" VPOS="2207" HPOS="738"/>
                  <String HEIGHT="59"
                          WIDTH="136"
                          VPOS="2207"
                          HPOS="693"
                          CONTENT="artem"/>
                  <SP HEIGHT="59" WIDTH="15" VPOS="2207" HPOS="829"/>
                  <String HEIGHT="59"
                          WIDTH="196"
                          VPOS="2207"
                          HPOS="784"
                          CONTENT="sophistae"/>
                  <SP HEIGHT="59" WIDTH="15" VPOS="2207" HPOS="979"/>
                  <String HEIGHT="59"
                          WIDTH="241"
                          VPOS="2207"
                          HPOS="934"
                          CONTENT="profitentur,"/>
                  <SP HEIGHT="59" WIDTH="15" VPOS="2207" HPOS="1175"/>
                  <String HEIGHT="59"
                          WIDTH="151"
                          VPOS="2207"
                          HPOS="1130"
                          CONTENT="quorum"/>
                  <SP HEIGHT="59" WIDTH="15" VPOS="2207" HPOS="1281"/>
                  <String HEIGHT="59"
                          WIDTH="151"
                          VPOS="2207"
                          HPOS="1236"
                          CONTENT="nullus"/>
                  <SP HEIGHT="59" WIDTH="15" VPOS="2207" HPOS="1386"/>
                  <String HEIGHT="59"
                          WIDTH="226"
                          VPOS="2207"
                          HPOS="1341"
                          CONTENT="rempublicam"/>
                  <SP HEIGHT="59" WIDTH="15" VPOS="2207" HPOS="1567"/>
                  <String HEIGHT="59"
                          WIDTH="211"
                          VPOS="2207"
                          HPOS="1522"
                          CONTENT="moderatur."/>
                  <SP HEIGHT="59" WIDTH="15" VPOS="2207" HPOS="1733"/>
                  <String HEIGHT="59"
                          WIDTH="196"
                          VPOS="2207"
                          HPOS="1688"
                          CONTENT="Sophistes"/>
                  <SP HEIGHT="59" WIDTH="15" VPOS="2207" HPOS="1884"/>
                  <String HEIGHT="59"
                          WIDTH="106"
                          VPOS="2207"
                          HPOS="1839"
                          CONTENT="non"/>
                  <SP HEIGHT="59" WIDTH="15" VPOS="2207" HPOS="1944"/>
                  <String HEIGHT="59"
                          WIDTH="166"
                          VPOS="2207"
                          HPOS="1899"
                          CONTENT="capitur"/>
                  <SP HEIGHT="59" WIDTH="15" VPOS="2207" HPOS="2065"/>
                  <String HEIGHT="59"
                          WIDTH="106"
                          VPOS="2207"
                          HPOS="2019"
                          CONTENT="hic"/>
                  <SP HEIGHT="59" WIDTH="15" VPOS="2207" HPOS="2125"/>
                  <String HEIGHT="59"
                          WIDTH="75"
                          VPOS="2207"
                          HPOS="2065"
                          CONTENT="pro"/>
               </TextLine>
               <TextLine ID="r2l36"
                         BASELINE="467,2289 550,2288 633,2286 716,2286 800,2286 883,2286 966,2286 1050,2286 1133,2288 1216,2288 1300,2289 1383,2289 1466,2291 1549,2291 1633,2292 1716,2292 1799,2292 1883,2292 1966,2292 2049,2292 2133,2291"
                         HEIGHT="60"
                         WIDTH="1686"
                         VPOS="2252"
                         HPOS="457">
                  <String HEIGHT="60"
                          WIDTH="196"
                          VPOS="2252"
                          HPOS="441"
                          CONTENT="callente"/>
                  <SP HEIGHT="60" WIDTH="16" VPOS="2252" HPOS="637"/>
                  <String HEIGHT="60"
                          WIDTH="246"
                          VPOS="2252"
                          HPOS="588"
                          CONTENT="sophismata,"/>
                  <SP HEIGHT="60" WIDTH="16" VPOS="2252" HPOS="833"/>
                  <String HEIGHT="60" WIDTH="82" VPOS="2252" HPOS="784" CONTENT="&amp;"/>
                  <SP HEIGHT="60" WIDTH="16" VPOS="2252" HPOS="866"/>
                  <String HEIGHT="60"
                          WIDTH="115"
                          VPOS="2252"
                          HPOS="817"
                          CONTENT="pro"/>
                  <SP HEIGHT="60" WIDTH="16" VPOS="2252" HPOS="932"/>
                  <String HEIGHT="60"
                          WIDTH="246"
                          VPOS="2252"
                          HPOS="883"
                          CONTENT="cauillatore"/>
                  <SP HEIGHT="60" WIDTH="16" VPOS="2252" HPOS="1128"/>
                  <String HEIGHT="60"
                          WIDTH="196"
                          VPOS="2252"
                          HPOS="1079"
                          CONTENT="sophiae,"/>
                  <SP HEIGHT="60" WIDTH="16" VPOS="2252" HPOS="1275"/>
                  <String HEIGHT="60"
                          WIDTH="115"
                          VPOS="2252"
                          HPOS="1226"
                          CONTENT="sed"/>
                  <SP HEIGHT="60" WIDTH="16" VPOS="2252" HPOS="1341"/>
                  <String HEIGHT="60"
                          WIDTH="115"
                          VPOS="2252"
                          HPOS="1292"
                          CONTENT="pro"/>
                  <SP HEIGHT="60" WIDTH="16" VPOS="2252" HPOS="1406"/>
                  <String HEIGHT="60"
                          WIDTH="213"
                          VPOS="2252"
                          HPOS="1357"
                          CONTENT="apparente"/>
                  <SP HEIGHT="60" WIDTH="16" VPOS="2252" HPOS="1570"/>
                  <String HEIGHT="60" WIDTH="82" VPOS="2252" HPOS="1521" CONTENT="&amp;"/>
                  <SP HEIGHT="60" WIDTH="16" VPOS="2252" HPOS="1603"/>
                  <String HEIGHT="60"
                          WIDTH="115"
                          VPOS="2252"
                          HPOS="1554"
                          CONTENT="non"/>
                  <SP HEIGHT="60" WIDTH="16" VPOS="2252" HPOS="1668"/>
                  <String HEIGHT="60"
                          WIDTH="213"
                          VPOS="2252"
                          HPOS="1619"
                          CONTENT="existente"/>
                  <SP HEIGHT="60" WIDTH="16" VPOS="2252" HPOS="1832"/>
                  <String HEIGHT="60"
                          WIDTH="213"
                          VPOS="2252"
                          HPOS="1783"
                          CONTENT="sapiente,"/>
                  <SP HEIGHT="60" WIDTH="16" VPOS="2252" HPOS="1996"/>
                  <String HEIGHT="60"
                          WIDTH="164"
                          VPOS="2252"
                          HPOS="1947"
                          CONTENT="sophia"/>
                  <SP HEIGHT="60" WIDTH="16" VPOS="2252" HPOS="2110"/>
                  <String HEIGHT="60"
                          WIDTH="98"
                          VPOS="2252"
                          HPOS="2045"
                          CONTENT="enim"/>
               </TextLine>
               <TextLine ID="r2l37"
                         BASELINE="465,2336 548,2335 631,2334 714,2334 798,2333 881,2333 964,2334 1047,2334 1131,2334 1214,2336 1297,2336 1380,2337 1464,2337 1547,2339 1630,2339 1713,2339 1797,2340 1880,2340 1963,2340 2046,2340 2130,2339"
                         HEIGHT="57"
                         WIDTH="1687"
                         VPOS="2296"
                         HPOS="453">
                  <String HEIGHT="57"
                          WIDTH="203"
                          VPOS="2296"
                          HPOS="437"
                          CONTENT="sapientia"/>
                  <SP HEIGHT="57" WIDTH="16" VPOS="2296" HPOS="640"/>
                  <String HEIGHT="57" WIDTH="78" VPOS="2296" HPOS="594" CONTENT="&amp;"/>
                  <SP HEIGHT="57" WIDTH="16" VPOS="2296" HPOS="672"/>
                  <String HEIGHT="57"
                          WIDTH="141"
                          VPOS="2296"
                          HPOS="625"
                          CONTENT="sophi"/>
                  <SP HEIGHT="57" WIDTH="16" VPOS="2296" HPOS="765"/>
                  <String HEIGHT="57"
                          WIDTH="219"
                          VPOS="2296"
                          HPOS="719"
                          CONTENT="sapientes."/>
                  <SP HEIGHT="57" WIDTH="16" VPOS="2296" HPOS="937"/>
                  <String HEIGHT="57"
                          WIDTH="219"
                          VPOS="2296"
                          HPOS="890"
                          CONTENT="philosophi"/>
                  <SP HEIGHT="57" WIDTH="16" VPOS="2296" HPOS="1109"/>
                  <String HEIGHT="57"
                          WIDTH="187"
                          VPOS="2296"
                          HPOS="1062"
                          CONTENT="amatores"/>
                  <SP HEIGHT="57" WIDTH="16" VPOS="2296" HPOS="1250"/>
                  <String HEIGHT="57"
                          WIDTH="234"
                          VPOS="2296"
                          HPOS="1203"
                          CONTENT="sapientiae."/>
                  <SP HEIGHT="57" WIDTH="16" VPOS="2296" HPOS="1437"/>
                  <String HEIGHT="57"
                          WIDTH="187"
                          VPOS="2296"
                          HPOS="1390"
                          CONTENT="Erantque"/>
                  <SP HEIGHT="57" WIDTH="16" VPOS="2296" HPOS="1578"/>
                  <String HEIGHT="57"
                          WIDTH="203"
                          VPOS="2296"
                          HPOS="1531"
                          CONTENT="sophistae"/>
                  <SP HEIGHT="57" WIDTH="16" VPOS="2296" HPOS="1734"/>
                  <String HEIGHT="57"
                          WIDTH="219"
                          VPOS="2296"
                          HPOS="1687"
                          CONTENT="rhetoricam"/>
                  <SP HEIGHT="57" WIDTH="16" VPOS="2296" HPOS="1906"/>
                  <String HEIGHT="57"
                          WIDTH="187"
                          VPOS="2296"
                          HPOS="1859"
                          CONTENT="docentes"/>
                  <SP HEIGHT="57" WIDTH="16" VPOS="2296" HPOS="2046"/>
                  <String HEIGHT="57" WIDTH="78" VPOS="2296" HPOS="1999" CONTENT="&amp;"/>
                  <SP HEIGHT="57" WIDTH="16" VPOS="2296" HPOS="2078"/>
                  <String HEIGHT="57"
                          WIDTH="125"
                          VPOS="2296"
                          HPOS="2015"
                          CONTENT="decla¬"
                          SUBS_TYPE="HypPart1"
                          SUBS_CONTENT="declamare"/>
                  <HYP CONTENT="-"/>
               </TextLine>
               <TextLine ID="r2l38"
                         BASELINE="470,2382 557,2382 644,2382 731,2382 819,2382 906,2382 993,2382 1081,2382 1168,2382 1255,2384 1343,2384 1430,2384 1517,2385 1605,2385 1692,2385 1779,2387 1867,2387 1954,2387 2041,2387 2129,2387"
                         HEIGHT="55"
                         WIDTH="1680"
                         VPOS="2348"
                         HPOS="459">
                  <String HEIGHT="55"
                          WIDTH="116"
                          VPOS="2348"
                          HPOS="445"
                          CONTENT="mare"
                          SUBS_TYPE="HypPart2"
                          SUBS_CONTENT="declamare"/>
                  <SP HEIGHT="55" WIDTH="14" VPOS="2348" HPOS="560"/>
                  <String HEIGHT="55"
                          WIDTH="116"
                          VPOS="2348"
                          HPOS="517"
                          CONTENT="quod"/>
                  <SP HEIGHT="55" WIDTH="14" VPOS="2348" HPOS="633"/>
                  <String HEIGHT="55"
                          WIDTH="101"
                          VPOS="2348"
                          HPOS="589"
                          CONTENT="non"/>
                  <SP HEIGHT="55" WIDTH="14" VPOS="2348" HPOS="691"/>
                  <String HEIGHT="55"
                          WIDTH="101"
                          VPOS="2348"
                          HPOS="647"
                          CONTENT="fit"/>
                  <SP HEIGHT="55" WIDTH="14" VPOS="2348" HPOS="749"/>
                  <String HEIGHT="55"
                          WIDTH="116"
                          VPOS="2348"
                          HPOS="705"
                          CONTENT="sine"/>
                  <SP HEIGHT="55" WIDTH="14" VPOS="2348" HPOS="821"/>
                  <String HEIGHT="55"
                          WIDTH="130"
                          VPOS="2348"
                          HPOS="778"
                          CONTENT="legum"/>
                  <SP HEIGHT="55" WIDTH="14" VPOS="2348" HPOS="908"/>
                  <String HEIGHT="55"
                          WIDTH="217"
                          VPOS="2348"
                          HPOS="865"
                          CONTENT="adductione:"/>
                  <SP HEIGHT="55" WIDTH="14" VPOS="2348" HPOS="1082"/>
                  <String HEIGHT="55"
                          WIDTH="145"
                          VPOS="2348"
                          HPOS="1038"
                          CONTENT="itaque"/>
                  <SP HEIGHT="55" WIDTH="14" VPOS="2348" HPOS="1183"/>
                  <String HEIGHT="55" WIDTH="87" VPOS="2348" HPOS="1140" CONTENT="se"/>
                  <SP HEIGHT="55" WIDTH="14" VPOS="2348" HPOS="1227"/>
                  <String HEIGHT="55"
                          WIDTH="130"
                          VPOS="2348"
                          HPOS="1183"
                          CONTENT="legum"/>
                  <SP HEIGHT="55" WIDTH="14" VPOS="2348" HPOS="1313"/>
                  <String HEIGHT="55"
                          WIDTH="159"
                          VPOS="2348"
                          HPOS="1270"
                          CONTENT="peritos"/>
                  <SP HEIGHT="55" WIDTH="14" VPOS="2348" HPOS="1429"/>
                  <String HEIGHT="55"
                          WIDTH="232"
                          VPOS="2348"
                          HPOS="1386"
                          CONTENT="iactitabant:"/>
                  <SP HEIGHT="55" WIDTH="14" VPOS="2348" HPOS="1618"/>
                  <String HEIGHT="55"
                          WIDTH="145"
                          VPOS="2348"
                          HPOS="1574"
                          CONTENT="quarum"/>
                  <SP HEIGHT="55" WIDTH="14" VPOS="2348" HPOS="1719"/>
                  <String HEIGHT="55"
                          WIDTH="116"
                          VPOS="2348"
                          HPOS="1676"
                          CONTENT="vere"/>
                  <SP HEIGHT="55" WIDTH="14" VPOS="2348" HPOS="1791"/>
                  <String HEIGHT="55"
                          WIDTH="145"
                          VPOS="2348"
                          HPOS="1748"
                          CONTENT="periti"/>
                  <SP HEIGHT="55" WIDTH="14" VPOS="2348" HPOS="1893"/>
                  <String HEIGHT="55"
                          WIDTH="116"
                          VPOS="2348"
                          HPOS="1849"
                          CONTENT="esse"/>
                  <SP HEIGHT="55" WIDTH="14" VPOS="2348" HPOS="1965"/>
                  <String HEIGHT="55"
                          WIDTH="145"
                          VPOS="2348"
                          HPOS="1922"
                          CONTENT="debent"/>
                  <SP HEIGHT="55" WIDTH="14" VPOS="2348" HPOS="2067"/>
                  <String HEIGHT="55"
                          WIDTH="130"
                          VPOS="2348"
                          HPOS="2009"
                          CONTENT="praefe¬"
                          SUBS_TYPE="HypPart1"
                          SUBS_CONTENT="praefecti,"/>
                  <HYP CONTENT="-"/>
               </TextLine>
               <TextLine ID="r2l39"
                         BASELINE="470,2430 553,2430 636,2430 719,2430 803,2430 886,2430 969,2430 1053,2430 1136,2430 1219,2431 1303,2432 1386,2432 1469,2432 1552,2433 1636,2433 1719,2433 1802,2433 1886,2435 1969,2435 2052,2435 2136,2435"
                         HEIGHT="57"
                         WIDTH="1686"
                         VPOS="2392"
                         HPOS="460">
                  <String HEIGHT="57"
                          WIDTH="126"
                          VPOS="2392"
                          HPOS="444"
                          CONTENT="cti,"
                          SUBS_TYPE="HypPart2"
                          SUBS_CONTENT="praefecti,"/>
                  <SP HEIGHT="57" WIDTH="16" VPOS="2392" HPOS="570"/>
                  <String HEIGHT="57"
                          WIDTH="189"
                          VPOS="2392"
                          HPOS="523"
                          CONTENT="iudices,"/>
                  <SP HEIGHT="57" WIDTH="16" VPOS="2392" HPOS="712"/>
                  <String HEIGHT="57"
                          WIDTH="173"
                          VPOS="2392"
                          HPOS="665"
                          CONTENT="Tribuni"/>
                  <SP HEIGHT="57" WIDTH="16" VPOS="2392" HPOS="838"/>
                  <String HEIGHT="57"
                          WIDTH="158"
                          VPOS="2392"
                          HPOS="791"
                          CONTENT="plebis"/>
                  <SP HEIGHT="57" WIDTH="16" VPOS="2392" HPOS="948"/>
                  <String HEIGHT="57"
                          WIDTH="205"
                          VPOS="2392"
                          HPOS="901"
                          CONTENT="praetores"/>
                  <SP HEIGHT="57" WIDTH="16" VPOS="2392" HPOS="1106"/>
                  <String HEIGHT="57"
                          WIDTH="252"
                          VPOS="2392"
                          HPOS="1059"
                          CONTENT="propraetores"/>
                  <SP HEIGHT="57" WIDTH="16" VPOS="2392" HPOS="1311"/>
                  <String HEIGHT="57" WIDTH="79" VPOS="2392" HPOS="1264" CONTENT="&amp;"/>
                  <SP HEIGHT="57" WIDTH="16" VPOS="2392" HPOS="1342"/>
                  <String HEIGHT="57"
                          WIDTH="126"
                          VPOS="2392"
                          HPOS="1295"
                          CONTENT="alii"/>
                  <SP HEIGHT="57" WIDTH="16" VPOS="2392" HPOS="1421"/>
                  <String HEIGHT="57"
                          WIDTH="110"
                          VPOS="2392"
                          HPOS="1374"
                          CONTENT="qui"/>
                  <SP HEIGHT="57" WIDTH="16" VPOS="2392" HPOS="1484"/>
                  <String HEIGHT="57" WIDTH="95" VPOS="2392" HPOS="1437" CONTENT="in"/>
                  <SP HEIGHT="57" WIDTH="16" VPOS="2392" HPOS="1531"/>
                  <String HEIGHT="57"
                          WIDTH="205"
                          VPOS="2392"
                          HPOS="1484"
                          CONTENT="republica"/>
                  <SP HEIGHT="57" WIDTH="16" VPOS="2392" HPOS="1689"/>
                  <String HEIGHT="57"
                          WIDTH="205"
                          VPOS="2392"
                          HPOS="1642"
                          CONTENT="insudant."/>
                  <SP HEIGHT="57" WIDTH="16" VPOS="2392" HPOS="1847"/>
                  <String HEIGHT="57"
                          WIDTH="142"
                          VPOS="2392"
                          HPOS="1799"
                          CONTENT="Verum"/>
                  <SP HEIGHT="57" WIDTH="16" VPOS="2392" HPOS="1941"/>
                  <String HEIGHT="57"
                          WIDTH="142"
                          VPOS="2392"
                          HPOS="1894"
                          CONTENT="multi"/>
                  <SP HEIGHT="57" WIDTH="16" VPOS="2392" HPOS="2036"/>
                  <String HEIGHT="57"
                          WIDTH="110"
                          VPOS="2392"
                          HPOS="1988"
                          CONTENT="qui"/>
                  <SP HEIGHT="57" WIDTH="16" VPOS="2392" HPOS="2099"/>
                  <String HEIGHT="57"
                          WIDTH="110"
                          VPOS="2392"
                          HPOS="2036"
                          CONTENT="aliis"/>
               </TextLine>
               <TextLine ID="r2l40"
                         BASELINE="467,2478 549,2478 632,2477 714,2477 797,2477 880,2477 962,2477 1045,2477 1128,2478 1210,2478 1293,2478 1376,2480 1458,2480 1541,2480 1624,2480 1706,2481 1789,2481 1872,2481 1954,2481 2037,2481 2120,2481"
                         HEIGHT="57"
                         WIDTH="1674"
                         VPOS="2445"
                         HPOS="457">
                  <String HEIGHT="57"
                          WIDTH="186"
                          VPOS="2445"
                          HPOS="442"
                          CONTENT="praesunt"/>
                  <SP HEIGHT="57" WIDTH="16" VPOS="2445" HPOS="628"/>
                  <String HEIGHT="57" WIDTH="93" VPOS="2445" HPOS="581" CONTENT="ad"/>
                  <SP HEIGHT="57" WIDTH="16" VPOS="2445" HPOS="674"/>
                  <String HEIGHT="57" WIDTH="93" VPOS="2445" HPOS="628" CONTENT="id"/>
                  <SP HEIGHT="57" WIDTH="16" VPOS="2445" HPOS="721"/>
                  <String HEIGHT="57"
                          WIDTH="171"
                          VPOS="2445"
                          HPOS="674"
                          CONTENT="muneris"/>
                  <SP HEIGHT="57" WIDTH="16" VPOS="2445" HPOS="845"/>
                  <String HEIGHT="57"
                          WIDTH="155"
                          VPOS="2445"
                          HPOS="798"
                          CONTENT="inepti"/>
                  <SP HEIGHT="57" WIDTH="16" VPOS="2445" HPOS="953"/>
                  <String HEIGHT="57"
                          WIDTH="202"
                          VPOS="2445"
                          HPOS="907"
                          CONTENT="videntur:"/>
                  <SP HEIGHT="57" WIDTH="16" VPOS="2445" HPOS="1108"/>
                  <String HEIGHT="57"
                          WIDTH="109"
                          VPOS="2445"
                          HPOS="1062"
                          CONTENT="cum"/>
                  <SP HEIGHT="57" WIDTH="16" VPOS="2445" HPOS="1170"/>
                  <String HEIGHT="57"
                          WIDTH="233"
                          VPOS="2445"
                          HPOS="1124"
                          CONTENT="experientia"/>
                  <SP HEIGHT="57" WIDTH="16" VPOS="2445" HPOS="1356"/>
                  <String HEIGHT="57" WIDTH="78" VPOS="2445" HPOS="1310" CONTENT="&amp;"/>
                  <SP HEIGHT="57" WIDTH="16" VPOS="2445" HPOS="1387"/>
                  <String HEIGHT="57"
                          WIDTH="202"
                          VPOS="2445"
                          HPOS="1341"
                          CONTENT="potentia,"/>
                  <SP HEIGHT="57" WIDTH="16" VPOS="2445" HPOS="1542"/>
                  <String HEIGHT="57"
                          WIDTH="109"
                          VPOS="2445"
                          HPOS="1496"
                          CONTENT="hoc"/>
                  <SP HEIGHT="57" WIDTH="16" VPOS="2445" HPOS="1604"/>
                  <String HEIGHT="57"
                          WIDTH="109"
                          VPOS="2445"
                          HPOS="1558"
                          CONTENT="est"/>
                  <SP HEIGHT="57" WIDTH="16" VPOS="2445" HPOS="1666"/>
                  <String HEIGHT="57"
                          WIDTH="155"
                          VPOS="2445"
                          HPOS="1620"
                          CONTENT="habitu"/>
                  <SP HEIGHT="57" WIDTH="16" VPOS="2445" HPOS="1775"/>
                  <String HEIGHT="57" WIDTH="93" VPOS="2445" HPOS="1728" CONTENT="ex"/>
                  <SP HEIGHT="57" WIDTH="16" VPOS="2445" HPOS="1821"/>
                  <String HEIGHT="57"
                          WIDTH="248"
                          VPOS="2445"
                          HPOS="1775"
                          CONTENT="consuetudine"/>
                  <SP HEIGHT="57" WIDTH="16" VPOS="2445" HPOS="2023"/>
                  <String HEIGHT="57"
                          WIDTH="171"
                          VPOS="2445"
                          HPOS="1961"
                          CONTENT="acquisito"/>
               </TextLine>
               <TextLine ID="r2l41"
                         BASELINE="465,2525 548,2525 632,2525 715,2525 799,2525 882,2525 966,2525 1049,2525 1133,2525 1216,2526 1300,2526 1384,2526 1467,2528 1551,2528 1634,2528 1718,2528 1801,2529 1885,2529 1968,2529 2052,2529 2136,2528"
                         HEIGHT="48"
                         WIDTH="1692"
                         VPOS="2492"
                         HPOS="455">
                  <String HEIGHT="48"
                          WIDTH="132"
                          VPOS="2492"
                          HPOS="440"
                          CONTENT="magis"/>
                  <SP HEIGHT="48" WIDTH="15" VPOS="2492" HPOS="573"/>
                  <String HEIGHT="48"
                          WIDTH="118"
                          VPOS="2492"
                          HPOS="529"
                          CONTENT="quam"/>
                  <SP HEIGHT="48" WIDTH="15" VPOS="2492" HPOS="646"/>
                  <String HEIGHT="48"
                          WIDTH="132"
                          VPOS="2492"
                          HPOS="602"
                          CONTENT="mente"/>
                  <SP HEIGHT="48" WIDTH="15" VPOS="2492" HPOS="735"/>
                  <String HEIGHT="48"
                          WIDTH="132"
                          VPOS="2492"
                          HPOS="690"
                          CONTENT="agere"/>
                  <SP HEIGHT="48" WIDTH="15" VPOS="2492" HPOS="823"/>
                  <String HEIGHT="48"
                          WIDTH="206"
                          VPOS="2492"
                          HPOS="779"
                          CONTENT="videantur."/>
                  <SP HEIGHT="48" WIDTH="15" VPOS="2492" HPOS="985"/>
                  <String HEIGHT="48"
                          WIDTH="103"
                          VPOS="2492"
                          HPOS="941"
                          CONTENT="Per"/>
                  <SP HEIGHT="48" WIDTH="15" VPOS="2492" HPOS="1044"/>
                  <String HEIGHT="48"
                          WIDTH="147"
                          VPOS="2492"
                          HPOS="999"
                          CONTENT="mentem"/>
                  <SP HEIGHT="48" WIDTH="15" VPOS="2492" HPOS="1147"/>
                  <String HEIGHT="48"
                          WIDTH="221"
                          VPOS="2492"
                          HPOS="1102"
                          CONTENT="intellectum"/>
                  <SP HEIGHT="48" WIDTH="15" VPOS="2492" HPOS="1323"/>
                  <String HEIGHT="48"
                          WIDTH="103"
                          VPOS="2492"
                          HPOS="1279"
                          CONTENT="vel"/>
                  <SP HEIGHT="48" WIDTH="15" VPOS="2492" HPOS="1382"/>
                  <String HEIGHT="48"
                          WIDTH="191"
                          VPOS="2492"
                          HPOS="1338"
                          CONTENT="scientiam"/>
                  <SP HEIGHT="48" WIDTH="15" VPOS="2492" HPOS="1529"/>
                  <String HEIGHT="48"
                          WIDTH="221"
                          VPOS="2492"
                          HPOS="1485"
                          CONTENT="intelligit."/>
                  <SP HEIGHT="48" WIDTH="15" VPOS="2492" HPOS="1706"/>
                  <String HEIGHT="48"
                          WIDTH="162"
                          VPOS="2492"
                          HPOS="1661"
                          CONTENT="Constat"/>
                  <SP HEIGHT="48" WIDTH="15" VPOS="2492" HPOS="1823"/>
                  <String HEIGHT="48"
                          WIDTH="132"
                          VPOS="2492"
                          HPOS="1779"
                          CONTENT="autem"/>
                  <SP HEIGHT="48" WIDTH="15" VPOS="2492" HPOS="1912"/>
                  <String HEIGHT="48"
                          WIDTH="103"
                          VPOS="2492"
                          HPOS="1867"
                          CONTENT="eos"/>
                  <SP HEIGHT="48" WIDTH="15" VPOS="2492" HPOS="1970"/>
                  <String HEIGHT="48" WIDTH="88" VPOS="2492" HPOS="1926" CONTENT="de"/>
                  <SP HEIGHT="48" WIDTH="15" VPOS="2492" HPOS="2015"/>
                  <String HEIGHT="48"
                          WIDTH="162"
                          VPOS="2492"
                          HPOS="1970"
                          CONTENT="talibus"/>
                  <SP HEIGHT="48" WIDTH="15" VPOS="2492" HPOS="2132"/>
                  <String HEIGHT="48"
                          WIDTH="74"
                          VPOS="2492"
                          HPOS="2073"
                          CONTENT="nec"/>
               </TextLine>
               <TextLine ID="r2l42"
                         BASELINE="462,2573 549,2573 636,2571 723,2571 811,2571 898,2571 985,2571 1073,2573 1160,2573 1247,2573 1335,2574 1422,2574 1509,2576 1597,2576 1684,2576 1771,2576 1859,2576 1946,2576 2033,2576 2121,2574"
                         HEIGHT="50"
                         WIDTH="1680"
                         VPOS="2537"
                         HPOS="451">
                  <String HEIGHT="50"
                          WIDTH="187"
                          VPOS="2537"
                          HPOS="435"
                          CONTENT="scribere"/>
                  <SP HEIGHT="50" WIDTH="16" VPOS="2537" HPOS="622"/>
                  <String HEIGHT="50"
                          WIDTH="109"
                          VPOS="2537"
                          HPOS="575"
                          CONTENT="nec"/>
                  <SP HEIGHT="50" WIDTH="16" VPOS="2537" HPOS="684"/>
                  <String HEIGHT="50"
                          WIDTH="156"
                          VPOS="2537"
                          HPOS="638"
                          CONTENT="loqui:"/>
                  <SP HEIGHT="50" WIDTH="16" VPOS="2537" HPOS="793"/>
                  <String HEIGHT="50"
                          WIDTH="124"
                          VPOS="2537"
                          HPOS="747"
                          CONTENT="quod"/>
                  <SP HEIGHT="50" WIDTH="16" VPOS="2537" HPOS="871"/>
                  <String HEIGHT="50"
                          WIDTH="140"
                          VPOS="2537"
                          HPOS="824"
                          CONTENT="tamen"/>
                  <SP HEIGHT="50" WIDTH="16" VPOS="2537" HPOS="964"/>
                  <String HEIGHT="50"
                          WIDTH="202"
                          VPOS="2537"
                          HPOS="918"
                          CONTENT="venustius"/>
                  <SP HEIGHT="50" WIDTH="16" VPOS="2537" HPOS="1120"/>
                  <String HEIGHT="50"
                          WIDTH="140"
                          VPOS="2537"
                          HPOS="1073"
                          CONTENT="foret"/>
                  <SP HEIGHT="50" WIDTH="16" VPOS="2537" HPOS="1213"/>
                  <String HEIGHT="50"
                          WIDTH="124"
                          VPOS="2537"
                          HPOS="1167"
                          CONTENT="quam"/>
                  <SP HEIGHT="50" WIDTH="16" VPOS="2537" HPOS="1291"/>
                  <String HEIGHT="50"
                          WIDTH="218"
                          VPOS="2537"
                          HPOS="1244"
                          CONTENT="iudiciales"/>
                  <SP HEIGHT="50" WIDTH="16" VPOS="2537" HPOS="1462"/>
                  <String HEIGHT="50"
                          WIDTH="202"
                          VPOS="2537"
                          HPOS="1415"
                          CONTENT="orationes"/>
                  <SP HEIGHT="50" WIDTH="16" VPOS="2537" HPOS="1618"/>
                  <String HEIGHT="50"
                          WIDTH="296"
                          VPOS="2537"
                          HPOS="1571"
                          CONTENT="deliberatiuasve"/>
                  <SP HEIGHT="50" WIDTH="16" VPOS="2537" HPOS="1867"/>
                  <String HEIGHT="50" WIDTH="93" VPOS="2537" HPOS="1820" CONTENT="in"/>
                  <SP HEIGHT="50" WIDTH="16" VPOS="2537" HPOS="1913"/>
                  <String HEIGHT="50"
                          WIDTH="233"
                          VPOS="2537"
                          HPOS="1867"
                          CONTENT="concionibus"/>
                  <SP HEIGHT="50" WIDTH="16" VPOS="2537" HPOS="2100"/>
                  <String HEIGHT="50"
                          WIDTH="93"
                          VPOS="2537"
                          HPOS="2038"
                          CONTENT="con¬"
                          SUBS_TYPE="HypPart1"
                          SUBS_CONTENT="conponere,"/>
                  <HYP CONTENT="-"/>
               </TextLine>
               <TextLine ID="r2l43"
                         BASELINE="474,2621 556,2621 639,2619 721,2619 804,2619 887,2619 969,2621 1052,2621 1135,2621 1217,2621 1300,2622 1383,2622 1465,2622 1548,2622 1631,2624 1713,2624 1796,2624 1879,2624 1961,2624 2044,2624 2127,2622"
                         HEIGHT="50"
                         WIDTH="1674"
                         VPOS="2585"
                         HPOS="464">
                  <String HEIGHT="50"
                          WIDTH="171"
                          VPOS="2585"
                          HPOS="449"
                          CONTENT="ponere,"
                          SUBS_TYPE="HypPart2"
                          SUBS_CONTENT="conponere,"/>
                  <SP HEIGHT="50" WIDTH="16" VPOS="2585" HPOS="619"/>
                  <String HEIGHT="50"
                          WIDTH="124"
                          VPOS="2585"
                          HPOS="573"
                          CONTENT="more"/>
                  <SP HEIGHT="50" WIDTH="16" VPOS="2585" HPOS="697"/>
                  <String HEIGHT="50"
                          WIDTH="202"
                          VPOS="2585"
                          HPOS="650"
                          CONTENT="oratorum."/>
                  <SP HEIGHT="50" WIDTH="16" VPOS="2585" HPOS="852"/>
                  <String HEIGHT="50" WIDTH="93" VPOS="2585" HPOS="805" CONTENT="Qu"/>
                  <SP HEIGHT="50" WIDTH="16" VPOS="2585" HPOS="898"/>
                  <String HEIGHT="50"
                          WIDTH="124"
                          VPOS="2585"
                          HPOS="852"
                          CONTENT="vero"/>
                  <SP HEIGHT="50" WIDTH="16" VPOS="2585" HPOS="976"/>
                  <String HEIGHT="50" WIDTH="93" VPOS="2585" HPOS="929" CONTENT="id"/>
                  <SP HEIGHT="50" WIDTH="16" VPOS="2585" HPOS="1022"/>
                  <String HEIGHT="50"
                          WIDTH="155"
                          VPOS="2585"
                          HPOS="976"
                          CONTENT="facere"/>
                  <SP HEIGHT="50" WIDTH="16" VPOS="2585" HPOS="1131"/>
                  <String HEIGHT="50"
                          WIDTH="186"
                          VPOS="2585"
                          HPOS="1084"
                          CONTENT="nequeant"/>
                  <SP HEIGHT="50" WIDTH="16" VPOS="2585" HPOS="1270"/>
                  <String HEIGHT="50"
                          WIDTH="109"
                          VPOS="2585"
                          HPOS="1224"
                          CONTENT="hoc"/>
                  <SP HEIGHT="50" WIDTH="16" VPOS="2585" HPOS="1332"/>
                  <String HEIGHT="50"
                          WIDTH="171"
                          VPOS="2585"
                          HPOS="1286"
                          CONTENT="indicio"/>
                  <SP HEIGHT="50" WIDTH="16" VPOS="2585" HPOS="1456"/>
                  <String HEIGHT="50"
                          WIDTH="279"
                          VPOS="2585"
                          HPOS="1410"
                          CONTENT="deprehenditur:"/>
                  <SP HEIGHT="50" WIDTH="16" VPOS="2585" HPOS="1689"/>
                  <String HEIGHT="50"
                          WIDTH="109"
                          VPOS="2585"
                          HPOS="1642"
                          CONTENT="cum"/>
                  <SP HEIGHT="50" WIDTH="16" VPOS="2585" HPOS="1751"/>
                  <String HEIGHT="50"
                          WIDTH="109"
                          VPOS="2585"
                          HPOS="1704"
                          CONTENT="nec"/>
                  <SP HEIGHT="50" WIDTH="16" VPOS="2585" HPOS="1813"/>
                  <String HEIGHT="50"
                          WIDTH="155"
                          VPOS="2585"
                          HPOS="1766"
                          CONTENT="filios"/>
                  <SP HEIGHT="50" WIDTH="16" VPOS="2585" HPOS="1921"/>
                  <String HEIGHT="50"
                          WIDTH="109"
                          VPOS="2585"
                          HPOS="1875"
                          CONTENT="nec"/>
                  <SP HEIGHT="50" WIDTH="16" VPOS="2585" HPOS="1983"/>
                  <String HEIGHT="50"
                          WIDTH="186"
                          VPOS="2585"
                          HPOS="1937"
                          CONTENT="amicorum"/>
                  <SP HEIGHT="50" WIDTH="16" VPOS="2585" HPOS="2123"/>
                  <String HEIGHT="50"
                          WIDTH="78"
                          VPOS="2585"
                          HPOS="2061"
                          CONTENT="vl¬"
                          SUBS_TYPE="HypPart1"
                          SUBS_CONTENT="vllos"/>
                  <HYP CONTENT="-"/>
               </TextLine>
               <TextLine ID="r2l44"
                         BASELINE="459,2667 542,2667 626,2667 710,2667 793,2667 877,2667 961,2667 1044,2667 1128,2667 1212,2669 1296,2669 1379,2669 1463,2669 1547,2670 1630,2670 1714,2670 1798,2670 1881,2670 1965,2670 2049,2670 2133,2670"
                         HEIGHT="61"
                         WIDTH="1695"
                         VPOS="2634"
                         HPOS="449">
                  <String HEIGHT="61"
                          WIDTH="103"
                          VPOS="2634"
                          HPOS="434"
                          CONTENT="los"
                          SUBS_TYPE="HypPart2"
                          SUBS_CONTENT="vllos"/>
                  <SP HEIGHT="61" WIDTH="15" VPOS="2634" HPOS="537"/>
                  <String HEIGHT="61" WIDTH="88" VPOS="2634" HPOS="493" CONTENT="ad"/>
                  <SP HEIGHT="61" WIDTH="15" VPOS="2634" HPOS="582"/>
                  <String HEIGHT="61"
                          WIDTH="177"
                          VPOS="2634"
                          HPOS="537"
                          CONTENT="regendum"/>
                  <SP HEIGHT="61" WIDTH="15" VPOS="2634" HPOS="714"/>
                  <String HEIGHT="61"
                          WIDTH="162"
                          VPOS="2634"
                          HPOS="670"
                          CONTENT="idoneos"/>
                  <SP HEIGHT="61" WIDTH="15" VPOS="2634" HPOS="832"/>
                  <String HEIGHT="61"
                          WIDTH="206"
                          VPOS="2634"
                          HPOS="788"
                          CONTENT="efficiant,"/>
                  <SP HEIGHT="61" WIDTH="15" VPOS="2634" HPOS="994"/>
                  <String HEIGHT="61"
                          WIDTH="118"
                          VPOS="2634"
                          HPOS="950"
                          CONTENT="quod"/>
                  <SP HEIGHT="61" WIDTH="15" VPOS="2634" HPOS="1068"/>
                  <String HEIGHT="61"
                          WIDTH="133"
                          VPOS="2634"
                          HPOS="1024"
                          CONTENT="tamen"/>
                  <SP HEIGHT="61" WIDTH="15" VPOS="2634" HPOS="1156"/>
                  <String HEIGHT="61"
                          WIDTH="162"
                          VPOS="2634"
                          HPOS="1112"
                          CONTENT="rationi"/>
                  <SP HEIGHT="61" WIDTH="15" VPOS="2634" HPOS="1274"/>
                  <String HEIGHT="61"
                          WIDTH="236"
                          VPOS="2634"
                          HPOS="1230"
                          CONTENT="consentaneum"/>
                  <SP HEIGHT="61" WIDTH="15" VPOS="2634" HPOS="1466"/>
                  <String HEIGHT="61"
                          WIDTH="118"
                          VPOS="2634"
                          HPOS="1422"
                          CONTENT="erat"/>
                  <SP HEIGHT="61" WIDTH="15" VPOS="2634" HPOS="1540"/>
                  <String HEIGHT="61"
                          WIDTH="103"
                          VPOS="2634"
                          HPOS="1495"
                          CONTENT="eos"/>
                  <SP HEIGHT="61" WIDTH="15" VPOS="2634" HPOS="1599"/>
                  <String HEIGHT="61"
                          WIDTH="177"
                          VPOS="2634"
                          HPOS="1554"
                          CONTENT="facturos"/>
                  <SP HEIGHT="61" WIDTH="15" VPOS="2634" HPOS="1731"/>
                  <String HEIGHT="61"
                          WIDTH="147"
                          VPOS="2634"
                          HPOS="1687"
                          CONTENT="fuisse"/>
                  <SP HEIGHT="61" WIDTH="15" VPOS="2634" HPOS="1834"/>
                  <String HEIGHT="61" WIDTH="88" VPOS="2634" HPOS="1790" CONTENT="si"/>
                  <SP HEIGHT="61" WIDTH="15" VPOS="2634" HPOS="1879"/>
                  <String HEIGHT="61"
                          WIDTH="221"
                          VPOS="2634"
                          HPOS="1834"
                          CONTENT="potuissent:"/>
                  <SP HEIGHT="61" WIDTH="15" VPOS="2634" HPOS="2056"/>
                  <String HEIGHT="61"
                          WIDTH="103"
                          VPOS="2634"
                          HPOS="2011"
                          CONTENT="nec"/>
                  <SP HEIGHT="61" WIDTH="15" VPOS="2634" HPOS="2115"/>
                  <String HEIGHT="61"
                          WIDTH="88"
                          VPOS="2634"
                          HPOS="2056"
                          CONTENT="ali¬"
                          SUBS_TYPE="HypPart1"
                          SUBS_CONTENT="aliquid"/>
                  <HYP CONTENT="-"/>
               </TextLine>
               <TextLine ID="r2l45"
                         BASELINE="470,2715 552,2714 635,2714 718,2714 800,2714 883,2714 966,2715 1048,2715 1131,2715 1214,2715 1297,2717 1379,2717 1462,2717 1545,2718 1627,2718 1710,2718 1793,2718 1875,2718 1958,2718 2041,2718 2124,2717"
                         HEIGHT="58"
                         WIDTH="1674"
                         VPOS="2677"
                         HPOS="460">
                  <String HEIGHT="58"
                          WIDTH="119"
                          VPOS="2677"
                          HPOS="445"
                          CONTENT="quid"
                          SUBS_TYPE="HypPart2"
                          SUBS_CONTENT="aliquid"/>
                  <SP HEIGHT="58" WIDTH="15" VPOS="2677" HPOS="564"/>
                  <String HEIGHT="58"
                          WIDTH="237"
                          VPOS="2677"
                          HPOS="519"
                          CONTENT="praestantius"/>
                  <SP HEIGHT="58" WIDTH="15" VPOS="2677" HPOS="756"/>
                  <String HEIGHT="58"
                          WIDTH="193"
                          VPOS="2677"
                          HPOS="712"
                          CONTENT="sibiipsis"/>
                  <SP HEIGHT="58" WIDTH="15" VPOS="2677" HPOS="904"/>
                  <String HEIGHT="58"
                          WIDTH="104"
                          VPOS="2677"
                          HPOS="860"
                          CONTENT="aut"/>
                  <SP HEIGHT="58" WIDTH="15" VPOS="2677" HPOS="964"/>
                  <String HEIGHT="58"
                          WIDTH="178"
                          VPOS="2677"
                          HPOS="919"
                          CONTENT="ciuitati"/>
                  <SP HEIGHT="58" WIDTH="15" VPOS="2677" HPOS="1097"/>
                  <String HEIGHT="58"
                          WIDTH="252"
                          VPOS="2677"
                          HPOS="1053"
                          CONTENT="reliquissent."/>
                  <SP HEIGHT="58" WIDTH="15" VPOS="2677" HPOS="1304"/>
                  <String HEIGHT="58"
                          WIDTH="104"
                          VPOS="2677"
                          HPOS="1260"
                          CONTENT="Non"/>
                  <SP HEIGHT="58" WIDTH="15" VPOS="2677" HPOS="1364"/>
                  <String HEIGHT="58"
                          WIDTH="133"
                          VPOS="2677"
                          HPOS="1319"
                          CONTENT="tamen"/>
                  <SP HEIGHT="58" WIDTH="15" VPOS="2677" HPOS="1453"/>
                  <String HEIGHT="58"
                          WIDTH="163"
                          VPOS="2677"
                          HPOS="1408"
                          CONTENT="ciuilis"/>
                  <SP HEIGHT="58" WIDTH="15" VPOS="2677" HPOS="1571"/>
                  <String HEIGHT="58"
                          WIDTH="237"
                          VPOS="2677"
                          HPOS="1527"
                          CONTENT="excercitatio"/>
                  <SP HEIGHT="58" WIDTH="15" VPOS="2677" HPOS="1764"/>
                  <String HEIGHT="58"
                          WIDTH="104"
                          VPOS="2677"
                          HPOS="1719"
                          CONTENT="est"/>
                  <SP HEIGHT="58" WIDTH="15" VPOS="2677" HPOS="1823"/>
                  <String HEIGHT="58"
                          WIDTH="193"
                          VPOS="2677"
                          HPOS="1778"
                          CONTENT="inutilis:"/>
                  <SP HEIGHT="58" WIDTH="15" VPOS="2677" HPOS="1971"/>
                  <String HEIGHT="58"
                          WIDTH="119"
                          VPOS="2677"
                          HPOS="1927"
                          CONTENT="quia"/>
                  <SP HEIGHT="58" WIDTH="15" VPOS="2677" HPOS="2045"/>
                  <String HEIGHT="58"
                          WIDTH="119"
                          VPOS="2677"
                          HPOS="2001"
                          CONTENT="illa"/>
                  <SP HEIGHT="58" WIDTH="15" VPOS="2677" HPOS="2119"/>
                  <String HEIGHT="58"
                          WIDTH="74"
                          VPOS="2677"
                          HPOS="2060"
                          CONTENT="ex¬"
                          SUBS_TYPE="HypPart1"
                          SUBS_CONTENT="excercitatio"/>
                  <HYP CONTENT="-"/>
               </TextLine>
               <TextLine ID="r2l46"
                         BASELINE="471,2762 554,2762 637,2762 720,2762 803,2762 886,2762 969,2762 1052,2762 1135,2763 1218,2763 1302,2763 1385,2765 1468,2765 1551,2765 1634,2766 1717,2766 1800,2766 1883,2766 1966,2766 2049,2765 2133,2765"
                         HEIGHT="59"
                         WIDTH="1684"
                         VPOS="2723"
                         HPOS="460">
                  <String HEIGHT="59"
                          WIDTH="222"
                          VPOS="2723"
                          HPOS="444"
                          CONTENT="cercitatio"
                          SUBS_TYPE="HypPart2"
                          SUBS_CONTENT="excercitatio"/>
                  <SP HEIGHT="59" WIDTH="16" VPOS="2723" HPOS="667"/>
                  <String HEIGHT="59"
                          WIDTH="191"
                          VPOS="2723"
                          HPOS="619"
                          CONTENT="plurimum"/>
                  <SP HEIGHT="59" WIDTH="16" VPOS="2723" HPOS="810"/>
                  <String HEIGHT="59"
                          WIDTH="207"
                          VPOS="2723"
                          HPOS="762"
                          CONTENT="conducit:"/>
                  <SP HEIGHT="59" WIDTH="16" VPOS="2723" HPOS="968"/>
                  <String HEIGHT="59"
                          WIDTH="175"
                          VPOS="2723"
                          HPOS="921"
                          CONTENT="alioqui"/>
                  <SP HEIGHT="59" WIDTH="16" VPOS="2723" HPOS="1095"/>
                  <String HEIGHT="59"
                          WIDTH="159"
                          VPOS="2723"
                          HPOS="1048"
                          CONTENT="minime"/>
                  <SP HEIGHT="59" WIDTH="16" VPOS="2723" HPOS="1207"/>
                  <String HEIGHT="59"
                          WIDTH="175"
                          VPOS="2723"
                          HPOS="1159"
                          CONTENT="fierent"/>
                  <SP HEIGHT="59" WIDTH="16" VPOS="2723" HPOS="1334"/>
                  <String HEIGHT="59"
                          WIDTH="111"
                          VPOS="2723"
                          HPOS="1286"
                          CONTENT="per"/>
                  <SP HEIGHT="59" WIDTH="16" VPOS="2723" HPOS="1397"/>
                  <String HEIGHT="59"
                          WIDTH="175"
                          VPOS="2723"
                          HPOS="1350"
                          CONTENT="ciuilem"/>
                  <SP HEIGHT="59" WIDTH="16" VPOS="2723" HPOS="1524"/>
                  <String HEIGHT="59"
                          WIDTH="270"
                          VPOS="2723"
                          HPOS="1477"
                          CONTENT="consuetudinem"/>
                  <SP HEIGHT="59" WIDTH="16" VPOS="2723" HPOS="1747"/>
                  <String HEIGHT="59" WIDTH="95" VPOS="2723" HPOS="1699" CONTENT="ad"/>
                  <SP HEIGHT="59" WIDTH="16" VPOS="2723" HPOS="1794"/>
                  <String HEIGHT="59"
                          WIDTH="191"
                          VPOS="2723"
                          HPOS="1747"
                          CONTENT="regendam"/>
                  <SP HEIGHT="59" WIDTH="16" VPOS="2723" HPOS="1937"/>
                  <String HEIGHT="59"
                          WIDTH="238"
                          VPOS="2723"
                          HPOS="1890"
                          CONTENT="rempublicam"/>
                  <SP HEIGHT="59" WIDTH="16" VPOS="2723" HPOS="2128"/>
                  <String HEIGHT="59"
                          WIDTH="79"
                          VPOS="2723"
                          HPOS="2065"
                          CONTENT="ma¬"
                          SUBS_TYPE="HypPart1"
                          SUBS_CONTENT="magis"/>
                  <HYP CONTENT="-"/>
               </TextLine>
               <TextLine ID="r2l47"
                         BASELINE="477,2810 559,2808 641,2808 723,2808 805,2808 888,2808 970,2808 1052,2810 1134,2810 1216,2810 1299,2810 1381,2811 1463,2811 1545,2811 1627,2813 1710,2813 1792,2813 1874,2813 1956,2813 2038,2813 2121,2813"
                         HEIGHT="63"
                         WIDTH="1666"
                         VPOS="2773"
                         HPOS="466">
                  <String HEIGHT="63"
                          WIDTH="105"
                          VPOS="2773"
                          HPOS="451"
                          CONTENT="gis"
                          SUBS_TYPE="HypPart2"
                          SUBS_CONTENT="magis"/>
                  <SP HEIGHT="63" WIDTH="15" VPOS="2773" HPOS="556"/>
                  <String HEIGHT="63"
                          WIDTH="165"
                          VPOS="2773"
                          HPOS="511"
                          CONTENT="idonei,"/>
                  <SP HEIGHT="63" WIDTH="15" VPOS="2773" HPOS="676"/>
                  <String HEIGHT="63"
                          WIDTH="120"
                          VPOS="2773"
                          HPOS="631"
                          CONTENT="quod"/>
                  <SP HEIGHT="63" WIDTH="15" VPOS="2773" HPOS="751"/>
                  <String HEIGHT="63"
                          WIDTH="150"
                          VPOS="2773"
                          HPOS="706"
                          CONTENT="liquet"/>
                  <SP HEIGHT="63" WIDTH="15" VPOS="2773" HPOS="856"/>
                  <String HEIGHT="63"
                          WIDTH="165"
                          VPOS="2773"
                          HPOS="811"
                          CONTENT="rationi"/>
                  <SP HEIGHT="63" WIDTH="15" VPOS="2773" HPOS="976"/>
                  <String HEIGHT="63"
                          WIDTH="120"
                          VPOS="2773"
                          HPOS="931"
                          CONTENT="esse"/>
                  <SP HEIGHT="63" WIDTH="15" VPOS="2773" HPOS="1051"/>
                  <String HEIGHT="63"
                          WIDTH="255"
                          VPOS="2773"
                          HPOS="1006"
                          CONTENT="dissentaneum."/>
                  <SP HEIGHT="63" WIDTH="15" VPOS="2773" HPOS="1261"/>
                  <String HEIGHT="63"
                          WIDTH="180"
                          VPOS="2773"
                          HPOS="1216"
                          CONTENT="Quocirca"/>
                  <SP HEIGHT="63" WIDTH="15" VPOS="2773" HPOS="1397"/>
                  <String HEIGHT="63"
                          WIDTH="105"
                          VPOS="2773"
                          HPOS="1352"
                          CONTENT="iis"/>
                  <SP HEIGHT="63" WIDTH="15" VPOS="2773" HPOS="1457"/>
                  <String HEIGHT="63"
                          WIDTH="105"
                          VPOS="2773"
                          HPOS="1412"
                          CONTENT="qui"/>
                  <SP HEIGHT="63" WIDTH="15" VPOS="2773" HPOS="1517"/>
                  <String HEIGHT="63" WIDTH="90" VPOS="2773" HPOS="1472" CONTENT="de"/>
                  <SP HEIGHT="63" WIDTH="15" VPOS="2773" HPOS="1562"/>
                  <String HEIGHT="63" WIDTH="90" VPOS="2773" HPOS="1517" CONTENT="re"/>
                  <SP HEIGHT="63" WIDTH="15" VPOS="2773" HPOS="1607"/>
                  <String HEIGHT="63"
                          WIDTH="150"
                          VPOS="2773"
                          HPOS="1562"
                          CONTENT="ciuili"/>
                  <SP HEIGHT="63" WIDTH="15" VPOS="2773" HPOS="1712"/>
                  <String HEIGHT="63"
                          WIDTH="210"
                          VPOS="2773"
                          HPOS="1667"
                          CONTENT="internosse"/>
                  <SP HEIGHT="63" WIDTH="15" VPOS="2773" HPOS="1877"/>
                  <String HEIGHT="63"
                          WIDTH="195"
                          VPOS="2773"
                          HPOS="1832"
                          CONTENT="expetunt,"/>
                  <SP HEIGHT="63" WIDTH="15" VPOS="2773" HPOS="2027"/>
                  <String HEIGHT="63"
                          WIDTH="165"
                          VPOS="2773"
                          HPOS="1967"
                          CONTENT="experien¬"
                          SUBS_TYPE="HypPart1"
                          SUBS_CONTENT="experientia"/>
                  <HYP CONTENT="-"/>
               </TextLine>
               <TextLine ID="r2l48"
                         BASELINE="461,2856 543,2856 626,2856 709,2856 792,2856 875,2856 957,2856 1040,2856 1123,2858 1206,2858 1289,2858 1371,2858 1454,2859 1537,2859 1620,2859 1703,2859 1785,2859 1868,2859 1951,2859 2034,2859 2117,2859"
                         HEIGHT="46"
                         WIDTH="1676"
                         VPOS="2823"
                         HPOS="451">
                  <String HEIGHT="46"
                          WIDTH="111"
                          VPOS="2823"
                          HPOS="435"
                          CONTENT="tia"
                          SUBS_TYPE="HypPart2"
                          SUBS_CONTENT="experientia"/>
                  <SP HEIGHT="46" WIDTH="16" VPOS="2823" HPOS="546"/>
                  <String HEIGHT="46"
                          WIDTH="126"
                          VPOS="2823"
                          HPOS="498"
                          CONTENT="opus"/>
                  <SP HEIGHT="46" WIDTH="16" VPOS="2823" HPOS="625"/>
                  <String HEIGHT="46"
                          WIDTH="126"
                          VPOS="2823"
                          HPOS="577"
                          CONTENT="est."/>
                  <SP HEIGHT="46" WIDTH="16" VPOS="2823" HPOS="704"/>
                  <String HEIGHT="46"
                          WIDTH="174"
                          VPOS="2823"
                          HPOS="657"
                          CONTENT="Vidimus"/>
                  <SP HEIGHT="46" WIDTH="16" VPOS="2823" HPOS="830"/>
                  <String HEIGHT="46"
                          WIDTH="126"
                          VPOS="2823"
                          HPOS="783"
                          CONTENT="enim"/>
                  <SP HEIGHT="46" WIDTH="16" VPOS="2823" HPOS="910"/>
                  <String HEIGHT="46"
                          WIDTH="142"
                          VPOS="2823"
                          HPOS="862"
                          CONTENT="multa"/>
                  <SP HEIGHT="46" WIDTH="16" VPOS="2823" HPOS="1004"/>
                  <String HEIGHT="46"
                          WIDTH="221"
                          VPOS="2823"
                          HPOS="957"
                          CONTENT="plebiscita"/>
                  <SP HEIGHT="46" WIDTH="16" VPOS="2823" HPOS="1178"/>
                  <String HEIGHT="46" WIDTH="79" VPOS="2823" HPOS="1131" CONTENT="&amp;"/>
                  <SP HEIGHT="46" WIDTH="16" VPOS="2823" HPOS="1210"/>
                  <String HEIGHT="46"
                          WIDTH="158"
                          VPOS="2823"
                          HPOS="1163"
                          CONTENT="multas"/>
                  <SP HEIGHT="46" WIDTH="16" VPOS="2823" HPOS="1321"/>
                  <String HEIGHT="46"
                          WIDTH="253"
                          VPOS="2823"
                          HPOS="1273"
                          CONTENT="praefectorum"/>
                  <SP HEIGHT="46" WIDTH="16" VPOS="2823" HPOS="1526"/>
                  <String HEIGHT="46"
                          WIDTH="142"
                          VPOS="2823"
                          HPOS="1479"
                          CONTENT="leges"/>
                  <SP HEIGHT="46" WIDTH="16" VPOS="2823" HPOS="1621"/>
                  <String HEIGHT="46"
                          WIDTH="126"
                          VPOS="2823"
                          HPOS="1574"
                          CONTENT="sine"/>
                  <SP HEIGHT="46" WIDTH="16" VPOS="2823" HPOS="1700"/>
                  <String HEIGHT="46"
                          WIDTH="237"
                          VPOS="2823"
                          HPOS="1653"
                          CONTENT="experientia"/>
                  <SP HEIGHT="46" WIDTH="16" VPOS="2823" HPOS="1890"/>
                  <String HEIGHT="46"
                          WIDTH="142"
                          VPOS="2823"
                          HPOS="1842"
                          CONTENT="latas"/>
                  <SP HEIGHT="46" WIDTH="16" VPOS="2823" HPOS="1985"/>
                  <String HEIGHT="46"
                          WIDTH="142"
                          VPOS="2823"
                          HPOS="1937"
                          CONTENT="(quae"/>
                  <SP HEIGHT="46" WIDTH="16" VPOS="2823" HPOS="2080"/>
                  <String HEIGHT="46"
                          WIDTH="111"
                          VPOS="2823"
                          HPOS="2016"
                          CONTENT="primo"/>
               </TextLine>
               <TextLine ID="r2l49"
                         BASELINE="468,2904 551,2904 634,2904 717,2904 800,2904 883,2904 966,2904 1049,2904 1132,2904 1215,2906 1299,2906 1382,2906 1465,2907 1548,2907 1631,2907 1714,2907 1797,2907 1880,2907 1963,2907 2046,2907 2130,2907"
                         HEIGHT="55"
                         WIDTH="1684"
                         VPOS="2867"
                         HPOS="457">
                  <String HEIGHT="55"
                          WIDTH="175"
                          VPOS="2867"
                          HPOS="441"
                          CONTENT="obtuitu"/>
                  <SP HEIGHT="55" WIDTH="16" VPOS="2867" HPOS="616"/>
                  <String HEIGHT="55"
                          WIDTH="143"
                          VPOS="2867"
                          HPOS="568"
                          CONTENT="nobis"/>
                  <SP HEIGHT="55" WIDTH="16" VPOS="2867" HPOS="711"/>
                  <String HEIGHT="55"
                          WIDTH="175"
                          VPOS="2867"
                          HPOS="664"
                          CONTENT="rationi"/>
                  <SP HEIGHT="55" WIDTH="16" VPOS="2867" HPOS="838"/>
                  <String HEIGHT="55"
                          WIDTH="254"
                          VPOS="2867"
                          HPOS="791"
                          CONTENT="consentaneae"/>
                  <SP HEIGHT="55" WIDTH="16" VPOS="2867" HPOS="1045"/>
                  <String HEIGHT="55"
                          WIDTH="143"
                          VPOS="2867"
                          HPOS="997"
                          CONTENT="visae"/>
                  <SP HEIGHT="55" WIDTH="16" VPOS="2867" HPOS="1140"/>
                  <String HEIGHT="55"
                          WIDTH="143"
                          VPOS="2867"
                          HPOS="1092"
                          CONTENT="sunt)"/>
                  <SP HEIGHT="55" WIDTH="16" VPOS="2867" HPOS="1235"/>
                  <String HEIGHT="55"
                          WIDTH="207"
                          VPOS="2867"
                          HPOS="1188"
                          CONTENT="sinistrum"/>
                  <SP HEIGHT="55" WIDTH="16" VPOS="2867" HPOS="1394"/>
                  <String HEIGHT="55"
                          WIDTH="159"
                          VPOS="2867"
                          HPOS="1347"
                          CONTENT="exitum"/>
                  <SP HEIGHT="55" WIDTH="16" VPOS="2867" HPOS="1506"/>
                  <String HEIGHT="55"
                          WIDTH="191"
                          VPOS="2867"
                          HPOS="1458"
                          CONTENT="sortiri,"/>
                  <SP HEIGHT="55" WIDTH="16" VPOS="2867" HPOS="1649"/>
                  <String HEIGHT="55" WIDTH="79" VPOS="2867" HPOS="1601" CONTENT="&amp;"/>
                  <SP HEIGHT="55" WIDTH="16" VPOS="2867" HPOS="1680"/>
                  <String HEIGHT="55"
                          WIDTH="207"
                          VPOS="2867"
                          HPOS="1633"
                          CONTENT="propterea"/>
                  <SP HEIGHT="55" WIDTH="16" VPOS="2867" HPOS="1839"/>
                  <String HEIGHT="55"
                          WIDTH="111"
                          VPOS="2867"
                          HPOS="1791"
                          CONTENT="mox"/>
                  <SP HEIGHT="55" WIDTH="16" VPOS="2867" HPOS="1903"/>
                  <String HEIGHT="55"
                          WIDTH="207"
                          VPOS="2867"
                          HPOS="1855"
                          CONTENT="abolitas."/>
                  <SP HEIGHT="55" WIDTH="16" VPOS="2867" HPOS="2062"/>
                  <String HEIGHT="55"
                          WIDTH="111"
                          VPOS="2867"
                          HPOS="2014"
                          CONTENT="Qui"/>
                  <SP HEIGHT="55" WIDTH="16" VPOS="2867" HPOS="2125"/>
                  <String HEIGHT="55"
                          WIDTH="79"
                          VPOS="2867"
                          HPOS="2062"
                          CONTENT="rei"/>
               </TextLine>
               <TextLine ID="r2l50"
                         BASELINE="464,2954 546,2952 629,2952 711,2952 794,2952 877,2952 959,2952 1042,2952 1125,2953 1207,2954 1290,2954 1373,2954 1455,2954 1538,2955 1621,2955 1703,2955 1786,2955 1869,2955 1951,2955 2034,2954 2117,2954"
                         HEIGHT="54"
                         WIDTH="1674"
                         VPOS="2912"
                         HPOS="454">
                  <String HEIGHT="54"
                          WIDTH="188"
                          VPOS="2912"
                          HPOS="438"
                          CONTENT="publicae"/>
                  <SP HEIGHT="54" WIDTH="16" VPOS="2912" HPOS="626"/>
                  <String HEIGHT="54"
                          WIDTH="188"
                          VPOS="2912"
                          HPOS="579"
                          CONTENT="praesunt"/>
                  <SP HEIGHT="54" WIDTH="16" VPOS="2912" HPOS="767"/>
                  <String HEIGHT="54"
                          WIDTH="141"
                          VPOS="2912"
                          HPOS="720"
                          CONTENT="multa"/>
                  <SP HEIGHT="54" WIDTH="16" VPOS="2912" HPOS="861"/>
                  <String HEIGHT="54"
                          WIDTH="110"
                          VPOS="2912"
                          HPOS="814"
                          CONTENT="per"/>
                  <SP HEIGHT="54" WIDTH="16" VPOS="2912" HPOS="923"/>
                  <String HEIGHT="54"
                          WIDTH="250"
                          VPOS="2912"
                          HPOS="876"
                          CONTENT="experientiam"/>
                  <SP HEIGHT="54" WIDTH="16" VPOS="2912" HPOS="1127"/>
                  <String HEIGHT="54"
                          WIDTH="172"
                          VPOS="2912"
                          HPOS="1080"
                          CONTENT="norunt."/>
                  <SP HEIGHT="54" WIDTH="16" VPOS="2912" HPOS="1252"/>
                  <String HEIGHT="54"
                          WIDTH="172"
                          VPOS="2912"
                          HPOS="1205"
                          CONTENT="Insuper"/>
                  <SP HEIGHT="54" WIDTH="16" VPOS="2912" HPOS="1377"/>
                  <String HEIGHT="54"
                          WIDTH="235"
                          VPOS="2912"
                          HPOS="1330"
                          CONTENT="sophistarum"/>
                  <SP HEIGHT="54" WIDTH="16" VPOS="2912" HPOS="1565"/>
                  <String HEIGHT="54" WIDTH="94" VPOS="2912" HPOS="1518" CONTENT="ii"/>
                  <SP HEIGHT="54" WIDTH="16" VPOS="2912" HPOS="1612"/>
                  <String HEIGHT="54"
                          WIDTH="110"
                          VPOS="2912"
                          HPOS="1565"
                          CONTENT="qui"/>
                  <SP HEIGHT="54" WIDTH="16" VPOS="2912" HPOS="1674"/>
                  <String HEIGHT="54"
                          WIDTH="125"
                          VPOS="2912"
                          HPOS="1627"
                          CONTENT="hanc"/>
                  <SP HEIGHT="54" WIDTH="16" VPOS="2912" HPOS="1753"/>
                  <String HEIGHT="54"
                          WIDTH="141"
                          VPOS="2912"
                          HPOS="1706"
                          CONTENT="artem"/>
                  <SP HEIGHT="54" WIDTH="16" VPOS="2912" HPOS="1846"/>
                  <String HEIGHT="54"
                          WIDTH="235"
                          VPOS="2912"
                          HPOS="1799"
                          CONTENT="profitentur"/>
                  <SP HEIGHT="54" WIDTH="16" VPOS="2912" HPOS="2034"/>
                  <String HEIGHT="54" WIDTH="94" VPOS="2912" HPOS="1987" CONTENT="ab"/>
                  <SP HEIGHT="54" WIDTH="16" VPOS="2912" HPOS="2081"/>
                  <String HEIGHT="54"
                          WIDTH="110"
                          VPOS="2912"
                          HPOS="2018"
                          CONTENT="huius"/>
               </TextLine>
               <TextLine ID="r2l51"
                         BASELINE="461,3000 543,2999 626,2999 709,2999 792,2999 875,3000 958,3000 1040,3000 1123,3000 1206,3000 1289,3002 1372,3002 1455,3002 1538,3002 1620,3002 1703,3002 1786,3002 1869,3002 1952,3002 2035,3000 2118,3000"
                         HEIGHT="55"
                         WIDTH="1678"
                         VPOS="2964"
                         HPOS="451">
                  <String HEIGHT="55"
                          WIDTH="212"
                          VPOS="2964"
                          HPOS="436"
                          CONTENT="facultatis"/>
                  <SP HEIGHT="55" WIDTH="15" VPOS="2964" HPOS="648"/>
                  <String HEIGHT="55"
                          WIDTH="212"
                          VPOS="2964"
                          HPOS="602"
                          CONTENT="traditione"/>
                  <SP HEIGHT="55" WIDTH="15" VPOS="2964" HPOS="814"/>
                  <String HEIGHT="55"
                          WIDTH="121"
                          VPOS="2964"
                          HPOS="768"
                          CONTENT="sunt"/>
                  <SP HEIGHT="55" WIDTH="15" VPOS="2964" HPOS="889"/>
                  <String HEIGHT="55"
                          WIDTH="166"
                          VPOS="2964"
                          HPOS="844"
                          CONTENT="remoti."/>
                  <SP HEIGHT="55" WIDTH="15" VPOS="2964" HPOS="1010"/>
                  <String HEIGHT="55"
                          WIDTH="136"
                          VPOS="2964"
                          HPOS="965"
                          CONTENT="Neque"/>
                  <SP HEIGHT="55" WIDTH="15" VPOS="2964" HPOS="1101"/>
                  <String HEIGHT="55"
                          WIDTH="121"
                          VPOS="2964"
                          HPOS="1056"
                          CONTENT="enim"/>
                  <SP HEIGHT="55" WIDTH="15" VPOS="2964" HPOS="1177"/>
                  <String HEIGHT="55"
                          WIDTH="121"
                          VPOS="2964"
                          HPOS="1131"
                          CONTENT="quid"/>
                  <SP HEIGHT="55" WIDTH="15" VPOS="2964" HPOS="1252"/>
                  <String HEIGHT="55"
                          WIDTH="106"
                          VPOS="2964"
                          HPOS="1207"
                          CONTENT="sit"/>
                  <SP HEIGHT="55" WIDTH="15" VPOS="2964" HPOS="1313"/>
                  <String HEIGHT="55"
                          WIDTH="106"
                          VPOS="2964"
                          HPOS="1267"
                          CONTENT="nec"/>
                  <SP HEIGHT="55" WIDTH="15" VPOS="2964" HPOS="1373"/>
                  <String HEIGHT="55"
                          WIDTH="136"
                          VPOS="2964"
                          HPOS="1328"
                          CONTENT="circa"/>
                  <SP HEIGHT="55" WIDTH="15" VPOS="2964" HPOS="1464"/>
                  <String HEIGHT="55"
                          WIDTH="121"
                          VPOS="2964"
                          HPOS="1418"
                          CONTENT="quae"/>
                  <SP HEIGHT="55" WIDTH="15" VPOS="2964" HPOS="1539"/>
                  <String HEIGHT="55"
                          WIDTH="166"
                          VPOS="2964"
                          HPOS="1494"
                          CONTENT="insudet"/>
                  <SP HEIGHT="55" WIDTH="15" VPOS="2964" HPOS="1660"/>
                  <String HEIGHT="55"
                          WIDTH="121"
                          VPOS="2964"
                          HPOS="1615"
                          CONTENT="ipsi"/>
                  <SP HEIGHT="55" WIDTH="15" VPOS="2964" HPOS="1736"/>
                  <String HEIGHT="55"
                          WIDTH="227"
                          VPOS="2964"
                          HPOS="1691"
                          CONTENT="didicerunt."/>
                  <SP HEIGHT="55" WIDTH="15" VPOS="2964" HPOS="1917"/>
                  <String HEIGHT="55"
                          WIDTH="106"
                          VPOS="2964"
                          HPOS="1872"
                          CONTENT="Hoc"/>
                  <SP HEIGHT="55" WIDTH="15" VPOS="2964" HPOS="1978"/>
                  <String HEIGHT="55"
                          WIDTH="121"
                          VPOS="2964"
                          HPOS="1932"
                          CONTENT="tali"/>
                  <SP HEIGHT="55" WIDTH="15" VPOS="2964" HPOS="2053"/>
                  <String HEIGHT="55"
                          WIDTH="136"
                          VPOS="2964"
                          HPOS="1993"
                          CONTENT="ratione"/>
               </TextLine>
               <TextLine ID="r2l52"
                         BASELINE="455,3048 538,3047 622,3047 706,3047 790,3047 873,3048 957,3048 1041,3048 1125,3048 1208,3048 1292,3050 1376,3050 1460,3050 1543,3050 1627,3050 1711,3050 1795,3050 1878,3048 1962,3048 2046,3047 2130,3047"
                         HEIGHT="44"
                         WIDTH="1696"
                         VPOS="3011"
                         HPOS="445">
                  <String HEIGHT="44"
                          WIDTH="270"
                          VPOS="3011"
                          HPOS="430"
                          CONTENT="deprehenditur."/>
                  <SP HEIGHT="44" WIDTH="15" VPOS="3011" HPOS="700"/>
                  <String HEIGHT="44" WIDTH="90" VPOS="3011" HPOS="655" CONTENT="Si"/>
                  <SP HEIGHT="44" WIDTH="15" VPOS="3011" HPOS="745"/>
                  <String HEIGHT="44"
                          WIDTH="120"
                          VPOS="3011"
                          HPOS="700"
                          CONTENT="enim"/>
                  <SP HEIGHT="44" WIDTH="15" VPOS="3011" HPOS="820"/>
                  <String HEIGHT="44" WIDTH="90" VPOS="3011" HPOS="775" CONTENT="id"/>
                  <SP HEIGHT="44" WIDTH="15" VPOS="3011" HPOS="865"/>
                  <String HEIGHT="44"
                          WIDTH="240"
                          VPOS="3011"
                          HPOS="820"
                          CONTENT="cognoscerent"/>
                  <SP HEIGHT="44" WIDTH="15" VPOS="3011" HPOS="1060"/>
                  <String HEIGHT="44"
                          WIDTH="105"
                          VPOS="3011"
                          HPOS="1015"
                          CONTENT="non"/>
                  <SP HEIGHT="44" WIDTH="15" VPOS="3011" HPOS="1120"/>
                  <String HEIGHT="44"
                          WIDTH="180"
                          VPOS="3011"
                          HPOS="1075"
                          CONTENT="dicerent"/>
                  <SP HEIGHT="44" WIDTH="15" VPOS="3011" HPOS="1255"/>
                  <String HEIGHT="44"
                          WIDTH="165"
                          VPOS="3011"
                          HPOS="1210"
                          CONTENT="ciuilem"/>
                  <SP HEIGHT="44" WIDTH="15" VPOS="3011" HPOS="1376"/>
                  <String HEIGHT="44"
                          WIDTH="210"
                          VPOS="3011"
                          HPOS="1331"
                          CONTENT="facultatem"/>
                  <SP HEIGHT="44" WIDTH="15" VPOS="3011" HPOS="1541"/>
                  <String HEIGHT="44"
                          WIDTH="120"
                          VPOS="3011"
                          HPOS="1496"
                          CONTENT="esse"/>
                  <SP HEIGHT="44" WIDTH="15" VPOS="3011" HPOS="1616"/>
                  <String HEIGHT="44"
                          WIDTH="150"
                          VPOS="3011"
                          HPOS="1571"
                          CONTENT="eandem"/>
                  <SP HEIGHT="44" WIDTH="15" VPOS="3011" HPOS="1721"/>
                  <String HEIGHT="44"
                          WIDTH="105"
                          VPOS="3011"
                          HPOS="1676"
                          CONTENT="cum"/>
                  <SP HEIGHT="44" WIDTH="15" VPOS="3011" HPOS="1781"/>
                  <String HEIGHT="44"
                          WIDTH="195"
                          VPOS="3011"
                          HPOS="1736"
                          CONTENT="oratoria:"/>
                  <SP HEIGHT="44" WIDTH="15" VPOS="3011" HPOS="1931"/>
                  <String HEIGHT="44"
                          WIDTH="165"
                          VPOS="3011"
                          HPOS="1886"
                          CONTENT="proinde"/>
                  <SP HEIGHT="44" WIDTH="15" VPOS="3011" HPOS="2051"/>
                  <String HEIGHT="44"
                          WIDTH="150"
                          VPOS="3011"
                          HPOS="1991"
                          CONTENT="nesciunt"/>
               </TextLine>
               <TextLine ID="r2l53"
                         BASELINE="473,3095 555,3095 638,3095 720,3095 803,3096 885,3096 968,3096 1050,3096 1133,3096 1215,3096 1298,3098 1380,3098 1463,3098 1545,3098 1628,3098 1710,3098 1793,3098 1875,3097 1958,3096 2040,3096 2123,3095"
                         HEIGHT="61"
                         WIDTH="1671"
                         VPOS="3056"
                         HPOS="463">
                  <String HEIGHT="61"
                          WIDTH="112"
                          VPOS="3056"
                          HPOS="449"
                          CONTENT="quid"/>
                  <SP HEIGHT="61" WIDTH="14" VPOS="3056" HPOS="561"/>
                  <String HEIGHT="61"
                          WIDTH="112"
                          VPOS="3056"
                          HPOS="519"
                          CONTENT="est:"/>
                  <SP HEIGHT="61" WIDTH="14" VPOS="3056" HPOS="632"/>
                  <String HEIGHT="61" WIDTH="70" VPOS="3056" HPOS="589" CONTENT="&amp;"/>
                  <SP HEIGHT="61" WIDTH="14" VPOS="3056" HPOS="660"/>
                  <String HEIGHT="61" WIDTH="98" VPOS="3056" HPOS="617" CONTENT="cum"/>
                  <SP HEIGHT="61" WIDTH="14" VPOS="3056" HPOS="716"/>
                  <String HEIGHT="61"
                          WIDTH="140"
                          VPOS="3056"
                          HPOS="674"
                          CONTENT="dicant"/>
                  <SP HEIGHT="61" WIDTH="14" VPOS="3056" HPOS="814"/>
                  <String HEIGHT="61" WIDTH="98" VPOS="3056" HPOS="772" CONTENT="eam"/>
                  <SP HEIGHT="61" WIDTH="14" VPOS="3056" HPOS="870"/>
                  <String HEIGHT="61"
                          WIDTH="112"
                          VPOS="3056"
                          HPOS="828"
                          CONTENT="esse"/>
                  <SP HEIGHT="61" WIDTH="14" VPOS="3056" HPOS="940"/>
                  <String HEIGHT="61"
                          WIDTH="197"
                          VPOS="3056"
                          HPOS="898"
                          CONTENT="inferiorem"/>
                  <SP HEIGHT="61" WIDTH="14" VPOS="3056" HPOS="1095"/>
                  <String HEIGHT="61"
                          WIDTH="112"
                          VPOS="3056"
                          HPOS="1053"
                          CONTENT="arte"/>
                  <SP HEIGHT="61" WIDTH="14" VPOS="3056" HPOS="1165"/>
                  <String HEIGHT="61"
                          WIDTH="183"
                          VPOS="3056"
                          HPOS="1123"
                          CONTENT="oratoria,"/>
                  <SP HEIGHT="61" WIDTH="14" VPOS="3056" HPOS="1306"/>
                  <String HEIGHT="61"
                          WIDTH="169"
                          VPOS="3056"
                          HPOS="1263"
                          CONTENT="nesciunt"/>
                  <SP HEIGHT="61" WIDTH="14" VPOS="3056" HPOS="1432"/>
                  <String HEIGHT="61"
                          WIDTH="126"
                          VPOS="3056"
                          HPOS="1390"
                          CONTENT="circa"/>
                  <SP HEIGHT="61" WIDTH="14" VPOS="3056" HPOS="1516"/>
                  <String HEIGHT="61"
                          WIDTH="112"
                          VPOS="3056"
                          HPOS="1474"
                          CONTENT="quae"/>
                  <SP HEIGHT="61" WIDTH="14" VPOS="3056" HPOS="1586"/>
                  <String HEIGHT="61"
                          WIDTH="183"
                          VPOS="3056"
                          HPOS="1544"
                          CONTENT="versatur."/>
                  <SP HEIGHT="61" WIDTH="14" VPOS="3056" HPOS="1727"/>
                  <String HEIGHT="61"
                          WIDTH="154"
                          VPOS="3056"
                          HPOS="1685"
                          CONTENT="Insuper"/>
                  <SP HEIGHT="61" WIDTH="14" VPOS="3056" HPOS="1839"/>
                  <String HEIGHT="61"
                          WIDTH="98"
                          VPOS="3056"
                          HPOS="1797"
                          CONTENT="non"/>
                  <SP HEIGHT="61" WIDTH="14" VPOS="3056" HPOS="1895"/>
                  <String HEIGHT="61"
                          WIDTH="225"
                          VPOS="3056"
                          HPOS="1853"
                          CONTENT="existimarent"/>
                  <SP HEIGHT="61" WIDTH="14" VPOS="3056" HPOS="2078"/>
                  <String HEIGHT="61"
                          WIDTH="112"
                          VPOS="3056"
                          HPOS="2022"
                          CONTENT="facile"/>
               </TextLine>
               <TextLine ID="r2l54"
                         BASELINE="464,3143 546,3143 629,3143 712,3143 794,3143 877,3143 960,3144 1042,3144 1125,3144 1208,3144 1291,3144 1373,3144 1456,3144 1539,3144 1621,3144 1704,3144 1787,3144 1869,3144 1952,3144 2035,3143 2118,3143"
                         HEIGHT="61"
                         WIDTH="1675"
                         VPOS="3106"
                         HPOS="453">
                  <String HEIGHT="61"
                          WIDTH="129"
                          VPOS="3106"
                          HPOS="437"
                          CONTENT="esse"/>
                  <SP HEIGHT="61" WIDTH="16" VPOS="3106" HPOS="566"/>
                  <String HEIGHT="61"
                          WIDTH="145"
                          VPOS="3106"
                          HPOS="517"
                          CONTENT="leges"/>
                  <SP HEIGHT="61" WIDTH="16" VPOS="3106" HPOS="662"/>
                  <String HEIGHT="61"
                          WIDTH="161"
                          VPOS="3106"
                          HPOS="614"
                          CONTENT="ferre."/>
                  <SP HEIGHT="61" WIDTH="16" VPOS="3106" HPOS="775"/>
                  <String HEIGHT="61"
                          WIDTH="129"
                          VPOS="3106"
                          HPOS="727"
                          CONTENT="Huic"/>
                  <SP HEIGHT="61" WIDTH="16" VPOS="3106" HPOS="856"/>
                  <String HEIGHT="61"
                          WIDTH="177"
                          VPOS="3106"
                          HPOS="807"
                          CONTENT="rationi"/>
                  <SP HEIGHT="61" WIDTH="16" VPOS="3106" HPOS="984"/>
                  <String HEIGHT="61"
                          WIDTH="225"
                          VPOS="3106"
                          HPOS="936"
                          CONTENT="innitentes"/>
                  <SP HEIGHT="61" WIDTH="16" VPOS="3106" HPOS="1162"/>
                  <String HEIGHT="61"
                          WIDTH="161"
                          VPOS="3106"
                          HPOS="1113"
                          CONTENT="dicunt"/>
                  <SP HEIGHT="61" WIDTH="16" VPOS="3106" HPOS="1274"/>
                  <String HEIGHT="61"
                          WIDTH="193"
                          VPOS="3106"
                          HPOS="1226"
                          CONTENT="oportere"/>
                  <SP HEIGHT="61" WIDTH="16" VPOS="3106" HPOS="1419"/>
                  <String HEIGHT="61"
                          WIDTH="161"
                          VPOS="3106"
                          HPOS="1371"
                          CONTENT="multas"/>
                  <SP HEIGHT="61" WIDTH="16" VPOS="3106" HPOS="1532"/>
                  <String HEIGHT="61"
                          WIDTH="145"
                          VPOS="3106"
                          HPOS="1484"
                          CONTENT="leges"/>
                  <SP HEIGHT="61" WIDTH="16" VPOS="3106" HPOS="1629"/>
                  <String HEIGHT="61" WIDTH="81" VPOS="3106" HPOS="1580" CONTENT="a"/>
                  <SP HEIGHT="61" WIDTH="16" VPOS="3106" HPOS="1661"/>
                  <String HEIGHT="61"
                          WIDTH="209"
                          VPOS="3106"
                          HPOS="1613"
                          CONTENT="maioribus"/>
                  <SP HEIGHT="61" WIDTH="16" VPOS="3106" HPOS="1822"/>
                  <String HEIGHT="61"
                          WIDTH="242"
                          VPOS="3106"
                          HPOS="1774"
                          CONTENT="elucubratas"/>
                  <SP HEIGHT="61" WIDTH="16" VPOS="3106" HPOS="2015"/>
                  <String HEIGHT="61"
                          WIDTH="177"
                          VPOS="3106"
                          HPOS="1951"
                          CONTENT="colligere"/>
               </TextLine>
               <TextLine ID="r2l55"
                         BASELINE="467,3191 549,3191 632,3191 715,3191 797,3191 880,3191 963,3191 1045,3191 1128,3192 1211,3192 1294,3192 1376,3192 1459,3192 1542,3192 1624,3192 1707,3192 1790,3192 1872,3192 1955,3191 2038,3190 2121,3189"
                         HEIGHT="57"
                         WIDTH="1676"
                         VPOS="3152"
                         HPOS="456">
                  <String HEIGHT="57"
                          WIDTH="230"
                          VPOS="3152"
                          HPOS="440"
                          CONTENT="optimasque"/>
                  <SP HEIGHT="57" WIDTH="16" VPOS="3152" HPOS="670"/>
                  <String HEIGHT="57"
                          WIDTH="214"
                          VPOS="3152"
                          HPOS="620"
                          CONTENT="diligere,"/>
                  <SP HEIGHT="57" WIDTH="16" VPOS="3152" HPOS="834"/>
                  <String HEIGHT="57"
                          WIDTH="115"
                          VPOS="3152"
                          HPOS="785"
                          CONTENT="quo"/>
                  <SP HEIGHT="57" WIDTH="16" VPOS="3152" HPOS="900"/>
                  <String HEIGHT="57"
                          WIDTH="164"
                          VPOS="3152"
                          HPOS="850"
                          CONTENT="habito"/>
                  <SP HEIGHT="57" WIDTH="16" VPOS="3152" HPOS="1015"/>
                  <String HEIGHT="57"
                          WIDTH="181"
                          VPOS="3152"
                          HPOS="965"
                          CONTENT="ciuilis"/>
                  <SP HEIGHT="57" WIDTH="16" VPOS="3152" HPOS="1146"/>
                  <String HEIGHT="57"
                          WIDTH="197"
                          VPOS="3152"
                          HPOS="1097"
                          CONTENT="facultas"/>
                  <SP HEIGHT="57" WIDTH="16" VPOS="3152" HPOS="1294"/>
                  <String HEIGHT="57"
                          WIDTH="246"
                          VPOS="3152"
                          HPOS="1245"
                          CONTENT="pulcherrima"/>
                  <SP HEIGHT="57" WIDTH="16" VPOS="3152" HPOS="1491"/>
                  <String HEIGHT="57"
                          WIDTH="263"
                          VPOS="3152"
                          HPOS="1442"
                          CONTENT="conflabitur."/>
                  <SP HEIGHT="57" WIDTH="16" VPOS="3152" HPOS="1705"/>
                  <String HEIGHT="57" WIDTH="99" VPOS="3152" HPOS="1655" CONTENT="Eo"/>
                  <SP HEIGHT="57" WIDTH="16" VPOS="3152" HPOS="1754"/>
                  <String HEIGHT="57"
                          WIDTH="148"
                          VPOS="3152"
                          HPOS="1705"
                          CONTENT="pacto"/>
                  <SP HEIGHT="57" WIDTH="16" VPOS="3152" HPOS="1853"/>
                  <String HEIGHT="57"
                          WIDTH="131"
                          VPOS="3152"
                          HPOS="1803"
                          CONTENT="vani"/>
                  <SP HEIGHT="57" WIDTH="16" VPOS="3152" HPOS="1935"/>
                  <String HEIGHT="57"
                          WIDTH="230"
                          VPOS="3152"
                          HPOS="1886"
                          CONTENT="blaterones"/>
                  <SP HEIGHT="57" WIDTH="16" VPOS="3152" HPOS="2116"/>
                  <String HEIGHT="57"
                          WIDTH="82"
                          VPOS="3152"
                          HPOS="2050"
                          CONTENT="di¬"
                          SUBS_TYPE="HypPart1"
                          SUBS_CONTENT="dicunt"/>
                  <HYP CONTENT="-"/>
               </TextLine>
               <TextLine ID="r2l56"
                         BASELINE="473,3237 555,3237 637,3237 719,3237 802,3237 884,3239 966,3239 1048,3239 1131,3240 1213,3240 1295,3240 1377,3240 1460,3240 1542,3242 1624,3240 1706,3240 1789,3240 1871,3240 1953,3239 2035,3237 2118,3236"
                         HEIGHT="60"
                         WIDTH="1665"
                         VPOS="3201"
                         HPOS="463">
                  <String HEIGHT="60"
                          WIDTH="132"
                          VPOS="3201"
                          HPOS="447"
                          CONTENT="cunt"
                          SUBS_TYPE="HypPart2"
                          SUBS_CONTENT="dicunt"/>
                  <SP HEIGHT="60" WIDTH="16" VPOS="3201" HPOS="578"/>
                  <String HEIGHT="60"
                          WIDTH="231"
                          VPOS="3201"
                          HPOS="529"
                          CONTENT="facillimum"/>
                  <SP HEIGHT="60" WIDTH="16" VPOS="3201" HPOS="760"/>
                  <String HEIGHT="60"
                          WIDTH="132"
                          VPOS="3201"
                          HPOS="710"
                          CONTENT="esse"/>
                  <SP HEIGHT="60" WIDTH="16" VPOS="3201" HPOS="842"/>
                  <String HEIGHT="60"
                          WIDTH="165"
                          VPOS="3201"
                          HPOS="793"
                          CONTENT="factu,"/>
                  <SP HEIGHT="60" WIDTH="16" VPOS="3201" HPOS="958"/>
                  <String HEIGHT="60"
                          WIDTH="181"
                          VPOS="3201"
                          HPOS="908"
                          CONTENT="egregia"/>
                  <SP HEIGHT="60" WIDTH="16" VPOS="3201" HPOS="1089"/>
                  <String HEIGHT="60"
                          WIDTH="198"
                          VPOS="3201"
                          HPOS="1040"
                          CONTENT="volumina"/>
                  <SP HEIGHT="60" WIDTH="16" VPOS="3201" HPOS="1238"/>
                  <String HEIGHT="60"
                          WIDTH="181"
                          VPOS="3201"
                          HPOS="1188"
                          CONTENT="condere"/>
                  <SP HEIGHT="60" WIDTH="16" VPOS="3201" HPOS="1370"/>
                  <String HEIGHT="60"
                          WIDTH="198"
                          VPOS="3201"
                          HPOS="1320"
                          CONTENT="legesque"/>
                  <SP HEIGHT="60" WIDTH="16" VPOS="3201" HPOS="1518"/>
                  <String HEIGHT="60"
                          WIDTH="181"
                          VPOS="3201"
                          HPOS="1469"
                          CONTENT="optimas"/>
                  <SP HEIGHT="60" WIDTH="16" VPOS="3201" HPOS="1650"/>
                  <String HEIGHT="60"
                          WIDTH="214"
                          VPOS="3201"
                          HPOS="1600"
                          CONTENT="deligere."/>
                  <SP HEIGHT="60" WIDTH="16" VPOS="3201" HPOS="1815"/>
                  <String HEIGHT="60" WIDTH="99" VPOS="3201" HPOS="1765" CONTENT="i."/>
                  <SP HEIGHT="60" WIDTH="16" VPOS="3201" HPOS="1864"/>
                  <String HEIGHT="60" WIDTH="99" VPOS="3201" HPOS="1815" CONTENT="de"/>
                  <SP HEIGHT="60" WIDTH="16" VPOS="3201" HPOS="1914"/>
                  <String HEIGHT="60"
                          WIDTH="165"
                          VPOS="3201"
                          HPOS="1864"
                          CONTENT="multis"/>
                  <SP HEIGHT="60" WIDTH="16" VPOS="3201" HPOS="2029"/>
                  <String HEIGHT="60"
                          WIDTH="165"
                          VPOS="3201"
                          HPOS="1963"
                          CONTENT="eligere."/>
               </TextLine>
               <TextLine ID="r2l57"
                         BASELINE="474,3284 556,3284 639,3285 721,3285 804,3285 886,3287 969,3287 1051,3287 1134,3288 1216,3288 1299,3288 1381,3288 1464,3290 1546,3288 1629,3288 1711,3288 1794,3288 1876,3287 1959,3285 2041,3284 2124,3282"
                         HEIGHT="54"
                         WIDTH="1670"
                         VPOS="3246"
                         HPOS="464">
                  <String HEIGHT="54"
                          WIDTH="189"
                          VPOS="3246"
                          HPOS="447"
                          CONTENT="proinde"/>
                  <SP HEIGHT="54" WIDTH="17" VPOS="3246" HPOS="636"/>
                  <String HEIGHT="54"
                          WIDTH="155"
                          VPOS="3246"
                          HPOS="585"
                          CONTENT="quasi"/>
                  <SP HEIGHT="54" WIDTH="17" VPOS="3246" HPOS="739"/>
                  <String HEIGHT="54"
                          WIDTH="207"
                          VPOS="3246"
                          HPOS="688"
                          CONTENT="delectio"/>
                  <SP HEIGHT="54" WIDTH="17" VPOS="3246" HPOS="894"/>
                  <String HEIGHT="54"
                          WIDTH="224"
                          VPOS="3246"
                          HPOS="843"
                          CONTENT="optimarum"/>
                  <SP HEIGHT="54" WIDTH="17" VPOS="3246" HPOS="1067"/>
                  <String HEIGHT="54"
                          WIDTH="121"
                          VPOS="3246"
                          HPOS="1015"
                          CONTENT="non"/>
                  <SP HEIGHT="54" WIDTH="17" VPOS="3246" HPOS="1135"/>
                  <String HEIGHT="54"
                          WIDTH="155"
                          VPOS="3246"
                          HPOS="1084"
                          CONTENT="esset"/>
                  <SP HEIGHT="54" WIDTH="17" VPOS="3246" HPOS="1239"/>
                  <String HEIGHT="54"
                          WIDTH="258"
                          VPOS="3246"
                          HPOS="1187"
                          CONTENT="sagacitatis"/>
                  <SP HEIGHT="54" WIDTH="17" VPOS="3246" HPOS="1445"/>
                  <String HEIGHT="54" WIDTH="86" VPOS="3246" HPOS="1394" CONTENT="&amp;"/>
                  <SP HEIGHT="54" WIDTH="17" VPOS="3246" HPOS="1480"/>
                  <String HEIGHT="54"
                          WIDTH="258"
                          VPOS="3246"
                          HPOS="1428"
                          CONTENT="sollertiae."/>
                  <SP HEIGHT="54" WIDTH="17" VPOS="3246" HPOS="1686"/>
                  <String HEIGHT="54"
                          WIDTH="155"
                          VPOS="3246"
                          HPOS="1635"
                          CONTENT="Hebes"/>
                  <SP HEIGHT="54" WIDTH="17" VPOS="3246" HPOS="1790"/>
                  <String HEIGHT="54" WIDTH="86" VPOS="3246" HPOS="1738" CONTENT="&amp;"/>
                  <SP HEIGHT="54" WIDTH="17" VPOS="3246" HPOS="1824"/>
                  <String HEIGHT="54"
                          WIDTH="138"
                          VPOS="3246"
                          HPOS="1772"
                          CONTENT="rudi"/>
                  <SP HEIGHT="54" WIDTH="17" VPOS="3246" HPOS="1910"/>
                  <String HEIGHT="54"
                          WIDTH="189"
                          VPOS="3246"
                          HPOS="1859"
                          CONTENT="Minerua"/>
                  <SP HEIGHT="54" WIDTH="17" VPOS="3246" HPOS="2048"/>
                  <String HEIGHT="54"
                          WIDTH="155"
                          VPOS="3246"
                          HPOS="1979"
                          CONTENT="praedi¬"
                          SUBS_TYPE="HypPart1"
                          SUBS_CONTENT="praeditus"/>
                  <HYP CONTENT="-"/>
               </TextLine>
               <TextLine ID="r2l58"
                         BASELINE="467,3330 554,3332 641,3332 728,3333 816,3335 903,3336 990,3336 1078,3338 1165,3339 1252,3339 1340,3339 1427,3339 1514,3339 1602,3339 1689,3339 1776,3338 1864,3336 1951,3335 2038,3333 2126,3330"
                         HEIGHT="76"
                         WIDTH="1680"
                         VPOS="3292"
                         HPOS="456">
                  <String HEIGHT="76"
                          WIDTH="108"
                          VPOS="3292"
                          HPOS="441"
                          CONTENT="tus"
                          SUBS_TYPE="HypPart2"
                          SUBS_CONTENT="praeditus"/>
                  <SP HEIGHT="76" WIDTH="15" VPOS="3292" HPOS="548"/>
                  <String HEIGHT="76"
                          WIDTH="108"
                          VPOS="3292"
                          HPOS="502"
                          CONTENT="pro"/>
                  <SP HEIGHT="76" WIDTH="15" VPOS="3292" HPOS="610"/>
                  <String HEIGHT="76"
                          WIDTH="139"
                          VPOS="3292"
                          HPOS="564"
                          CONTENT="bonis"/>
                  <SP HEIGHT="76" WIDTH="15" VPOS="3292" HPOS="703"/>
                  <String HEIGHT="76"
                          WIDTH="123"
                          VPOS="3292"
                          HPOS="656"
                          CONTENT="mala"/>
                  <SP HEIGHT="76" WIDTH="15" VPOS="3292" HPOS="780"/>
                  <String HEIGHT="76"
                          WIDTH="200"
                          VPOS="3292"
                          HPOS="733"
                          CONTENT="decerpet,"/>
                  <SP HEIGHT="76" WIDTH="15" VPOS="3292" HPOS="934"/>
                  <String HEIGHT="76" WIDTH="77" VPOS="3292" HPOS="888" CONTENT="&amp;"/>
                  <SP HEIGHT="76" WIDTH="15" VPOS="3292" HPOS="965"/>
                  <String HEIGHT="76"
                          WIDTH="170"
                          VPOS="3292"
                          HPOS="918"
                          CONTENT="incerta"/>
                  <SP HEIGHT="76" WIDTH="15" VPOS="3292" HPOS="1088"/>
                  <String HEIGHT="76"
                          WIDTH="108"
                          VPOS="3292"
                          HPOS="1042"
                          CONTENT="pro"/>
                  <SP HEIGHT="76" WIDTH="15" VPOS="3292" HPOS="1150"/>
                  <String HEIGHT="76"
                          WIDTH="154"
                          VPOS="3292"
                          HPOS="1103"
                          CONTENT="certis"/>
                  <SP HEIGHT="76" WIDTH="15" VPOS="3292" HPOS="1257"/>
                  <String HEIGHT="76"
                          WIDTH="170"
                          VPOS="3292"
                          HPOS="1211"
                          CONTENT="capiet,"/>
                  <SP HEIGHT="76" WIDTH="15" VPOS="3292" HPOS="1381"/>
                  <String HEIGHT="76" WIDTH="77" VPOS="3292" HPOS="1335" CONTENT="&amp;"/>
                  <SP HEIGHT="76" WIDTH="15" VPOS="3292" HPOS="1412"/>
                  <String HEIGHT="76"
                          WIDTH="200"
                          VPOS="3292"
                          HPOS="1365"
                          CONTENT="saeperius"/>
                  <SP HEIGHT="76" WIDTH="15" VPOS="3292" HPOS="1566"/>
                  <String HEIGHT="76"
                          WIDTH="139"
                          VPOS="3292"
                          HPOS="1519"
                          CONTENT="leges"/>
                  <SP HEIGHT="76" WIDTH="15" VPOS="3292" HPOS="1658"/>
                  <String HEIGHT="76"
                          WIDTH="200"
                          VPOS="3292"
                          HPOS="1612"
                          CONTENT="oppositas"/>
                  <SP HEIGHT="76" WIDTH="15" VPOS="3292" HPOS="1812"/>
                  <String HEIGHT="76"
                          WIDTH="154"
                          VPOS="3292"
                          HPOS="1766"
                          CONTENT="variis"/>
                  <SP HEIGHT="76" WIDTH="15" VPOS="3292" HPOS="1920"/>
                  <String HEIGHT="76" WIDTH="92" VPOS="3292" HPOS="1874" CONTENT="in"/>
                  <SP HEIGHT="76" WIDTH="15" VPOS="3292" HPOS="1966"/>
                  <String HEIGHT="76"
                          WIDTH="139"
                          VPOS="3292"
                          HPOS="1920"
                          CONTENT="locis"/>
                  <SP HEIGHT="76" WIDTH="15" VPOS="3292" HPOS="2059"/>
                  <String HEIGHT="76"
                          WIDTH="139"
                          VPOS="3292"
                          HPOS="1997"
                          CONTENT="ciebit."/>
               </TextLine>
            </TextBlock>
         </PrintSpace>
      </Page>
   </Layout>
</alto>
