2579 3604
447 273 251 104 sibiipsis,
644 273 125 104 aut
716 273 269 104 charissimis
931 273 161 104 aliud
1038 273 161 104 magis
1146 273 233 104 optassent
1325 273 143 104 quam
1414 273 161 104 talia
1522 273 179 104 posse.
1647 273 125 104 Non
1719 273 161 104 tamen
1827 273 161 104 parum
1916 273 233 104 experientia

454 361 215 61 conferre
615 361 215 61 videtur:
776 361 125 61 non
848 361 143 61 enim
937 361 197 61 fierent
1080 361 125 61 per
1152 361 197 61 ciuilem
1295 361 304 61 consuetudinem
1545 361 107 61 ad
1599 361 268 61 gubernandum
1813 361 268 61 rempublicam
2010 361 143 61 aptio¬-

458 417 142 69 res.
547 417 249 69 Quapropter
742 417 124 69 iis
813 417 124 69 qui
884 417 107 69 de
938 417 107 69 re
991 417 178 69 ciuili
1115 417 195 69 cupiunt
1257 417 178 69 scire:
1382 417 266 69 experientia
1595 417 195 69 insuper
1737 417 142 69 opus
1825 417 142 69 esse
1914 417 213 69 videtur.
2056 417 89 69 So¬-

464 472 241 73 phistarum
649 472 167 73 autem
760 472 111 73 ii
815 472 130 73 qui
889 472 259 73 facultatem
1093 472 148 73 hanc
1185 472 296 73 profitentur:
1426 472 167 73 longe
1537 472 185 73 abesse
1666 472 93 73 a
1703 472 222 73 tradenda
1870 472 148 73 ipsa
1944 472 204 73 videntur.

451 534 165 69 Neque
561 534 146 69 enim
652 534 165 69 quale
762 534 146 69 quid
853 534 146 69 est,
945 534 165 69 neque
1055 534 165 69 circa
1165 534 146 69 quae
1256 534 220 69 versatur
1421 534 183 69 omnino
1549 534 201 69 sciunt.
1695 534 128 69 Non
1769 534 146 69 enim
1860 534 183 69 ipsam,
1988 534 92 69 &
2007 534 146 69 orato¬-

450 592 138 66 riam
536 592 241 66 facultatem
726 592 138 66 idem
812 592 155 66 neque
915 592 241 66 inferiorem
1105 592 224 66 ponerent,
1278 592 259 66 congregatis
1485 592 121 66 iis
1554 592 190 66 legibus
1692 592 138 66 quae
1778 592 138 66 sunt
1864 592 224 66 probatae.
2019 592 121 66 Fieri

451 645 144 58 enim
541 645 162 58 posse
649 645 198 58 dicunt,
793 645 108 58 vt
847 645 180 58 optime
972 645 270 58 deligantur.
1188 645 198 58 proinde
1332 645 162 58 quasi
1440 645 216 58 delectio
1602 645 126 58 non
1674 645 162 58 esset
1781 645 288 58 sagacitatis,
2015 645 90 58 &
2033 645 126 58 iudi¬-

462 697 140 64 care
549 697 157 64 recte
654 697 122 64 non
724 697 157 64 esset
829 697 210 64 maximum,
986 697 105 64 vt
1038 697 105 64 in
1091 697 210 64 musicis.
1248 697 122 64 Qui
1318 697 175 64 namque
1440 697 140 64 sunt
1528 697 105 64 in
1580 697 210 64 singulis
1738 697 192 64 experti
1877 697 157 64 recte
1982 697 157 64 opera
2070 697 87 64 iu¬-

453 751 198 70 dicant,
597 751 90 70 &
633 751 180 70 quibus
759 751 126 70 aut
831 751 198 70 quomodo
974 751 306 70 perficiuntur,
1226 751 90 70 &
1262 751 144 70 quae
1352 751 162 70 sunt.
1460 751 126 70 his
1532 751 198 70 consona
1676 751 324 70 comprehendunt.
1945 751 108 70 In
1981 751 180 70 expertis

454 811 153 70 autem
556 811 153 70 satis
658 811 136 70 est,
743 811 102 70 si
794 811 119 70 non
862 811 170 70 lateat
981 811 153 70 ipsos
1083 811 153 70 vtrum
1185 811 136 70 bene
1270 811 102 70 an
1322 811 136 70 male
1407 811 170 70 factum
1526 811 119 70 sit
1594 811 153 70 opus,
1696 811 102 70 vt
1747 811 102 70 in
1798 811 204 70 pictura.
1951 811 153 70 Leges
2036 811 119 70 autem

456 872 210 72 operibus
613 872 192 72 similes
753 872 227 72 ciuilibus
928 872 157 72 sunt.
1033 872 175 72 Quonam
1155 872 175 72 igitur
1278 872 157 72 pacto
1382 872 210 72 quispiam
1540 872 105 72 ex
1592 872 122 72 his
1662 872 157 72 legum
1767 872 175 72 fuerit
1890 872 175 72 lator,
2012 872 122 72 aut
2065 872 87 72 eas

466 924 145 69 quae
557 924 145 69 sunt
647 924 181 69 optime
774 924 290 69 iudicauerit?
1010 924 163 69 Neque
1119 924 145 69 enim
1210 924 181 69 medici
1337 924 218 69 videntur
1500 924 109 69 ex
1554 924 181 69 libris
1681 924 181 69 fieri:
1808 924 91 69 &
1845 924 163 69 tamen
1953 924 181 69 dicere
2062 924 91 69 co¬-

453 982 183 54 nantur
581 982 128 54 non
654 982 165 54 solum
764 982 274 54 curationes,
983 982 128 54 sed
1056 982 165 54 etiam
1166 982 274 54 aegrotantes
1385 982 183 54 curari
1513 982 183 54 posse:
1641 982 110 54 Et
1696 982 110 54 vt
1751 982 183 54 curare
1879 982 201 54 oportet
2007 982 146 54 habitu

461 1035 294 72 vniuscuiusque
702 1035 242 72 distincto.
892 1035 138 72 Haec
979 1035 155 72 autem
1082 1035 207 72 expertis
1238 1035 173 72 quidem
1359 1035 190 72 vtilia,
1497 1035 121 72 iis
1566 1035 138 72 vero
1652 1035 121 72 qui
1721 1035 207 72 scientia
1877 1035 173 72 carent
1980 1035 173 72 inutilia

455 1090 138 72 esse
541 1090 225 72 videntur.
714 1090 104 72 Et
766 1090 156 72 legum
870 1090 173 72 igitur
991 1090 207 72 forsitan
1146 1090 86 72 &
1181 1090 156 72 rerum
1285 1090 242 72 publicarum
1475 1090 328 72 congregationes,
1751 1090 121 72 iis
1821 1090 173 72 quidem
1942 1090 121 72 qui
1993 1090 156 72 prospi¬-

447 1151 142 72 cere
536 1151 159 72 atque
642 1151 248 72 discernere
837 1151 195 72 possunt
978 1151 195 72 quidnam
1120 1151 159 72 recte
1226 1151 142 72 sese
1315 1151 177 72 habet,
1439 1151 124 72 vel
1510 1151 195 72 contra,
1651 1151 124 72 aut
1722 1151 142 72 quae
1811 1151 177 72 quibus
1917 1151 230 72 accommodan¬-

453 1207 135 73 tur:
538 1207 169 73 vtiles
656 1207 135 73 esse
740 1207 203 73 possunt?
892 1207 118 73 sed
959 1207 101 73 ii
1010 1207 118 73 qui
1078 1207 135 73 sine
1162 1207 169 73 habitu
1280 1207 152 73 talia
1381 1207 219 73 tractant,
1550 1207 152 73 recte
1652 1207 169 73 quidem
1770 1207 203 73 iudicare
1922 1207 118 73 non
1972 1207 169 73 possunt,

445 1260 144 67 nisi
535 1260 234 67 fortuitu.
715 1260 162 67 magis
823 1260 162 67 autem
930 1260 108 67 ad
984 1260 108 67 ea
1038 1260 324 67 comprehendenda
1308 1260 216 67 fortasse
1470 1260 198 67 fuerint
1614 1260 162 67 apti.
1722 1260 126 67 Cum
1793 1260 180 67 igitur
1919 1260 180 67 nostri
2027 1260 126 67 maio¬-

448 1322 123 64 res
519 1322 105 64 ea
571 1322 140 64 quae
659 1322 105 64 ad
712 1322 246 64 facultatem
905 1322 246 64 ferendarum
1098 1322 158 64 legum
1203 1322 263 64 pertinerent
1413 1322 140 64 sine
1501 1322 316 64 perscrutatione
1764 1322 281 64 reliquerint,
1975 1322 175 64 nosipsos

451 1374 145 71 illa
542 1374 218 71 fortasse
705 1374 218 71 praestat
868 1374 290 71 considerare,
1104 1374 91 71 &
1140 1374 181 71 omnino
1267 1374 109 71 de
1321 1374 236 71 republica
1502 1374 272 71 pertractare
1720 1374 218 71 oportet,
1883 1374 109 71 vt
1937 1374 163 71 quoad
2028 1374 127 71 fieri

454 1425 191 74 potest,
593 1425 104 74 ea
645 1425 261 74 philosophia
853 1425 278 74 perficiatur,
1079 1425 139 74 quae
1166 1425 156 74 circa
1271 1425 122 74 res
1340 1425 191 74 humanas
1479 1425 226 74 versatur.
1653 1425 174 74 Primum
1775 1425 174 74 itaque
1897 1425 104 74 si
1949 1425 139 74 quid
2018 1425 122 74 recte

447 1481 124 72 sit
518 1481 88 72 a
553 1481 230 72 maioribus
730 1481 195 72 dictum,
872 1481 106 72 id
925 1481 212 72 enitamur
1084 1481 248 72 recensere.
1279 1481 177 72 Deinde
1403 1481 106 72 ex
1456 1481 265 72 congregatis
1668 1481 159 72 rebus
1774 1481 212 72 publicis
1916 1481 230 72 considerare

442 1542 191 59 quaenam
581 1542 226 59 ciuitates
754 1542 87 59 &
789 1542 156 59 rerum
893 1542 243 59 publicarum
1084 1542 208 59 singulas
1240 1542 226 59 euertunt,
1414 1542 156 59 atque
1518 1542 260 59 conseruant.
1726 1542 104 59 Et
1778 1542 139 59 quas
1865 1542 104 59 ob
1917 1542 174 59 causas
2021 1542 122 59 aliae

445 1599 162 57 recte
553 1599 289 57 gubernantur,
788 1599 162 57 aliae
896 1599 198 57 contra.
1040 1599 126 57 His
1112 1599 144 57 enim
1202 1599 270 57 perspectis,
1419 1599 162 57 magis
1527 1599 216 57 fortasse
1689 1599 289 57 perceperimus
1924 1599 198 57 quaenam
2050 1599 90 57 sit

447 1653 267 86 respublica
657 1653 210 86 optima,
809 1653 95 86 &
847 1653 210 86 quomodo
1000 1653 267 86 vnaquaeque
1210 1653 248 86 disposita
1400 1653 229 86 quibusue
1572 1653 210 86 legibus
1725 1653 172 86 vtens
1839 1653 114 86 ac
1896 1653 210 86 moribus
2030 1653 114 86 bene

443 1703 195 85 fuerit
580 1703 293 85 constituta.
815 1703 215 85 Dicamus
971 1703 195 85 igitur
1108 1703 156 85 hinc
1206 1703 195 85 initio
1323 1703 176 85 sumpto.

910 1775 273 111 Ethicorum
1120 1775 316 111 Aristotelis
1352 1775 168 111 Finis.

450 1911 76 67 ⁋
480 1911 182 67 Sequitur
617 1911 167 67 litera.
738 1911 122 67 Haec
814 1911 106 67 cum
875 1911 106 67 ita
936 1911 137 67 sint,
1027 1911 91 67 vt
1073 1911 122 67 nemo
1149 1911 122 67 nisi
1225 1911 152 67 sciens
1331 1911 152 67 possit
1437 1911 122 67 esse
1513 1911 228 67 legislator.
1695 1911 167 67 Quoniam
1817 1911 182 67 originem
1939 1911 197 67 felicitatis

454 1972 152 49 posuit
560 1972 137 49 legis
652 1972 183 49 latorem,
789 1972 183 49 inquirit
926 1972 107 49 qua
987 1972 107 49 via
1048 1972 183 49 quispiam
1186 1972 122 49 fiet
1262 1972 168 49 peritus
1384 1972 229 49 legissator.
1567 1972 229 49 Conducibile
1750 1972 107 49 est
1811 1972 122 49 post
1872 1972 259 49 determinationem

438 2026 95 50 de
486 2026 174 50 moribus
612 2026 158 50 videre
722 2026 158 50 quanam
833 2026 110 50 via
896 2026 189 50 quispiam
1038 2026 221 50 legistator
1211 2026 174 50 euadere
1337 2026 174 50 possit.
1464 2026 95 50 An
1511 2026 95 50 ab
1558 2026 110 50 his
1621 2026 110 50 qui
1685 2026 237 50 rempublicam
1874 2026 221 50 gubernant,
2032 2026 110 50 quen¬-

441 2064 172 50 admodum
567 2064 94 50 in
614 2064 188 50 caeteris
755 2064 251 50 facultatibus
959 2064 94 50 in
1006 2064 110 50 vsu
1068 2064 125 50 est,
1147 2064 125 50 quia
1225 2064 141 50 legum
1319 2064 219 50 ferendarum
1491 2064 188 50 facultas
1632 2064 188 50 politiae
1774 2064 125 50 pars
1852 2064 125 50 est.
1930 2064 94 50 An
1977 2064 110 50 non
2024 2064 110 50 simi¬-

446 2110 126 53 liter
530 2110 84 53 in
572 2110 140 53 ciuili
671 2110 70 53 &
699 2110 84 53 in
741 2110 169 53 caeteris
867 2110 183 53 scientiis
1008 2110 112 53 fit.
1078 2110 98 53 Nam
1134 2110 84 53 in
1176 2110 126 53 aliis
1260 2110 154 53 artibus
1373 2110 112 53 idem
1443 2110 126 53 artem
1527 2110 140 53 tradit
1625 2110 70 53 &
1654 2110 98 53 per
1710 2110 98 53 eam
1766 2110 183 53 operatur.
1906 2110 183 53 Inductiue
2033 2110 98 53 illud

452 2159 105 61 est
512 2159 196 61 liquidum,
663 2159 90 61 de
708 2159 226 61 pictoribus,
889 2159 181 61 medicis,
1024 2159 181 61 scribis,
1159 2159 256 61 calcificibus,
1370 2159 226 61 vestiariis,
1551 2159 75 61 &
1581 2159 166 61 denique
1701 2159 90 61 de
1747 2159 181 61 omnibus,
1882 2159 90 61 at
1912 2159 226 61 gubernandarum

446 2207 135 59 rerum
536 2207 210 59 publicarum
701 2207 135 59 artem
790 2207 195 59 sophistae
940 2207 240 59 profitentur,
1135 2207 150 59 quorum
1240 2207 150 59 nullus
1344 2207 225 59 rempublicam
1524 2207 210 59 moderatur.
1689 2207 195 59 Sophistes
1839 2207 105 59 non
1898 2207 165 59 capitur
2018 2207 105 59 hic
2063 2207 75 59 pro

447 2250 195 61 callente
593 2250 244 61 sophismata,
789 2250 81 61 &
821 2250 114 61 pro
886 2250 244 61 cauillatore
1082 2250 195 61 sophiae,
1228 2250 114 61 sed
1293 2250 114 61 pro
1358 2250 212 61 apparente
1521 2250 81 61 &
1554 2250 114 61 non
1619 2250 212 61 existente
1782 2250 212 61 sapiente.
1945 2250 163 61 sophia
2042 2250 98 61 enim

447 2298 203 57 sapientia
603 2298 78 57 &
634 2298 140 57 sophi
728 2298 218 57 sapientes.
899 2298 218 57 philosophi
1071 2298 187 57 amatores
1211 2298 234 57 sapientiae.
1398 2298 187 57 Erantque
1538 2298 203 57 sophistae
1694 2298 218 57 rhetoricam
1866 2298 187 57 docentes
2006 2298 78 57 &
2021 2298 125 57 decla¬-

442 2348 116 53 mare
515 2348 116 53 quod
588 2348 102 53 non
646 2348 102 53 fit
704 2348 116 53 sine
776 2348 131 53 legum
863 2348 218 53 adductione:
1038 2348 145 53 itaque
1139 2348 87 53 se
1183 2348 131 53 legum
1270 2348 160 53 peritos
1386 2348 232 53 iactitabant:
1575 2348 145 53 quarum
1676 2348 116 53 vere
1749 2348 145 53 periti
1851 2348 116 53 esse
1923 2348 145 53 debent
2010 2348 131 53 praefe¬-

442 2392 126 55 cti,
521 2392 189 55 iudices,
663 2392 174 55 Tribuni
789 2392 158 55 plebis
900 2392 205 55 praetores
1057 2392 252 55 propraetores
1263 2392 79 55 &
1294 2392 126 55 alii
1373 2392 110 55 qui
1436 2392 95 55 in
1483 2392 205 55 republica
1641 2392 205 55 insudant.
1799 2392 142 55 Verum
1894 2392 142 55 multi
1988 2392 110 55 qui
2036 2392 110 55 aliis

431 2448 187 53 praesunt
572 2448 94 53 ad
619 2448 94 53 id
666 2448 172 53 muneris
790 2448 156 53 inepti
900 2448 203 53 videntur:
1056 2448 109 53 cum
1118 2448 234 53 experientia
1306 2448 78 53 &
1337 2448 203 53 potentia,
1493 2448 109 53 hoc
1555 2448 109 53 est
1618 2448 156 53 habitu
1727 2448 94 53 ex
1774 2448 250 53 consuetudine
1961 2448 172 53 acquisito

435 2493 133 58 magis
524 2493 118 58 quam
597 2493 133 58 mente
686 2493 133 58 agere
774 2493 206 58 videantur.
936 2493 103 58 Per
995 2493 147 58 mentem
1098 2493 221 58 intellectum
1275 2493 103 58 vel
1334 2493 191 58 scientiam
1481 2493 221 58 intelligit.
1658 2493 162 58 Constat
1776 2493 133 58 autem
1864 2493 103 58 eos
1923 2493 88 58 de
1967 2493 162 58 talibus
2070 2493 74 58 nec

438 2536 187 53 scribere
579 2536 109 53 nec
641 2536 156 53 loqui:
750 2536 125 53 quod
828 2536 140 53 tamen
922 2536 203 53 venustius
1078 2536 140 53 foret
1171 2536 125 53 quam
1249 2536 218 53 iudiciales
1421 2536 203 53 orationes
1577 2536 296 53 deliberatiuasve
1826 2536 94 53 in
1873 2536 234 53 concionibus
2044 2536 94 53 con¬-

439 2583 170 51 ponere,
562 2583 124 51 more
640 2583 201 51 oratorum.
794 2583 108 51 Qua
856 2583 124 51 vero
934 2583 93 51 id
980 2583 155 51 facere
1088 2583 186 51 nequeant
1227 2583 108 51 hoc
1289 2583 170 51 indicio
1413 2583 278 51 deprehenditur:
1645 2583 108 51 cum
1707 2583 108 51 nec
1769 2583 155 51 filios
1877 2583 108 51 nec
1939 2583 186 51 amicorum
2063 2583 77 51 vl¬-

436 2634 102 50 los
495 2634 87 50 ad
538 2634 175 50 regendum
669 2634 160 50 idoneos
786 2634 204 50 efficiant,
946 2634 117 50 quod
1019 2634 131 50 tamen
1106 2634 160 50 rationi
1223 2634 233 50 consentaneum
1412 2634 117 50 erat
1485 2634 102 50 eos
1543 2634 175 50 facturos
1674 2634 146 50 fuisse
1776 2634 87 50 si
1820 2634 218 50 potuissent:
1995 2634 102 50 nec
2039 2634 87 50 ali¬-

439 2679 119 58 quid
514 2679 238 58 praestantius
707 2679 194 58 sibiipsis
856 2679 104 58 aut
916 2679 179 58 ciuitati
1050 2679 253 58 reliquissent.
1258 2679 104 58 Non
1318 2679 134 58 tamen
1407 2679 164 58 ciuilis
1526 2679 238 58 excercitatio
1720 2679 104 58 est
1780 2679 194 58 inutilis:
1928 2679 119 58 quia
2003 2679 119 58 illa
2063 2679 74 58 ex¬-

437 2730 222 52 cercitatio
611 2730 190 52 plurimum
754 2730 206 52 conducit:
912 2730 174 52 alioqui
1039 2730 158 52 minime
1150 2730 174 52 fierent
1276 2730 111 52 per
1339 2730 174 52 ciuilem
1466 2730 269 52 consuetudinem
1688 2730 95 52 ad
1735 2730 190 52 regendam
1878 2730 237 52 rempublicam
2052 2730 79 52 ma¬-

436 2775 106 59 gis
496 2775 166 59 idonei,
617 2775 121 59 quod
693 2775 151 59 liquet
799 2775 166 59 rationi
920 2775 121 59 esse
996 2775 257 59 dissentaneum.
1208 2775 182 59 Quocirca
1344 2775 106 59 iis
1405 2775 106 59 qui
1465 2775 91 59 de
1510 2775 91 59 re
1556 2775 151 59 ciuili
1662 2775 212 59 internosse
1828 2775 197 59 expetunt,
1965 2775 166 59 experien¬-

434 2822 110 59 tia
497 2822 126 59 opus
576 2822 126 59 est.
655 2822 173 59 Vidimus
781 2822 126 59 enim
860 2822 142 59 multa
954 2822 221 59 plebiscita
1128 2822 79 59 &
1159 2822 158 59 multas
1270 2822 252 59 praefectorum
1475 2822 142 59 leges
1569 2822 126 59 sine
1648 2822 236 59 experientia
1837 2822 142 59 latas
1932 2822 142 59 (quae
2011 2822 110 59 primo

441 2866 175 55 obtuitu
568 2866 143 55 nobis
663 2866 175 55 rationi
790 2866 254 55 consentaneae
997 2866 143 55 visae
1092 2866 143 55 sunt)
1187 2866 206 55 sinistrum
1346 2866 159 55 exitum
1457 2866 191 55 sortiri,
1600 2866 79 55 &
1632 2866 206 55 propterea
1791 2866 111 55 mox
1854 2866 206 55 abolitas.
2013 2866 111 55 Qui
2061 2866 79 55 rei

435 2913 188 53 publicae
576 2913 188 53 praesunt
718 2913 141 53 multa
812 2913 110 53 per
874 2913 251 53 experientiam
1078 2913 173 53 norunt.
1204 2913 173 53 Insuper
1329 2913 235 53 sophistarum
1517 2913 94 53 ii
1564 2913 110 53 qui
1627 2913 125 53 hanc
1706 2913 141 53 artem
1800 2913 235 53 profitentur
1988 2913 94 53 ab
2019 2913 110 53 huius

430 2965 212 50 facultatis
596 2965 212 50 traditione
763 2965 121 50 sunt
839 2965 167 50 remoti.
960 2965 136 50 Neque
1051 2965 121 50 enim
1126 2965 121 50 quid
1202 2965 106 50 sit
1263 2965 106 50 nec
1323 2965 136 50 circa
1414 2965 121 50 quae
1490 2965 167 50 insudet
1611 2965 121 50 ipsi
1687 2965 227 50 didicerunt.
1869 2965 106 50 Hoc
1929 2965 121 50 tali
1990 2965 136 50 ratione

433 3010 268 50 deprehenditur.
656 3010 89 50 Si
701 3010 119 50 enim
775 3010 89 50 id
820 3010 238 50 cognoscerent
1014 3010 104 50 non
1073 3010 179 50 dicerent
1207 3010 164 50 ciuilem
1326 3010 208 50 facultatem
1490 3010 119 50 esse
1564 3010 149 50 eandem
1669 3010 104 50 cum
1728 3010 194 50 oratoria:
1877 3010 164 50 proinde
1981 3010 149 50 nesciunt

434 3061 113 56 quid
505 3061 113 56 est:
575 3061 71 56 &
603 3061 99 56 cum
660 3061 141 56 dicant
759 3061 99 56 eam
815 3061 113 56 esse
886 3061 198 56 inferiorem
1042 3061 113 56 arte
1112 3061 184 56 oratoria,
1254 3061 170 56 nesciunt
1381 3061 127 56 circa
1466 3061 113 56 quae
1536 3061 184 56 versatur.
1678 3061 155 56 Insuper
1791 3061 99 56 non
1847 3061 226 56 existimarent
2017 3061 113 56 facile

437 3104 129 58 esse
517 3104 145 58 leges
614 3104 161 58 ferre.
726 3104 129 58 Huic
807 3104 177 58 rationi
936 3104 225 58 innitentes
1113 3104 161 58 dicunt
1225 3104 193 58 oportere
1370 3104 161 58 multas
1483 3104 145 58 leges
1579 3104 80 58 a
1611 3104 209 58 maioribus
1772 3104 241 58 elucubratas
1949 3104 177 58 colligere

441 3153 230 54 optimasque
621 3153 214 54 diligere,
786 3153 115 54 quo
852 3153 164 54 habito
967 3153 181 54 ciuilis
1098 3153 197 54 facultas
1246 3153 247 54 pulcherrima
1443 3153 263 54 conflabitur.
1657 3153 99 54 Eo
1707 3153 148 54 pacto
1805 3153 132 54 vani
1887 3153 230 54 blaterones
2052 3153 82 54 di¬-

436 3198 132 56 cunt
519 3198 231 56 facillimum
701 3198 132 56 esse
783 3198 165 56 factu,
899 3198 182 56 egregia
1031 3198 198 56 volumina
1180 3198 182 56 condere
1312 3198 198 56 legesque
1461 3198 182 56 optimas
1593 3198 215 56 deligere.
1758 3198 99 56 i.
1808 3198 99 56 de
1858 3198 165 56 multis
1957 3198 165 56 eligere.

447 3255 189 55 proinde
584 3255 155 55 quasi
687 3255 206 55 delectio
842 3255 223 55 optimarum
1014 3255 120 55 non
1083 3255 155 55 esset
1186 3255 258 55 sagacitatis
1392 3255 86 55 &
1426 3255 258 55 sollertiae.
1633 3255 155 55 Hebes
1736 3255 86 55 &
1770 3255 137 55 rudi
1856 3255 189 55 Minerua
1976 3255 155 55 praedi¬-

443 3291 107 75 tus
504 3291 107 75 pro
565 3291 138 75 bonis
657 3291 122 75 mala
733 3291 199 75 decerpet,
886 3291 76 75 &
917 3291 168 75 incerta
1039 3291 107 75 pro
1100 3291 153 75 certis
1207 3291 183 75 capeiet,
1345 3291 76 75 &
1375 3291 199 75 saeperius
1528 3291 138 75 leges
1620 3291 199 75 oppositas
1773 3291 153 75 variis
1880 3291 92 75 in
1926 3291 138 75 locis
2002 3291 138 75 ciebit.
