2392 3595
470 245 176 83 prole.
594 245 106 83 Et
647 245 159 83 minus
752 245 159 83 etiam
858 245 229 83 fortasse:
1034 245 106 83 si
1087 245 123 83 cui
1158 245 211 83 perpraui
1316 245 141 83 sint
1404 245 176 83 filii,
1528 245 123 83 vel
1598 245 176 83 amici,
1721 245 123 83 aut
1792 245 141 83 boni
1880 245 176 83 mortui
2003 245 159 83 sint.
2092 245 70 83 Vt

464 314 186 65 igitur
595 314 224 65 diximus,
763 314 205 65 videtur
912 314 261 65 foelicitas
1117 314 93 65 &
1154 314 168 65 talis
1266 314 224 65 indigere
1433 314 335 65 prosperitatis.
1713 314 149 65 Vnde
1806 314 186 65 quidam
1918 314 242 65 prosperita¬-

460 379 135 63 tem
537 379 251 63 fortunam,
730 379 193 63 quidam
865 379 231 63 virtutem
1038 379 309 63 foelicitatem
1289 379 154 63 esse
1366 379 174 63 dicunt.

529 407 294 88 FOnsiderandum
771 407 121 88 est
840 407 190 88 igitur.
979 407 156 88 lstud
1083 407 121 88 est
1152 407 190 88 octauum
1290 407 156 88 caput
1394 407 87 88 &
1429 407 242 88 nouissimum
1619 407 156 88 huius
1723 407 190 88 secundi
1862 407 225 88 tractatus
2035 407 104 88 in
2069 407 87 88 quo

567 476 245 62 philosophus
762 476 179 62 veterum
893 476 131 62 bene
975 476 147 62 dicta
1072 476 131 62 suis
1154 476 163 62 dictis
1268 476 245 62 accommodat.
1464 476 212 62 Peculiare
1627 476 147 62 autem
1725 476 114 62 est
1790 476 131 62 illi
1872 476 131 62 ante
1953 476 147 62 omnia
2035 476 114 62 mate¬-

554 526 133 65 riam
637 526 99 65 in
687 526 166 65 medium
803 526 182 65 afferre
936 526 99 65 de
985 526 116 65 qua
1052 526 199 65 dicturus
1201 526 133 65 est:
1284 526 166 65 deinde
1400 526 215 65 priscorum
1565 526 215 65 opiniones
1731 526 182 65 citare,
1864 526 182 65 illorum
1980 526 182 65 maledicta

472 566 228 54 retundere:
651 566 81 54 &
683 566 163 54 tandem
797 566 130 54 suam
878 566 211 54 doctrinam
1041 566 195 54 expulsis
1187 566 179 54 vrticis
1317 566 195 54 afferre,
1463 566 114 54 eam
1528 566 163 54 rudius
1642 566 146 54 primo
1739 566 211 54 lineando:
1902 566 163 54 deinde
1999 566 163 54 particu¬-

462 621 186 48 lariter
598 621 169 48 eandem
716 621 254 48 depingendo:
919 621 152 48 demum
1021 621 186 48 aliorum
1156 621 135 48 bene
1241 621 152 48 dicta
1342 621 102 48 ad
1393 621 135 48 suam
1478 621 237 48 sententiam
1664 621 203 48 trahere.
1816 621 152 48 Primo
1918 621 152 48 autem
2020 621 119 48 sic
2070 621 85 48 di¬-

472 665 122 55 cit.
548 665 258 55 Considerandum
761 665 106 55 est
821 665 152 55 igitur
928 665 91 55 de
973 665 137 55 ipso,
1065 665 106 55 hoc
1125 665 106 55 est
1186 665 91 55 de
1232 665 122 55 ipsa
1308 665 228 55 felicitate,
1490 665 106 55 non
1551 665 91 55 ex
1597 665 228 55 conclusione
1779 665 152 55 solum,
1885 665 106 55 hoc
1946 665 106 55 est
2007 665 106 55 non
2053 665 106 55 solum

473 712 203 52 sententia
630 712 156 52 nostra
739 712 203 52 conclusa,
895 712 78 52 &
926 712 172 52 nostris
1051 712 219 52 rationibus
1223 712 109 52 eam
1285 712 297 52 considerabimus,
1535 712 109 52 sed
1598 712 141 52 etiam
1691 712 94 52 de
1738 712 109 52 his
1801 712 125 52 quae
1879 712 125 52 ant:
1957 712 109 52 qui
2003 712 141 52 posuere

469 759 110 64 Hoc
532 759 172 64 probat,
657 759 125 64 quia
736 759 94 64 si
783 759 110 64 sua
846 759 141 64 dicta
940 759 110 64 cum
1002 759 188 64 antiquis
1144 759 235 64 conueniant,
1332 759 157 64 signum
1441 759 110 64 est
1504 759 235 64 sincerioris
1692 759 220 64 veritatis,
1865 759 125 64 vero
1943 759 157 64 nanque
2037 759 110 64 emnia

461 805 138 60 quae
547 805 224 60 competunt
719 805 189 60 consona
856 805 155 60 sunt:
959 805 155 60 falso
1063 805 155 60 verum
1166 805 138 60 cito
1252 805 224 60 dissonat.
1424 805 138 60 Hinc
1510 805 172 60 quidam
1630 805 258 60 philoscphus
1836 805 206 60 dicebat.
1974 805 172 60 Mendacem

463 853 127 61 esse
542 853 143 61 bonae
637 853 190 61 memoriae
780 853 206 61 oportere:
939 853 127 61 quia
1018 853 143 61 falsa
1113 853 143 61 multa
1208 853 158 61 relata
1319 853 143 61 licet
1414 853 143 61 prima
1509 853 158 61 fronte
1620 853 143 61 inter
1715 853 95 61 se
1763 853 111 61 non
1826 853 206 61 repugnare
1969 853 190 61 videantur,

463 897 200 57 saepicule
617 897 216 57 diaphoniam
786 897 231 57 construunt.
972 897 170 57 Antiqui
1095 897 185 57 dicebant
1234 897 200 57 triplicia
1388 897 123 57 esse
1465 897 139 57 bona,
1558 897 185 57 scilicet
1696 897 170 57 animae,
1820 897 200 57 corporis,
1974 897 77 57 &
1989 897 170 57 fortunae:

452 946 117 56 sed
519 946 134 56 bona
603 946 168 56 animae
721 946 84 56 a
754 946 336 56 philosophantibus
1040 946 218 56 censentur
1207 946 134 56 esse
1291 946 185 56 bonorum
1425 946 235 56 potissima:
1610 946 84 56 &
1644 946 134 56 bona
1728 946 185 56 externa
1862 946 185 56 infima.
1979 946 168 56 Ponebant

464 997 138 53 autem
556 997 169 53 antiqui
678 997 230 53 felicitatem
862 997 215 53 consistere
1031 997 92 53 in
1077 997 215 53 potissimis
1246 997 138 53 bonis
1338 997 184 53 scilicet
1476 997 169 53 animae:
1599 997 77 53 &
1629 997 107 53 ita
1691 997 138 53 ponit
1783 997 245 53 Aristoteles:
1982 997 123 53 quia
2044 997 107 53 actus

456 1041 239 57 immanentes
644 1041 188 57 animae,
780 1041 256 57 operationes
985 1041 171 57 animae
1105 1041 205 57 dicuntur
1259 1041 85 57 &
1293 1041 171 57 fines.
1412 1041 188 57 Secundo
1549 1041 205 57 consonum
1703 1041 120 57 est
1771 1041 154 57 etiam
1874 1041 188 57 rationi
2010 1041 137 57 quod
2079 1041 68 57 ab

455 1082 116 62 eis
522 1082 200 62 dicitur.
672 1082 200 62 Dixerunt
821 1082 183 62 antiqui
954 1082 133 62 bene
1038 1082 166 62 viuere
1154 1082 83 62 &
1187 1082 133 62 bene
1270 1082 150 62 agere
1370 1082 133 62 idem
1453 1082 150 62 esse.
1553 1082 133 62 Pene
1636 1082 133 62 enim
1720 1082 133 62 bona
1803 1082 183 62 quaedam
1936 1082 150 62 vita,
2036 1082 83 62 &
2052 1082 100 62 bona

458 1132 130 59 actio
544 1132 188 59 felicitas
688 1132 130 59 dicta
775 1132 115 59 est.
847 1132 144 59 Reuera
948 1132 144 59 cuncta
1049 1132 115 59 quae
1121 1132 87 59 de
1165 1132 202 59 felicitate
1323 1132 202 59 quaeruntur
1482 1132 216 59 felicitati,
1655 1132 101 59 vti
1713 1132 245 59 difliniuimus,
1915 1132 188 59 convenire
2045 1132 101 59 videm

451 1181 129 63 tur.
532 1181 129 63 Post
612 1181 129 63 haec
693 1181 161 63 narrat
806 1181 97 63 ea
854 1181 97 63 in
903 1181 161 63 quibus
1016 1181 178 63 antiqui
1145 1181 145 63 circa
1242 1181 242 63 felicitatem
1436 1181 274 63 constituendam
1662 1181 258 63 differebant.
1872 1181 113 63 Nam
1936 1181 161 63 quidam
2033 1181 113 63 anti¬-

461 1229 164 55 quorum
575 1229 246 55 felicitatem
772 1229 197 55 virtutem
920 1229 180 55 moralem
1051 1229 213 55 ponebant:
1215 1229 82 55 &
1247 1229 131 55 isti
1329 1229 246 55 felicitatem
1526 1229 98 55 in
1575 1229 197 55 potentia
1723 1229 229 55 appetitiua
1903 1229 164 55 animae
2001 1229 148 55 colloca

460 1273 139 60 bant.
552 1273 201 60 Quibusdam
707 1273 170 60 videtur
830 1273 201 60 felicitas
985 1273 93 60 in
1031 1273 216 60 prudentia.
1201 1273 139 60 Aliis
1294 1273 93 60 in
1340 1273 201 60 sapientia
1494 1273 232 60 consistere.
1680 1273 201 60 Prudentia
1834 1273 108 60 est
1896 1273 201 60 perfectio
2035 1273 108 60 intel

450 1313 150 77 lectus
555 1313 150 77 actui:
660 1313 75 77 &
689 1313 195 77 sapientia
839 1313 195 77 perfectio
989 1313 224 77 intellectus
1168 1313 239 77 speculatiui:
1363 1313 90 77 vt
1408 1313 105 77 deo
1468 1313 120 77 duce
1542 1313 90 77 in
1587 1313 135 77 sexto
1677 1313 135 77 libro
1767 1313 150 77 fusius
1872 1313 254 77 monstrabitur.
2066 1313 90 77 Alii

467 1365 136 62 vero
552 1365 169 62 ponunt
670 1365 152 62 horum
772 1365 254 62 aggregatum.
975 1365 136 62 Alii
1060 1365 186 62 aliquod
1195 1365 152 62 horum
1297 1365 119 62 cum
1365 1365 237 62 voluptate:
1551 1365 136 62 puta
1636 1365 220 62 scientiam
1805 1365 119 62 cum
1873 1365 237 62 voluptate,
2059 1365 119 62 aut

469 1414 227 60 prudentiam
647 1414 114 60 cum
712 1414 227 60 voluptate,
891 1414 114 60 aut
956 1414 114 60 non
1021 1414 130 60 sine
1102 1414 227 60 voluptate.
1281 1414 114 60 Hoc
1345 1414 114 60 est
1410 1414 162 60 aliqui
1524 1414 227 60 voluptatem
1703 1414 162 60 partem
1816 1414 244 60 essentialem
1995 1414 146 60 felici¬-

452 1465 148 57 tatis
550 1465 246 57 scribebant,
747 1465 164 57 aliqui
862 1465 131 57 vero
944 1465 164 57 dixere
1058 1465 230 57 voluptatem
1239 1465 131 57 esse
1321 1465 295 57 perturbationem
1567 1465 246 57 felicitatem
1764 1465 295 57 concomitantem.
2010 1465 115 57 Hoc
2059 1465 82 57 ma¬-

455 1512 117 63 gis
522 1512 117 63 cum
589 1512 233 63 Aristotele
772 1512 200 63 quadrat.
922 1512 100 63 vt
972 1512 100 63 ex
1022 1512 167 63 decimo
1139 1512 117 63 est
1205 1512 250 63 perspicuum.
1405 1512 100 63 de
1455 1512 167 63 decora
1572 1512 217 63 voluptate
1738 1512 83 63 &
1772 1512 117 63 non
1838 1512 150 63 foeda
1938 1512 167 63 semper
2038 1512 117 63 loqui

455 1554 134 60 tur.
539 1554 134 60 Sunt
623 1554 134 60 alii
706 1554 117 60 qui
773 1554 201 60 externam
924 1554 251 60 affluentiam
1125 1554 184 60 ponunt.
1259 1554 100 60 Et
1309 1554 117 60 qui
1376 1554 100 60 id
1426 1554 167 60 dicunt
1543 1554 167 60 partim
1661 1554 134 60 sunt
1744 1554 151 60 multi
1845 1554 84 60 &
1878 1554 201 60 antiqui:
2012 1554 134 60 partim

463 1606 126 58 vero
542 1606 141 58 pauci
636 1606 78 58 &
667 1606 220 58 praeclari:
840 1606 157 58 quorum
950 1606 157 58 neutri
1060 1606 94 58 in
1107 1606 188 58 vniuerso
1248 1606 188 58 peccant:
1389 1606 110 58 sed
1452 1606 110 58 eos
1515 1606 94 58 in
1562 1606 188 58 plurimis
1703 1606 141 58 verum
1798 1606 204 58 attingere
1955 1606 173 58 rationi
2065 1606 78 58 est

463 1648 276 70 consentaneum.
690 1648 162 70 Postea
803 1648 146 70 dicit
901 1648 130 70 quod
982 1648 113 70 sua
1046 1648 162 70 opinio
1160 1648 97 70 in
1209 1648 162 70 aliquo
1322 1648 195 70 conuenit
1468 1648 113 70 cum
1533 1648 113 70 eis
1598 1648 113 70 qui
1663 1648 243 70 felicitatem
1857 1648 97 70 in
1906 1648 178 70 virtute
2019 1648 130 70 collo¬-

448 1691 151 65 cant:
549 1691 134 65 quia
633 1691 134 65 ipse
716 1691 151 65 ponit
817 1691 251 65 felicitatem
1018 1691 101 65 in
1068 1691 235 65 operatione
1253 1691 218 65 virtutis,
1420 1691 134 65 siue
1504 1691 134 65 eius
1588 1691 117 65 vsu
1655 1691 251 65 consistere:
1856 1691 117 65 non
1923 1691 151 65 autem
2024 1691 101 65 in
2057 1691 84 65 ip¬-

457 1738 98 72 sa
506 1738 196 72 virtute,
653 1738 131 72 quae
735 1738 115 72 est
800 1738 147 72 solus
898 1738 196 72 habitus.
1046 1738 131 72 Vsus
1128 1738 131 72 enim
1209 1738 115 72 est
1275 1738 147 72 finis
1373 1738 180 72 habitus
1504 1738 82 72 &
1537 1738 278 72 possessionis:
1766 1738 115 72 sed
1831 1738 147 72 tamen
1929 1738 115 72 non
1995 1738 147 72 parum
2077 1738 65 72 ab

450 1789 113 60 his
514 1789 225 60 discrepat.
691 1789 145 60 Fieri
788 1789 129 60 enim
868 1789 161 60 potest
981 1789 97 60 vt
1029 1789 193 60 virtutem
1174 1789 161 60 habens
1287 1789 145 60 nihil
1383 1789 129 60 boni
1464 1789 209 60 operetur,
1625 1789 113 60 hoc
1689 1789 145 60 autem
1786 1789 97 60 in
1834 1789 129 60 ectu
1915 1789 145 60 fieri
1995 1789 145 60 nequit.

462 1832 110 63 Qui
525 1832 157 63 nanque
635 1832 204 63 operatur,
792 1832 125 63 agit
870 1832 157 63 vtique
980 1832 220 63 necessario
1152 1832 235 63 necessitate
1341 1832 282 63 consequentiae,
1576 1832 110 63 non
1639 1832 141 63 autem
1733 1832 235 63 necessitate
1905 1832 220 63 consequentis

449 1874 113 77 sed
513 1874 259 77 contingentia
724 1874 275 77 consequentis:
950 1874 81 77 &
982 1874 129 77 bene
1063 1874 145 77 etiam
1160 1874 145 77 agit,
1257 1874 113 77 cum
1322 1874 194 77 operatio
1467 1874 129 77 eius
1548 1874 81 77 a
1580 1874 178 77 virtute
1710 1874 129 77 ipsa
1790 1874 178 77 emanet.
1920 1874 97 77 Et
1968 1874 113 77 hoc
2017 1874 129 77 trifa¬-

446 1926 125 76 riam
525 1926 156 76 munit:
634 1926 141 76 primo
728 1926 109 76 sic
790 1926 94 76 in
837 1926 156 76 valore
947 1926 266 76 argumentatur.
1166 1926 125 76 Vsus
1244 1926 125 76 siue
1322 1926 188 76 operatio
1463 1926 109 76 rei
1525 1926 109 76 est
1588 1926 250 76 praestantior
1791 1926 125 76 ipsa
1869 1926 235 76 possessione
2041 1926 94 76 siue

457 1974 168 77 habitu:
579 1974 92 77 at
625 1974 199 77 felicitas
778 1974 168 77 ponitur
900 1974 92 77 in
946 1974 260 77 sublimissimo,
1160 1974 168 77 proinde
1282 1974 153 77 opinio
1389 1974 153 77 ponens
1496 1974 229 77 felicitatem
1679 1974 92 77 in
1725 1974 122 77 actu
1802 1974 107 77 est
1863 1974 260 77 praestabilior
2062 1974 76 77 opi

463 2019 172 79 natione
589 2019 172 79 ponente
714 2019 110 79 eam
777 2019 94 79 in
824 2019 188 79 virtute.
964 2019 172 79 Secundo
1090 2019 125 79 sic,
1168 2019 125 79 stat
1246 2019 172 79 habitum
1372 2019 188 79 virtutis
1513 2019 110 79 non
1575 2019 188 79 exercere
1716 2019 172 79 aliquid
1841 2019 141 79 boni:
1935 2019 141 79 patet
2029 2019 94 79 in
2061 2019 78 79 dor

457 2071 169 74 miente.
579 2071 107 74 hoc
641 2071 92 74 in
687 2071 107 74 vsu
748 2071 138 74 fieri
840 2071 169 74 nequit,
963 2071 169 74 igitur.
1086 2071 153 74 Tertio
1193 2071 123 74 sic,
1270 2071 138 74 sicut
1362 2071 92 74 in
1408 2071 246 74 olympiadibus
1608 2071 107 74 non
1669 2071 92 74 ii
1715 2071 107 74 qui
1777 2071 123 74 sunt
1853 2071 261 74 elegantissima
2053 2071 92 74 for¬-

451 2122 115 60 ma,
516 2122 115 60 aut
582 2122 181 60 viribus
713 2122 279 60 pollentissimi
943 2122 246 60 coronantur.
1140 2122 115 60 sed
1206 2122 115 60 qui
1271 2122 181 60 certant
1402 2122 82 60 &
1435 2122 197 60 vincunt:
1583 2122 115 60 sic
1649 2122 115 60 non
1714 2122 115 60 qui
1780 2122 197 60 virtutem
1928 2122 181 60 habent,
2059 2122 115 60 sed

449 2161 127 73 qui
522 2161 218 73 secundum
685 2161 218 73 virtutem
849 2161 164 73 agunt
959 2161 109 73 in
1013 2161 146 73 vita
1104 2161 255 73 pulchrorum
1305 2161 91 73 &
1341 2161 255 73 honestorum
1541 2161 218 73 compotes
1705 2161 164 73 sunt,
1814 2161 91 73 &
1851 2161 200 73 praemia
1978 2161 164 73 sumunt,

450 2217 127 57 vnde
529 2217 159 57 inepte
641 2217 286 57 Altisiodorenm.
879 2217 190 57 virtutem
1021 2217 127 57 eius
1101 2217 143 57 actui
1196 2217 206 57 praefert.
1355 2217 190 57 Sequitur
1497 2217 95 57 in
1545 2217 175 57 litera.
1672 2217 111 57 Est
1735 2217 143 57 autem
1831 2217 79 57 &
1862 2217 127 57 vita
1942 2217 175 57 ipsorum
2053 2217 79 57 per

458 2253 91 65 se
503 2253 182 65 iucunda.
640 2253 106 65 Hic
701 2253 152 65 probat
807 2253 121 65 quod
883 2253 106 65 sua
943 2253 228 65 felicitatis
1125 2253 212 65 descriptio
1292 2253 167 65 quadrat
1414 2253 106 65 cum
1475 2253 197 65 positione
1626 2253 197 65 ponentium
1778 2253 228 65 felicitatem
1945 2253 182 65 consistere

455 2300 92 76 in
501 2300 169 76 virtute
624 2300 108 76 cum
685 2300 215 76 voluptate.
855 2300 123 76 Vult
932 2300 169 76 probare
1055 2300 123 76 quod
1132 2300 200 76 felicitas
1286 2300 108 76 non
1347 2300 108 76 est
1409 2300 123 76 sine
1486 2300 215 76 voluptate,
1655 2300 108 76 per
1717 2300 108 76 hoc
1778 2300 123 76 quod
1855 2300 185 76 operatio
1978 2300 154 76 virtutis

457 2355 111 69 non
520 2355 142 69 caret
615 2355 269 69 oblectamento,
837 2355 190 69 supponit
979 2355 142 69 tamen
1074 2355 126 69 quod
1153 2355 206 69 delectari
1311 2355 111 69 est
1374 2355 142 69 solum
1469 2355 221 69 animalium.
1643 2355 126 69 quia
1722 2355 174 69 ratione
1848 2355 158 69 animae
1943 2355 190 69 sensitiuae

453 2396 98 73 id
502 2396 196 73 conuenit
648 2396 179 73 alicui.
779 2396 179 73 plantae
909 2396 131 73 enim
991 2396 114 73 non
1056 2396 261 73 delectantur.
1268 2396 212 73 Vnicuique
1432 2396 131 73 enim
1513 2396 114 73 est
1578 2396 245 73 delectabile
1774 2396 131 73 quod
1856 2396 147 73 amat,
1954 2396 98 73 vt
1986 2396 147 73 equorum

460 2443 176 65 amatori
588 2443 144 65 equus
684 2443 112 65 est
747 2443 271 65 oblectamento.
971 2443 208 65 ldentidem
1130 2443 239 65 spectaculum
1322 2443 112 65 est
1386 2443 223 65 voluptati,
1561 2443 176 65 amatori
1689 2443 287 65 spectaculorum.
1929 2443 160 65 ltaque
2024 2443 112 65 iusta

446 2490 256 67 delectabilia
654 2490 128 67 sunt
734 2490 160 67 iusto:
846 2490 128 67 ergo
927 2490 128 67 opus
1007 2490 208 67 studiosum
1167 2490 112 67 est
1231 2490 240 67 delectabile
1423 2490 160 67 amanti
1535 2490 208 67 virtutem.
1695 2490 96 67 At
1744 2490 128 67 quae
1824 2490 144 67 vulgo
1920 2490 176 67 iucunda
2032 2490 96 67 sunt

449 2542 208 62 repugnant
609 2542 176 62 saepius
737 2542 144 62 inter
833 2542 112 62 se,
897 2542 96 62 eo
945 2542 128 62 quod
1025 2542 160 62 natura
1137 2542 144 62 talia
1233 2542 112 62 non
1297 2542 144 62 sunt,
1393 2542 112 62 sed
1457 2542 224 62 honestatis
1633 2542 224 62 amatoribus
1809 2542 176 62 iucunda
1937 2542 128 62 sunt
2001 2542 128 62 natura

451 2586 137 71 atque
542 2586 183 71 secundum
679 2586 91 71 se
725 2586 259 71 delectabilia:
938 2586 122 71 illa
1014 2586 137 71 autem
1106 2586 122 71 sunt
1182 2586 183 71 virtutis
1319 2586 244 71 operationes,
1517 2586 137 71 quare
1608 2586 76 71 &
1639 2586 107 71 his
1700 2586 137 71 ipsae
1791 2586 122 71 sunt
1867 2586 213 71 voluptati,
2019 2586 107 71 atque

450 2634 110 71 per
513 2634 172 71 seipsas
638 2634 204 71 iucundae,
795 2634 172 71 proinde
921 2634 172 71 ipsorum
1046 2634 125 71 vita
1125 2634 110 71 non
1187 2634 188 71 indiget:
1328 2634 204 71 voluptate
1485 2634 157 71 tanqui
1595 2634 157 71 aliqua
1705 2634 141 71 foris
1799 2634 78 71 &
1830 2634 235 71 extrinsecus
2003 2634 125 71 adiun¬-

448 2681 159 59 genda:
559 2681 111 59 sed
623 2681 95 59 in
671 2681 159 59 seipsa
782 2681 222 59 voluptatem
956 2681 207 59 continet.
1115 2681 207 59 Praeterea
1274 2681 111 59 nec
1338 2681 95 59 is
1385 2681 111 59 est
1449 2681 143 59 bonus
1544 2681 111 59 qui
1608 2681 143 59 bonis
1703 2681 222 59 actionibus
1878 2681 111 59 non
1925 2681 207 59 delectatur.

451 2703 109 82 hoc
514 2703 93 82 in
560 2703 187 82 iustitia
700 2703 93 82 in
747 2703 249 82 liberalitate
949 2703 78 82 &
980 2703 187 82 caeteris
1120 2703 202 82 declarat.
1276 2703 171 82 Insuper
1400 2703 233 82 operationes
1587 2703 187 82 secundum
1727 2703 187 82 virtutem
1867 2703 124 82 sunt
1944 2703 140 82 bonae
2038 2703 78 82 &
2053 2703 78 82 pul

447 2768 156 76 chrae.
556 2768 140 76 Primo
650 2768 156 76 maxime
758 2768 140 76 bonae
852 2768 78 76 &
883 2768 202 76 pulchrae:
1038 2768 93 76 si
1085 2768 202 76 studiosus
1241 2768 93 76 de
1287 2768 140 76 ipsis
1381 2768 156 76 rectum
1489 2768 156 76 affert
1598 2768 202 76 iudicium,
1754 2768 171 76 iudicat
1878 2768 140 76 recte
1971 2768 93 76 vt
2003 2768 124 76 dictum

450 2822 126 73 est:
529 2822 157 73 igitur
639 2822 204 73 felicitas
796 2822 110 73 est
858 2822 157 73 optima
968 2822 188 73 operatio
1110 2822 251 73 iucundissima
1314 2822 141 73 atque
1408 2822 251 73 pulcherrima.
1612 2822 94 73 Et
1659 2822 126 73 haec
1738 2822 126 73 tria
1816 2822 204 73 abinuicem
1973 2822 110 73 non
2020 2822 110 73 sepa¬-

437 2869 155 48 rantur
546 2869 93 48 vt
593 2869 171 48 habetur
717 2869 93 48 in
763 2869 171 48 deliaco
887 2869 186 48 carmine:
1027 2869 140 48 cuius
1120 2869 109 48 est
1182 2869 124 48 haec
1244 2869 186 48 sententia.

444 2912 162 70 Summe
552 2912 126 70 est
624 2912 216 70 pulchrum
785 2912 108 70 ex
839 2912 198 70 Astraea
983 2912 144 70 quod
1073 2912 216 70 gignitur
1216 2912 126 70 alma.

442 2956 153 66 Optima
549 2956 92 66 si
595 2956 153 66 valeas
703 2956 107 66 res
764 2956 123 66 est:
841 2956 123 66 quod
917 2956 184 66 quilibet
1040 2956 123 66 optat,

454 3002 153 67 Summe
556 3002 119 67 est
624 3002 204 67 iocundum
777 3002 102 67 si
827 3002 102 67 re
878 3002 204 67 potiaris
1014 3002 136 67 amata.

447 3049 99 76 In
496 3049 165 76 insula
611 3049 132 76 Delo
694 3049 132 76 erat
776 3049 181 76 templum
908 3049 231 76 Apollinis.
1089 3049 115 76 Est
1155 3049 148 76 autem
1254 3049 148 76 Delos
1353 3049 165 76 insula
1468 3049 99 76 in
1517 3049 165 76 aegaeo
1633 3049 148 76 mari,
1732 3049 165 76 omnium
1847 3049 198 76 cycladum
1979 3049 148 76 claris¬-

439 3099 146 68 sima.
536 3099 211 68 Apollinis
698 3099 178 68 alumna,
828 3099 162 68 templo
941 3099 81 68 &
973 3099 194 68 oraculo,
1119 3099 81 68 &
1152 3099 146 68 etiam
1249 3099 194 68 mercatu,
1395 3099 211 68 insignis.
1557 3099 130 68 Hinc
1638 3099 162 68 Apollo
1751 3099 162 68 delius
1865 3099 178 68 dicitur
1994 3099 81 68 &
2010 3099 130 68 delia¬-

452 3147 124 70 cus,
529 3147 93 70 vt
576 3147 93 70 in
622 3147 202 70 proposito
777 3147 171 70 deliaco
901 3147 186 70 carmine.
1041 3147 93 70 in
1087 3147 109 70 quo
1149 3147 124 70 haec
1227 3147 124 70 tria
1304 3147 264 70 diuidebantur,
1521 3147 140 70 virgo
1614 3147 155 70 astrea
1723 3147 109 70 pro
1785 3147 186 70 iustitia
1924 3147 186 70 ponitur,
2048 3147 93 70 vnde

446 3195 146 84 primo
543 3195 308 84 Metamorphoseos.
802 3195 162 84 Vltima
916 3195 211 84 caelestum
1078 3195 162 84 terras
1191 3195 162 84 astrea
1305 3195 211 84 reliquit.
1467 3195 178 84 Astreus
1596 3195 130 84 eius
1677 3195 146 84 pater
1775 3195 130 84 erat
1856 3195 259 84 iustissimus,
2050 3195 81 84 eam
