2354 3627
238 289 118 85 Qui
305 289 101 85 in
356 289 201 85 singulis
507 289 134 85 sunt
591 289 185 85 periti,
725 289 151 85 recte
826 289 218 85 iudicant,
994 289 168 85 quibus
1111 289 168 85 mediis
1229 289 84 85 &
1262 289 185 85 quomodo
1397 289 285 85 perficientur,
1632 289 84 85 &
1665 289 134 85 quae
1749 289 134 85 sint
1833 289 118 85 his
1884 289 50 85 &

242 353 142 54 illis
337 353 173 54 consona
463 353 284 54 comprehendunt.
699 353 221 54 Inexpertis
872 353 142 54 satis
967 353 110 54 est
1030 353 95 54 si
1077 353 110 54 eos
1140 353 110 54 non
1203 353 158 54 lateat
1314 353 95 54 an
1361 353 142 54 leges
1455 353 126 54 sint
1534 353 126 54 bene
1613 353 126 54 male
1692 353 95 54 ve
1723 353 205 54 institutae.

249 401 150 56 Multi
349 401 100 56 de
399 401 200 56 inuentis
550 401 133 56 bene
633 401 200 56 iudicant
783 401 117 56 qui
850 401 150 56 talia
950 401 200 56 inuenire
1100 401 217 56 nequeunt.
1267 401 150 56 Patet
1367 401 100 56 de
1417 401 234 56 carminibus
1601 401 184 56 affabre
1734 401 184 56 factis,
1851 401 67 56 de

250 452 211 56 picturis,
412 452 211 56 scriptura
574 452 81 56 &
606 452 194 56 caeteris
752 452 97 56 id
800 452 162 56 genus.
914 452 146 56 Leges
1011 452 146 56 autem
1108 452 130 56 sunt
1189 452 178 56 similes
1319 452 194 56 dperibus
1465 452 227 56 ciuilibus:
1643 452 178 56 quomodo
1772 452 130 56 ergo
1837 452 81 56 so¬-

250 500 210 48 phistarum
412 500 178 48 aliquis
541 500 226 48 legissator
719 500 162 48 fuerit
832 500 113 48 aut
897 500 162 48 quonam
1010 500 146 48 pacto
1107 500 113 48 eas
1172 500 129 48 quae
1253 500 129 48 sunt
1334 500 178 48 optimae
1463 500 291 48 diiudicauerit?
1706 500 146 48 Neque
1787 500 129 48 medici

239 544 126 52 boni
318 544 95 52 ex
365 544 158 52 libris
476 544 142 52 solum
571 544 158 52 fiunt,
681 544 174 52 tametsi
807 544 142 52 libri
902 544 126 52 ipsi
981 544 189 52 indicant
1123 544 110 52 non
1186 544 126 52 modo
1265 544 237 52 curationes,
1455 544 110 52 sed
1518 544 142 52 modum
1612 544 142 52 etiam
1707 544 110 52 quo
1754 544 174 52 aegrotan¬-

247 589 107 56 tes
308 589 122 56 suae
384 589 245 56 restituantur
583 589 229 56 valetudini:
766 589 76 56 &
797 589 92 56 de
843 589 153 56 habitu
950 589 138 56 etiam
1042 589 260 56 vniuscuiusque
1255 589 214 56 distincto,
1424 589 92 56 vt
1469 589 107 56 hoc
1531 589 138 56 pacto
1622 589 138 56 puer,
1714 589 122 56 illa
1790 589 107 56 via
1836 589 92 56 die¬-

241 636 110 50 rum
304 636 173 50 plenus:
430 636 110 50 sic
493 636 236 50 cholericus,
682 636 110 50 sic
745 636 268 50 melancholicus
965 636 205 50 curandeis
1122 636 157 50 venit.
1233 636 126 50 Haec
1311 636 142 50 autem
1406 636 142 50 omnia
1500 636 189 50 expertis
1642 636 126 50 sunt
1720 636 157 50 vtilia
1815 636 110 50 illis

239 682 131 50 vero
320 682 114 50 qui
386 682 245 50 experientia
582 682 163 50 vacant
696 682 212 50 inutilia:
860 682 180 50 oportet
990 682 180 50 medicos
1121 682 98 50 de
1170 682 278 50 occurrentibus
1399 682 196 50 interdum
1546 682 131 50 dare
1628 682 147 50 nouam
1710 682 212 50 sententiam.

239 728 174 64 Asimili
366 728 143 64 legum
461 728 222 64 publicarum
635 728 253 64 collectiones
841 728 111 64 his
904 728 111 64 qui
968 728 222 64 discernere
1142 728 158 64 valent
1253 728 174 64 quidnam
1380 728 143 64 recte
1475 728 95 64 se
1522 728 158 64 habeat
1633 728 111 64 aut
1696 728 206 64 ediuerso,
1839 728 79 64 con

243 777 160 55 ducere
355 777 193 55 possunt:
500 777 112 55 sed
564 777 112 55 qui
628 777 128 55 sine
708 777 257 55 experientiae
917 777 160 55 habitu
1029 777 241 55 huiuscemodi
1222 777 209 55 tractant,
1382 777 144 55 recte
1479 777 128 55 nisi
1559 777 193 55 fortuitu
1703 777 193 55 iudicare
1832 777 80 55 ne¬-

235 824 175 54 queunt,
362 824 191 54 tamentsi
505 824 143 54 nihil
600 824 143 54 vetat
696 824 111 54 eos
759 824 159 54 suapte
870 824 159 54 natura
981 824 95 54 ad
1029 824 95 54 ea
1077 824 191 54 capienda
1219 824 127 54 esse
1299 824 143 54 magis
1394 824 191 54 idoneos.
1537 824 159 54 Deinde
1648 824 143 54 dicit
1743 824 95 54 se
1791 824 95 54 de
1823 824 95 54 illo

231 871 174 50 amplius
358 871 301 50 determinaturum:
612 871 127 50 hunc
691 871 159 50 librum
802 871 111 50 cum
865 871 206 50 politicis
1024 871 95 50 in
1072 871 159 50 quibus
1183 871 127 50 hanc
1262 871 190 50 materiam
1405 871 270 50 pertractabit,
1627 871 238 50 continuans.
1801 871 111 50 Dicit

238 919 161 45 itaque
350 919 129 45 sic.
431 919 113 45 Cum
495 919 161 45 igitur
608 919 177 45 maiores
736 919 161 45 nostri
849 919 96 45 ea
897 919 129 45 quae
977 919 96 45 ad
1026 919 145 45 legum
1122 919 225 45 positiones
1299 919 193 45 attinent
1444 919 177 45 intacta
1572 919 241 45 reliquerit,
1749 919 161 45 nosipsos

234 964 129 56 illa
315 964 194 56 praestat
460 964 242 56 considerare
653 964 81 56 &
686 964 161 56 omnino
799 964 97 56 de
847 964 210 56 republica
1008 964 210 56 disserere
1170 964 81 56 &
1202 964 242 56 pertractare
1396 964 194 56 oportet,
1541 964 97 56 vt
1589 964 113 56 quo
1654 964 97 56 ad
1702 964 145 56 fieri
1783 964 129 56 potest

234 1015 99 50 ea
283 1015 247 50 philosophia
481 1015 231 50 compleatur
662 1015 132 50 quae
745 1015 148 50 circa
844 1015 115 50 res
910 1015 181 50 humanas
1042 1015 198 50 desudat.
1190 1015 181 50 Perinde
1322 1015 99 50 ac
1372 1015 99 50 si
1421 1015 198 50 diceret,
1570 1015 115 50 lam
1636 1015 115 50 cum
1702 1015 165 50 iunior
1801 1015 115 50 essem

243 1058 94 50 de
290 1058 188 50 naturali
431 1058 235 50 philosophia
619 1058 157 50 abunde
729 1058 188 50 scripsi:
869 1058 125 50 nunc
948 1058 94 50 de
995 1058 172 50 politia
1120 1058 78 50 &
1151 1058 94 50 in
1198 1058 157 50 primis
1308 1058 94 50 si
1355 1058 125 50 quid
1433 1058 141 50 recte
1527 1058 78 50 a
1558 1058 172 50 priscis
1683 1058 110 50 sit
1746 1058 157 50 dictum
1840 1058 78 50 hoc

239 1103 98 52 in
288 1103 164 52 medium
402 1103 180 52 conemur
533 1103 197 52 referre,
681 1103 98 52 vt
730 1103 180 52 secundo
861 1103 246 52 Politicorum
1057 1103 98 52 si
1107 1103 131 52 fata
1188 1103 164 52 sinant
1303 1103 197 52 dicemus.
1450 1103 115 52 Sic
1516 1103 98 52 in
1565 1103 229 52 sententias
1729 1103 180 52 theologus

243 1150 155 56 quiuis
352 1150 155 56 exacte
461 1150 186 56 scribens
601 1150 249 56 praecedentum
803 1150 124 56 bene
880 1150 155 56 dicta,
989 1150 124 56 suis
1067 1150 186 56 additis,
1206 1150 155 56 capit,
1315 1150 78 56 &
1346 1150 171 56 rationi
1471 1150 233 56 dissentanea
1657 1150 202 56 confutat.
1797 1150 124 56 Deinde

234 1192 159 62 inquit
346 1192 96 62 ex
393 1192 143 62 rerum
489 1192 223 62 publicarum
665 1192 223 62 collatione
840 1192 271 62 contemplandum
1063 1192 112 62 est
1127 1192 128 62 quae
1207 1192 128 62 sint
1286 1192 143 62 illa,
1382 1192 128 62 quae
1462 1192 207 62 ciuitatum
1621 1192 239 62 respublicas
1796 1192 112 62 euer¬-

240 1246 128 58 tunt
320 1246 272 58 conseruantve,
544 1246 80 58 &
576 1246 112 58 qua
640 1246 96 58 de
688 1246 144 58 causa
784 1246 144 58 aliae
880 1246 160 58 recte,
992 1246 144 58 aliae
1088 1246 128 58 vero
1168 1246 176 58 oblique
1296 1246 208 58 regantur.
1456 1246 112 58 His
1520 1246 128 58 enim
1600 1246 256 58 pensiculatis
1792 1246 128 58 cogno¬-

240 1288 173 60 uerimus
366 1288 173 60 quaenam
493 1288 142 60 rerum
587 1288 221 60 publicarum
761 1288 110 60 sit
824 1288 331 60 praestabilissima,
1108 1288 79 60 &
1139 1288 173 60 quomodo
1265 1288 221 60 vnaquaeque
1439 1288 221 60 respublica
1612 1288 237 60 constituta,
1802 1288 79 60 &
1817 1288 95 60 qui¬-

237 1337 120 61 bus
306 1337 189 61 legibus
443 1337 86 61 &
478 1337 189 61 moribus
615 1337 138 61 bene
701 1337 241 61 constituta
891 1337 189 61 fuerit.
1028 1337 189 61 Dicamus
1166 1337 172 61 igitur
1287 1337 120 61 hoc
1355 1337 172 61 sumpto
1476 1337 275 61 inchoamento,
1700 1337 120 61 ita
1768 1337 103 61 vt
1803 1337 103 61 haec

235 1385 111 49 sit
299 1385 239 49 Politicorum
490 1385 223 49 praefatio.
665 1385 127 49 vnde
745 1385 175 49 constat
872 1385 207 49 politicos
1031 1385 159 49 libros
1143 1385 143 49 hosce
1222 1385 223 49 annectendos.

243 1428 82 64 ⁋
275 1428 212 64 Dubitatur
439 1428 114 64 hic
504 1428 163 64 primo,
618 1428 114 64 qui
684 1428 131 64 sint
765 1428 131 64 isti
847 1428 212 64 fortunati
1010 1428 114 64 per
1076 1428 163 64 causam
1190 1428 196 64 diuinam.
1337 1428 196 64 Secundo,
1484 1428 180 64 quomodo
1615 1428 163 64 dicat,
1729 1428 131 64 quod
1795 1428 114 64 verba

230 1476 119 54 non
298 1476 170 54 habent
417 1476 102 54 in
468 1476 187 54 omnibus
604 1476 170 54 vires,
723 1476 119 54 sed
791 1476 136 54 opus
876 1476 119 54 est
944 1476 221 54 auditoris
1114 1476 170 54 animum
1233 1476 153 54 antea
1335 1476 187 54 moribus
1471 1476 136 54 esse
1556 1476 187 54 cultum:
1692 1476 187 54 videtur
1811 1476 102 54 enim

234 1523 111 60 sic
298 1523 127 60 quod
377 1523 191 60 virtutes
520 1523 127 60 sint
600 1523 127 60 ante
679 1523 191 60 virtutes
823 1523 207 60 habendae.
982 1523 175 60 Tertio,
1109 1523 175 60 iuuenes
1236 1523 111 60 non
1300 1523 127 60 sunt
1379 1523 175 60 cogendi
1506 1523 95 60 ad
1554 1523 239 60 probitatem:
1745 1523 111 60 per
1793 1523 111 60 tales

241 1569 140 56 enim
329 1569 158 56 actus
434 1569 123 56 non
504 1569 228 56 merentur,
680 1569 140 56 quia
767 1569 245 56 quodammodo
960 1569 123 56 eos
1030 1569 175 56 inuiti
1153 1569 210 56 faciunt.
1311 1569 193 56 Quarto,
1451 1569 123 56 cur
1521 1569 175 56 citius
1644 1569 193 56 iuuenes
1784 1569 88 56 &
1802 1569 105 56 pro¬-

234 1615 158 58 uectae
345 1615 173 58 aetatis
471 1615 173 58 homines
597 1615 237 58 difficilius
786 1615 79 58 a
818 1615 126 58 malo
897 1615 221 58 arceantur.
1070 1615 79 58 ⁋
1102 1615 95 58 Ad
1149 1615 158 58 primum
1259 1615 189 58 dicitur,
1401 1615 126 58 quod
1480 1615 158 58 aliqui
1591 1615 158 58 habent
1701 1615 189 58 aspectus
1827 1615 79 58 sy¬-

239 1661 153 59 derum
341 1661 221 59 beneuolos
511 1661 119 59 suo
579 1661 238 59 horoscopo,
766 1661 102 59 in
817 1661 170 59 quibus
936 1661 119 59 est
1004 1661 238 59 inclinatio
1191 1661 153 59 magna
1293 1661 102 59 ad
1344 1661 255 59 probitatem,
1548 1661 170 59 aliqui
1667 1661 170 59 contra
1786 1661 102 59 ad
1820 1661 85 59 te¬-

241 1706 116 59 tra
308 1706 149 59 vitia
407 1706 265 59 inclinantes.
622 1706 182 59 Priorem
754 1706 281 59 inclinationem
986 1706 198 59 occultam
1135 1706 182 59 diuinam
1267 1706 149 59 vocat
1366 1706 265 59 philosophus.
1581 1706 132 59 Deus
1664 1706 149 59 talem
1747 1706 165 59 inclina¬-

239 1752 154 64 tionem
347 1752 201 64 aliquibus
501 1752 124 64 dare
578 1752 170 64 potest,
702 1752 124 64 sine
779 1752 170 64 occursu
902 1752 185 64 causarum
1041 1752 232 64 secundarum.
1227 1752 124 64 Isti
1304 1752 185 64 facilius
1443 1752 124 64 bene
1520 1752 139 64 agunt
1613 1752 124 64 quam
1690 1752 139 64 alii:
1767 1752 139 64 possunt

238 1808 145 50 tamen
335 1808 242 50 transgredi.
528 1808 113 50 Sic
593 1808 81 50 &
625 1808 193 50 vitiorum
770 1808 193 50 colluuie
915 1808 193 50 irretiti
1060 1808 177 50 possunt
1189 1808 97 50 ad
1237 1808 193 50 virtutem
1382 1808 226 50 prouocari,
1560 1808 113 50 sed
1624 1808 161 50 rarius
1737 1808 97 50 id
1769 1808 97 50 fit.

242 1848 80 58 ⁋
274 1848 96 58 Ad
322 1848 192 58 secundam
466 1848 256 58 dubitationem
674 1848 256 58 respondetur,
882 1848 128 58 quod
962 1848 176 58 remissi
1090 1848 176 58 habitus
1218 1848 192 58 virtutum
1362 1848 112 58 qui
1426 1848 112 58 non
1490 1848 160 58 multum
1602 1848 240 58 pronificant
1794 1848 96 58 ad
1826 1848 80 58 bo¬-

236 1894 133 62 num,
319 1894 133 62 sunt
402 1894 282 62 dispositiones
634 1894 99 62 ad
684 1894 199 62 virtutem
833 1894 83 62 &
866 1894 149 62 etiam
966 1894 99 62 re
1016 1894 133 62 ipsa
1099 1894 216 62 virtutes,
1264 1894 149 62 etiam
1364 1894 99 62 si
1414 1894 166 62 inuite
1530 1894 133 62 boni
1613 1894 182 62 habitus
1745 1894 99 62 in
1778 1894 133 62 pueris

233 1943 233 60 generentur
416 1943 100 60 ab
466 1943 183 60 actibus
599 1943 116 60 non
665 1943 116 60 sua
732 1943 166 60 sponte
848 1943 183 60 factis,
981 1943 133 60 tunc
1064 1943 150 60 erunt
1164 1943 150 60 proni
1264 1943 100 60 ad
1314 1943 199 60 virtutes
1463 1943 83 60 &
1497 1943 133 60 bene
1580 1943 216 60 dispositi
1746 1943 100 60 ad
1796 1943 133 60 eas:
1862 1943 50 60 &

243 1993 121 56 hoc
312 1993 173 56 innuit
433 1993 191 56 dicens,
572 1993 156 56 Mores
676 1993 173 56 igitur
797 1993 243 56 praecedant
988 1993 173 56 aliquo
1109 1993 139 56 modo
1196 1993 191 56 virtuti
1334 1993 243 56 familiares
1525 1993 208 56 oportet.
1681 1993 87 56 ⁋
1715 1993 104 56 Ad
1750 1993 156 56 tertium

239 2037 197 62 dicitur,
386 2037 131 62 quod
468 2037 147 62 licet
566 2037 115 62 non
632 2037 213 62 mereantur
795 2037 115 62 pro
861 2037 197 62 tempore,
1008 2037 213 62 disponunt
1172 2037 147 62 tamen
1270 2037 115 62 sua
1336 2037 197 62 subiecta
1483 2037 98 62 ad
1532 2037 164 62 bonum:
1647 2037 82 62 &
1680 2037 131 62 tunc
1762 2037 115 62 non
1811 2037 98 62 erit

231 2085 112 56 eis
295 2085 208 56 difficile
455 2085 112 56 sua
518 2085 160 56 sponte
630 2085 96 56 in
678 2085 144 56 bonum
774 2085 160 56 exire.
885 2085 80 56 ⁋
917 2085 96 56 Ad
965 2085 176 56 quartum
1093 2085 192 56 dicitur,
1237 2085 128 56 quod
1316 2085 176 56 sanguis
1444 2085 80 56 &
1476 2085 128 56 alii
1556 2085 176 56 humores
1684 2085 192 56 puerorum
1811 2085 96 56 sen¬-

228 2128 117 56 sus
295 2128 217 56 titillant
462 2128 83 56 &
495 2128 100 56 ad
545 2128 217 56 libidinem
711 2128 233 56 prouocant:
895 2128 133 56 sunt
978 2128 133 56 enim
1061 2128 250 56 imprudentes
1261 2128 167 56 adhuc,
1378 2128 117 56 nec
1444 2128 183 56 dedecus
1578 2128 100 56 in
1627 2128 183 56 talibus
1744 2128 150 56 timent.

239 2176 197 56 Opposita
386 2176 181 56 istorum
518 2176 115 56 vsu
583 2176 181 56 veniunt
715 2176 99 56 in
764 2176 230 56 prouectis,
945 2176 148 56 sorde
1043 2176 115 56 non
1092 2176 181 56 infectis.

237 2201 89 81 ⁋
273 2201 177 81 Quinto
397 2201 248 81 dubitatur,
592 2201 124 81 cur
663 2201 248 81 hebetiores
858 2201 124 81 non
929 2201 124 81 ita
1000 2201 248 81 sermonibus
1195 2201 160 81 sicut
1302 2201 231 81 ingeniosi
1479 2201 106 81 ad
1532 2201 160 81 bonum
1621 2201 213 81 trahuntur.

242 2268 79 59 ⁋
274 2268 222 59 Responsio,
448 2268 143 59 causa
543 2268 127 59 est,
622 2268 127 59 quia
702 2268 111 59 cum
765 2268 174 59 hebetes
892 2268 143 59 sint,
987 2268 111 59 non
1050 2268 111 59 ita
1114 2268 143 59 verba
1209 2268 95 59 in
1256 2268 143 59 eorum
1351 2268 174 59 auribus
1478 2268 158 59 cordis
1589 2268 269 59 instillantur.
1795 2268 111 59 Actus

232 2318 134 51 enim
316 2318 218 51 actiuorum
484 2318 134 51 sunt
568 2318 101 51 in
619 2318 202 51 patiente
770 2318 84 51 &
803 2318 235 51 disposito.
988 2318 185 51 secundo
1122 2318 101 51 de
1173 2318 168 51 anima.
1290 2318 101 51 Et
1341 2318 235 51 communiter
1526 2318 185 51 hebetes
1660 2318 134 51 sunt
1744 2318 151 51 aliis
1828 2318 84 51 mo¬-

224 2364 145 60 ribus
321 2364 242 60 deteriores:
514 2364 129 60 sunt
595 2364 129 60 enim
676 2364 145 60 sicut
772 2364 177 60 aspides
902 2364 161 60 surdae
1015 2364 226 60 obturantes
1192 2364 145 60 aures
1289 2364 145 60 suas.
1386 2364 145 60 Aspis
1482 2364 97 60 vt
1531 2364 113 60 non
1595 2364 177 60 audiat,
1725 2364 129 60 vnam
1789 2364 113 60 autem

223 2411 103 65 in
274 2411 172 65 terram
395 2411 172 65 ponit,
516 2411 103 65 in
567 2411 207 65 reliquam
722 2411 172 65 caudam
843 2411 207 65 imponit.
998 2411 155 65 Rudes
1101 2411 207 65 sordibus
1256 2411 207 65 irretiti
1411 2411 207 65 terrenis
1566 2411 276 65 implicantur,
1773 2411 138 65 sicque

236 2456 110 58 eis
299 2456 110 58 vna
362 2456 142 58 auris
456 2456 220 58 clauditur,
629 2456 79 58 &
661 2456 94 58 in
708 2456 173 58 alteram
834 2456 157 58 caudam
944 2456 173 58 ponunt,
1070 2456 189 58 scilicet
1211 2456 126 58 spem
1290 2456 157 58 longae
1400 2456 142 58 vitae
1494 2456 220 58 cogitantes
1667 2456 204 58 finaliter
1809 2456 94 58 pro¬-

239 2500 188 55 bitatem
376 2500 256 55 indepturos,
580 2500 85 55 &
615 2500 120 55 sic
683 2500 188 55 alteram
819 2500 154 55 aurem
922 2500 205 55 obturat.
1075 2500 171 55 Contra
1195 2500 120 55 hoc
1263 2500 171 55 clamat
1383 2500 239 55 scriptura,
1571 2500 154 55 Hodie
1673 2500 102 55 si
1724 2500 154 55 vocem
1810 2500 102 55 eius

230 2550 245 49 audieritis,
426 2550 196 49 scilicet
573 2550 278 49 concionantis,
802 2550 164 49 nolite
916 2550 196 49 obdurare
1064 2550 147 49 corda
1162 2550 180 49 vestra.
1293 2550 213 49 Salutaris
1456 2550 180 49 monitio
1587 2550 98 49 in
1636 2550 180 49 auribus
1750 2550 164 49 ingenio¬-

234 2597 144 64 sorum
330 2597 112 64 est
394 2597 176 64 dulcis.
522 2597 144 64 luxta
618 2597 144 64 illud
714 2597 192 64 Cantico.
858 2597 96 64 x.
906 2597 144 64 Sonet
1002 2597 112 64 vox
1066 2597 112 64 tua
1129 2597 96 64 in
1177 2597 176 64 auribus
1305 2597 144 64 meis:
1401 2597 112 64 uox
1465 2597 128 64 enim
1545 2597 112 64 tua
1609 2597 176 64 dulcis.
1721 2597 176 64 Experien¬-

227 2646 111 67 tia
291 2646 159 67 didici
402 2646 95 67 me
449 2646 143 67 posse
544 2646 143 67 mente
640 2646 206 67 pollentes
798 2646 159 67 facile
909 2646 190 67 inuitare
1052 2646 95 67 ad
1100 2646 159 67 bonum:
1211 2646 254 67 difficillime
1417 2646 127 67 vero
1496 2646 206 67 rudiores,
1655 2646 111 67 hoc
1719 2646 143 67 inter
1798 2646 111 67 scho¬-

229 2689 216 58 lasticos
391 2689 126 58 cum
463 2689 180 58 quibus
589 2689 216 58 plurimum
752 2689 216 58 versatus
914 2689 144 58 sum,
986 2689 180 58 cognoui.

237 2723 84 76 ⁋
271 2723 219 76 Dubitatur
439 2723 185 76 vltimo,
573 2723 134 76 quis
657 2723 118 76 sit
725 2723 151 76 bonus
825 2723 252 76 legissator.
1027 2723 269 76 Respondetur,
1246 2723 168 76 Solers
1363 2723 118 76 qui
1431 2723 168 76 multas
1548 2723 202 76 publicas
1699 2723 151 76 leges
1784 2723 134 76 nouit,

236 2786 189 49 maturus
373 2786 154 49 aeui,
476 2786 120 49 qui
545 2786 223 49 insudauit
716 2786 103 49 in
768 2786 206 49 regimine
922 2786 189 49 populi,
1059 2786 86 49 &
1094 2786 274 49 authoritatem
1317 2786 103 49 in
1368 2786 172 49 populo
1488 2786 172 49 habet.
1608 2786 103 49 Et
1660 2786 120 49 qui
1711 2786 206 49 authorita¬-

235 2832 117 54 tem
302 2832 168 54 habens
420 2832 218 54 peritorum
587 2832 201 54 consilio
738 2832 218 54 innititur
905 2832 84 54 &
939 2832 117 54 ope
1006 2832 218 54 fulcitur.
1173 2832 117 54 Sic
1240 2832 84 54 a
1274 2832 235 54 lustiniano
1458 2832 184 54 mediate
1592 2832 151 54 latae
1693 2832 134 54 sunt
1760 2832 117 54 leges

220 2878 191 58 Peritis
358 2878 139 58 enim
445 2878 156 58 curam
549 2878 156 58 legum
654 2878 295 58 componendarum
896 2878 208 58 tribuit,
1053 2878 243 58 inualidare
1244 2878 174 58 iubens
1365 2878 191 58 dissona
1504 2878 87 58 &
1539 2878 226 58 stabilire
1712 2878 174 58 rectas
1816 2878 87 58 no¬-

229 2925 108 62 ua
283 2925 217 62 secundum
446 2925 181 62 populi
572 2925 253 62 vtilitatem
771 2925 217 62 sancire.
933 2925 217 62 Hactenus
1096 2925 108 62 de
1150 2925 199 62 humanis
1294 2925 217 62 legibus.
1457 2925 217 62 Reliquum
1619 2925 126 62 est
1691 2925 144 62 deum
1764 2925 144 62 sedulo

227 2978 188 65 precari
364 2978 103 65 vt
415 2978 154 65 nobis
518 2978 120 65 sua
586 2978 240 65 clementia,
775 2978 205 65 speciale
929 2978 240 65 praesidium
1117 2978 222 65 conferat,
1288 2978 205 65 quatinus
1442 2978 137 65 eius
1528 2978 205 65 mandata,
1682 2978 240 65 monitiones
1853 2978 51 65 &

231 3020 201 58 consilia
382 3020 151 58 citra
483 3020 151 58 fucum
584 3020 201 58 illibate
735 3020 218 58 seruemus,
903 3020 101 58 vt
953 3020 168 58 tandem
1071 3020 168 58 finali
1188 3020 252 58 beatitudine
1373 3020 218 58 perfruamur.

378 3108 170 91 Finis
492 3108 340 91 Commentariorum
775 3108 208 91 Ioannis
926 3108 208 91 Maloris
1078 3108 284 91 Parisiensis
1305 3108 246 91 Theologi,
1494 3108 284 91 Impressorum
1702 3108 132 91 prelo

368 3167 255 71 Ascensiano
568 3167 219 71 Impensis
733 3167 219 71 eiusdem,
897 3167 91 71 &
933 3167 201 71 Ioannis
1079 3167 182 71 Parui.
1207 3167 182 71 Pridie
1335 3167 164 71 Nonas
1444 3167 201 71 lunias.
1590 3167 109 71 M.
1645 3167 109 71 D.
1682 3167 109 71 XXX.
