2502 3600
440 281 251 93 sibiipsis,
637 281 125 93 aut
709 281 269 93 charissimis
924 281 161 93 aliud
1031 281 161 93 magis
1138 281 233 93 optassent
1317 281 143 93 quam
1407 281 161 93 talia
1514 281 179 93 posse.
1640 281 125 93 Non
1711 281 161 93 tamen
1819 281 161 93 parum
1908 281 233 93 experientia

460 363 212 63 conferre
619 363 212 63 videtur:
778 363 124 63 non
849 363 141 63 enim
937 363 194 63 fierent
1079 363 124 63 per
1149 363 194 63 ciuilem
1291 363 300 63 consuetudinem
1538 363 106 63 ad
1591 363 265 63 gubernandum
1803 363 265 63 rempublicam
1998 363 141 63 aptio¬-

464 417 141 55 res.
553 417 248 55 Quapropter
747 417 124 55 iis
818 417 124 55 qui
889 417 106 55 de
942 417 106 55 re
995 417 177 55 ciuili
1119 417 194 55 cupiunt
1260 417 177 55 scire:
1384 417 265 55 experientia
1596 417 194 55 insuper
1737 417 141 55 opus
1826 417 141 55 esse
1914 417 212 55 videtur.
2056 417 88 55 So¬-

460 467 240 68 phistarum
644 467 166 68 autem
754 467 111 68 ii
810 467 129 68 qui
884 467 258 68 facultatem
1086 467 147 68 hanc
1178 467 295 68 profitentur:
1418 467 166 68 longe
1529 467 184 68 abesse
1658 467 92 68 a
1695 467 221 68 tradenda
1861 467 147 68 ipsa
1934 467 203 68 videntur.

460 535 163 69 Neque
569 535 145 69 enim
659 535 163 69 quale
768 535 145 69 quid
859 535 145 69 est,
949 535 163 69 neque
1058 535 163 69 circa
1167 535 145 69 quae
1258 535 218 69 versatur
1421 535 181 69 omnino
1548 535 199 69 sciunt.
1693 535 127 69 Non
1765 535 145 69 enim
1856 535 181 69 ipsam,
1983 535 91 69 &
2001 535 145 69 orato¬-

459 580 137 78 riam
544 580 240 78 facultatem
733 580 137 78 idem
818 580 154 78 neque
921 580 240 78 inferiorem
1109 580 222 78 ponerent,
1280 580 257 78 congregatis
1486 580 120 78 iis
1554 580 188 78 legibus
1691 580 137 78 quae
1777 580 137 78 sunt
1862 580 222 78 probatae.
2016 580 120 78 Fieri

451 647 142 66 enim
540 647 160 66 posse
646 647 195 66 dicunt,
788 647 106 66 vt
842 647 177 66 optime
966 647 266 66 deligantur.
1179 647 195 66 proinde
1321 647 160 66 quasi
1427 647 213 66 delectio
1587 647 124 66 non
1658 647 160 66 esset
1764 647 284 66 sagacitatis,
1995 647 89 66 &
2013 647 124 66 iudi¬-

463 696 139 72 care
549 696 156 72 recte
654 696 121 72 non
723 696 156 72 esset
827 696 208 72 maximum,
983 696 104 72 vt
1035 696 104 72 in
1087 696 208 72 musicis.
1244 696 121 72 Qui
1313 696 174 72 namque
1434 696 139 72 sunt
1521 696 104 72 in
1573 696 208 72 singulis
1730 696 191 72 experti
1868 696 156 72 recte
1972 696 156 72 opera
2059 696 87 72 iu¬-

452 752 195 69 dicant,
594 752 89 69 &
630 752 178 69 quibus
754 752 124 69 aut
825 752 195 69 quomodo
967 752 302 69 perficiuntur,
1216 752 89 69 &
1252 752 142 69 quae
1341 752 160 69 sunt.
1447 752 124 69 his
1518 752 195 69 consona
1660 752 320 69 comprehendunt.
1927 752 107 69 In
1962 752 178 69 expertis

451 806 152 76 autem
552 806 152 76 satis
653 806 135 76 est,
738 806 101 76 si
788 806 118 76 non
856 806 168 76 lateat
973 806 152 76 ipsos
1075 806 152 76 vtrum
1176 806 135 76 bene
1260 806 101 76 an
1310 806 135 76 male
1395 806 168 76 factum
1513 806 118 76 sit
1580 806 152 76 opus,
1681 806 101 76 vt
1732 806 101 76 in
1782 806 202 76 pictura.
1934 806 152 76 Leges
2018 806 118 76 autem

452 867 209 71 operibus
608 867 191 71 similes
747 867 226 71 ciuilibus
921 867 156 71 sunt.
1025 867 174 71 Quonam
1147 867 174 71 igitur
1268 867 156 71 pacto
1373 867 209 71 quispiam
1529 867 104 71 ex
1581 867 122 71 his
1651 867 156 71 legum
1755 867 174 71 fuerit
1876 867 174 71 lator,
1998 867 122 71 aut
2050 867 87 71 eas

458 921 145 69 quae
548 921 145 69 sunt
639 921 181 69 optime
765 921 289 69 iudicauerit?
1000 921 163 69 Neque
1108 921 145 69 enim
1199 921 181 69 medici
1325 921 217 69 videntur
1488 921 108 69 ex
1542 921 181 69 libris
1668 921 181 69 fieri:
1795 921 90 69 &
1831 921 163 69 tamen
1939 921 181 69 dicere
2048 921 90 69 co¬-

447 982 183 59 nantur
575 982 128 59 non
648 982 164 59 solum
757 982 274 59 curationes,
977 982 128 59 sed
1050 982 164 59 etiam
1159 982 274 59 aegrotantes
1379 982 183 59 curari
1506 982 183 59 posse:
1634 982 110 59 Et
1689 982 110 59 vt
1744 982 183 59 curare
1872 982 201 59 oportet
2000 982 146 59 habitu

458 1031 293 70 vniuscuiusque
699 1031 241 70 distincto.
888 1031 138 70 Haec
975 1031 155 70 autem
1078 1031 207 70 expertis
1233 1031 172 70 quidem
1354 1031 189 70 vtilia,
1491 1031 121 70 iis
1560 1031 138 70 vero
1646 1031 121 70 qui
1715 1031 207 70 scientia
1870 1031 172 70 carent
1974 1031 172 70 inutilia

446 1090 139 75 esse
532 1090 226 75 videntur.
706 1090 104 75 Et
758 1090 156 75 legum
862 1090 174 75 igitur
984 1090 208 75 forsitan
1140 1090 87 75 &
1174 1090 156 75 rerum
1278 1090 243 75 publicarum
1469 1090 330 75 congregationes,
1747 1090 121 75 iis
1816 1090 174 75 quidem
1938 1090 121 75 qui
1990 1090 156 75 prospi¬-

441 1143 143 85 cere
530 1143 160 85 atque
637 1143 250 85 discernere
833 1143 196 85 possunt
976 1143 196 85 quidnam
1119 1143 160 85 recte
1226 1143 143 85 sese
1315 1143 178 85 habet,
1440 1143 125 85 vel
1511 1143 196 85 contra,
1654 1143 125 85 aut
1725 1143 143 85 quae
1814 1143 178 85 quibus
1921 1143 232 85 accommodan¬-

457 1207 135 70 tur:
542 1207 169 70 vtiles
660 1207 135 70 esse
744 1207 203 70 possunt?
896 1207 118 70 sed
963 1207 101 70 ii
1014 1207 118 70 qui
1082 1207 135 70 sine
1166 1207 169 70 habitu
1284 1207 152 70 talia
1385 1207 219 70 tractant,
1554 1207 152 70 recte
1656 1207 169 70 quidem
1774 1207 203 70 iudicare
1926 1207 118 70 non
1976 1207 169 70 possunt,

448 1264 143 63 nisi
538 1264 232 63 fortuitu,
716 1264 161 63 magis
824 1264 161 63 autem
931 1264 107 63 ad
985 1264 107 63 ea
1038 1264 322 63 comprehendenda
1307 1264 215 63 fortasse
1467 1264 197 63 fuerint
1611 1264 161 63 apti.
1718 1264 125 63 Cum
1789 1264 179 63 igitur
1915 1264 179 63 nostri
2022 1264 125 63 maio¬-

444 1324 123 59 res
515 1324 105 59 ea
567 1324 140 59 quae
655 1324 105 59 ad
708 1324 246 59 facultatem
901 1324 246 59 ferendarum
1094 1324 158 59 legum
1199 1324 263 59 pertinerent
1410 1324 140 59 sine
1498 1324 316 59 perscrutatione
1761 1324 281 59 reliquerint,
1971 1324 176 59 nosipsos

451 1372 144 76 illa
541 1372 216 76 fortasse
703 1372 216 76 praestat
866 1372 289 76 considerare,
1100 1372 90 76 &
1136 1372 180 76 omnino
1262 1372 108 76 de
1317 1372 234 76 republica
1497 1372 270 76 pertractare
1713 1372 216 76 oportet,
1876 1372 108 76 vt
1930 1372 162 76 quoad
2020 1372 126 76 fieri

439 1430 194 72 potest,
581 1430 106 72 ea
634 1430 265 72 philosophia
845 1430 283 72 perficiatur,
1075 1430 141 72 quae
1163 1430 159 72 circa
1269 1430 124 72 res
1340 1430 194 72 humanas
1481 1430 230 72 versatur.
1658 1430 177 72 Primum
1781 1430 177 72 itaque
1905 1430 106 72 si
1958 1430 141 72 quid
2028 1430 124 72 recte

451 1485 123 66 sit
522 1485 88 66 a
557 1485 229 66 maioribus
733 1485 194 66 dictum,
874 1485 106 66 id
927 1485 211 66 enitamur
1086 1485 247 66 recensere.
1280 1485 176 66 Deinde
1403 1485 106 66 ex
1456 1485 264 66 congregatis
1667 1485 159 66 rebus
1773 1485 211 66 publicis
1914 1485 229 66 considerare

451 1538 191 64 quaenam
590 1538 226 64 ciuitates
764 1538 87 64 &
798 1538 157 64 rerum
903 1538 243 64 publicarum
1094 1538 209 64 singulas
1251 1538 226 64 euertunt,
1425 1538 157 64 atque
1529 1538 261 64 conseruant.
1738 1538 104 64 Et
1790 1538 139 64 quas
1877 1538 104 64 ob
1929 1538 174 64 causas
2033 1538 122 64 aliae

441 1597 164 65 recte
550 1597 291 65 gubernantur,
786 1597 164 65 aliae
895 1597 200 65 contra.
1041 1597 127 65 His
1114 1597 145 65 enim
1204 1597 273 65 perspectis,
1423 1597 164 65 magis
1532 1597 218 65 fortasse
1695 1597 291 65 perceperimus
1932 1597 200 65 quaenam
2059 1597 91 65 sit

434 1657 270 82 respublica
646 1657 212 82 optima,
800 1657 96 82 &
838 1657 212 82 quomodo
992 1657 270 82 vnaquaeque
1204 1657 250 82 disposita
1396 1657 231 82 quibusue
1570 1657 212 82 legibus
1724 1657 173 82 vtens
1839 1657 116 82 ac
1897 1657 212 82 moribus
2032 1657 116 82 bene

449 1702 194 83 fuerit
585 1702 292 83 constituta.
818 1702 214 83 Dicamus
973 1702 194 83 igitur
1109 1702 155 83 hinc
1206 1702 194 83 initio
1323 1702 175 83 sumpto.

917 1777 273 106 Ethicorum
1127 1777 315 106 Aristotelis
1358 1777 168 106 Finis.

454 1909 76 70 ⁋
484 1909 183 70 Sequitur
621 1909 168 70 litera.
743 1909 122 70 Haec
820 1909 107 70 cum
881 1909 107 70 ita
942 1909 137 70 sint,
1033 1909 91 70 vt
1079 1909 122 70 nemo
1155 1909 122 70 nisi
1231 1909 152 70 sciens
1338 1909 152 70 possit
1445 1909 122 70 esse
1521 1909 229 70 legislator.
1704 1909 168 70 Quoniam
1826 1909 183 70 originem
1948 1909 198 70 felicitatis

453 1971 154 55 posuit
560 1971 138 55 legis
652 1971 184 55 latorem,
791 1971 184 55 inquirit
929 1971 108 55 qua
990 1971 108 55 via
1052 1971 184 55 quispiam
1190 1971 123 55 fiet
1267 1971 169 55 peritus
1389 1971 230 55 legissator.
1574 1971 230 55 Conducibile
1758 1971 108 55 est
1819 1971 123 55 post
1881 1971 261 55 determinationem

444 2021 94 53 de
491 2021 173 53 moribus
617 2021 157 53 videre
728 2021 157 53 quanam
838 2021 110 53 via
901 2021 189 53 quispiam
1043 2021 220 53 legistator
1216 2021 173 53 euadere
1342 2021 173 53 possit.
1468 2021 94 53 An
1515 2021 94 53 ab
1562 2021 110 53 his
1625 2021 110 53 qui
1688 2021 236 53 rempublicam
1877 2021 220 53 gubernant,
2035 2021 110 53 quen¬-

448 2063 174 47 admodum
574 2063 95 47 in
622 2063 189 47 caeteris
764 2063 252 47 facultatibus
969 2063 95 47 in
1016 2063 110 47 vsu
1079 2063 126 47 est,
1158 2063 126 47 quia
1237 2063 142 47 legum
1332 2063 221 47 ferendarum
1505 2063 189 47 facultas
1647 2063 189 47 politiae
1789 2063 126 47 pars
1868 2063 126 47 est.
1947 2063 95 47 An
1994 2063 110 47 non
2042 2063 110 47 simi¬-

446 2110 128 58 liter
531 2110 85 58 in
574 2110 142 58 ciuili
674 2110 71 58 &
702 2110 85 58 in
745 2110 171 58 caeteris
873 2110 185 58 scientiis
1015 2110 114 58 fit.
1086 2110 100 58 Nam
1143 2110 85 58 in
1186 2110 128 58 aliis
1271 2110 157 58 artibus
1385 2110 114 58 idem
1456 2110 128 58 artem
1542 2110 142 58 tradit
1642 2110 71 58 &
1670 2110 100 58 per
1727 2110 100 58 eam
1784 2110 185 58 operatur.
1926 2110 185 58 Inductiue
2054 2110 100 58 illud

449 2159 106 58 est
509 2159 197 58 liquidum,
661 2159 91 58 de
706 2159 227 58 pictoribus,
888 2159 182 58 medicis,
1024 2159 182 58 scribis,
1161 2159 257 58 calcificibus,
1373 2159 227 58 vestiariis,
1554 2159 76 58 &
1585 2159 167 58 denique
1706 2159 91 58 de
1751 2159 182 58 omnibus,
1888 2159 91 58 at
1918 2159 227 58 gubernandarum

433 2206 137 57 rerum
524 2206 213 57 publicarum
691 2206 137 57 artem
783 2206 198 57 sophistae
935 2206 243 57 profitentur,
1133 2206 152 57 quorum
1239 2206 152 57 nullus
1346 2206 228 57 rempublicam
1528 2206 213 57 moderatur.
1696 2206 198 57 Sophistes
1848 2206 107 57 non
1909 2206 167 57 capitur
2030 2206 107 57 hic
2076 2206 76 57 pro

451 2251 197 59 callente
598 2251 246 59 sophismata,
795 2251 82 59 &
828 2251 115 59 pro
893 2251 246 59 cauillatore
1090 2251 197 59 sophiae,
1237 2251 115 59 sed
1303 2251 115 59 pro
1368 2251 213 59 apparente
1532 2251 82 59 &
1565 2251 115 59 non
1631 2251 213 59 existente
1794 2251 213 59 sapiente.
1958 2251 164 59 sophia
2057 2251 98 59 enim

440 2297 204 57 sapientia
597 2297 78 57 &
628 2297 141 57 sophi
722 2297 219 57 sapientes.
894 2297 219 57 philosophi
1067 2297 188 57 amatores
1208 2297 235 57 sapientiae.
1395 2297 188 57 Erantque
1536 2297 204 57 sophistae
1693 2297 219 57 rhetoricam
1865 2297 188 57 docentes
2006 2297 78 57 &
2022 2297 125 57 decla¬-

452 2345 116 60 mare
525 2345 116 60 quod
598 2345 102 60 non
656 2345 102 60 fit
715 2345 116 60 sine
787 2345 131 60 legum
875 2345 218 60 adductione:
1049 2345 146 60 itaque
1151 2345 87 60 se
1195 2345 131 60 legum
1282 2345 160 60 peritos
1399 2345 233 60 iactitabant:
1588 2345 146 60 quarum
1690 2345 116 60 vere
1763 2345 146 60 periti
1865 2345 116 60 esse
1938 2345 146 60 debent
2025 2345 131 60 praefe¬-

453 2392 126 62 cti,
532 2392 188 62 iudices,
673 2392 173 62 Tribuni
799 2392 157 62 plebis
908 2392 204 62 praetores
1065 2392 251 62 propraetores
1269 2392 78 62 &
1301 2392 126 62 alii
1379 2392 110 62 qui
1442 2392 94 62 in
1489 2392 204 62 republica
1646 2392 204 62 insudant.
1803 2392 141 62 Verum
1897 2392 141 62 multi
1991 2392 110 62 qui
2038 2392 110 62 aliis

438 2441 187 58 praesunt
579 2441 94 58 ad
626 2441 94 58 id
672 2441 172 58 muneris
797 2441 156 58 inepti
906 2441 203 58 videntur:
1062 2441 109 58 cum
1125 2441 234 58 experientia
1312 2441 78 58 &
1343 2441 203 58 potentia,
1499 2441 109 58 hoc
1562 2441 109 58 est
1624 2441 156 58 habitu
1733 2441 94 58 ex
1780 2441 250 58 consuetudine
1967 2441 172 58 acquisito

451 2493 132 59 magis
539 2493 117 59 quam
613 2493 132 59 mente
701 2493 132 59 agere
789 2493 206 59 videantur.
951 2493 103 59 Per
1009 2493 147 59 mentem
1112 2493 220 59 intellectum
1288 2493 103 59 vel
1347 2493 191 59 scientiam
1494 2493 220 59 intelligit.
1670 2493 162 59 Constat
1788 2493 132 59 autem
1876 2493 103 59 eos
1935 2493 88 59 de
1979 2493 162 59 talibus
2082 2493 73 59 nec

437 2535 188 50 scribere
578 2535 110 50 nec
641 2535 156 50 loqui:
750 2535 125 50 quod
829 2535 141 50 tamen
922 2535 203 50 venustius
1079 2535 141 50 foret
1173 2535 125 50 quam
1251 2535 219 50 iudiciales
1423 2535 203 50 orationes
1580 2535 297 50 deliberatiuasve
1830 2535 94 50 in
1877 2535 235 50 concionibus
2049 2535 94 50 con¬-

444 2581 172 53 ponere,
569 2581 125 53 more
648 2581 203 53 oratorum.
804 2581 94 53 Qa
851 2581 125 53 vero
929 2581 94 53 id
976 2581 156 53 facere
1086 2581 188 53 nequeant
1226 2581 109 53 hoc
1289 2581 172 53 indicio
1414 2581 282 53 deprehenditur:
1649 2581 109 53 cum
1711 2581 109 53 nec
1774 2581 156 53 filios
1883 2581 109 53 nec
1946 2581 188 53 amicorum
2071 2581 78 53 vl¬-

438 2632 103 61 los
497 2632 89 61 ad
542 2632 177 61 regendum
675 2632 163 61 idoneos
793 2632 207 61 efficiant,
955 2632 118 61 quod
1029 2632 133 61 tamen
1118 2632 163 61 rationi
1236 2632 236 61 consentaneum
1428 2632 118 61 erat
1502 2632 103 61 eos
1561 2632 177 61 facturos
1694 2632 148 61 fuisse
1797 2632 89 61 si
1842 2632 222 61 potuissent:
2019 2632 103 61 nec
2063 2632 89 61 ali¬-

448 2676 120 59 quid
523 2676 240 59 praestantius
718 2676 195 59 sibiipsis
868 2676 105 59 aut
928 2676 180 59 ciuitati
1063 2676 255 59 reliquissent.
1273 2676 105 59 Non
1333 2676 135 59 tamen
1423 2676 165 59 ciuilis
1543 2676 240 59 excercitatio
1738 2676 105 59 est
1798 2676 195 59 inutilis:
1948 2676 120 59 quia
2023 2676 120 59 illa
2083 2676 75 59 ex¬-

440 2725 225 59 cercitatio
617 2725 193 59 plurimum
761 2725 209 59 conducit:
922 2725 177 59 alioqui
1050 2725 161 59 minime
1162 2725 177 59 fierent
1291 2725 112 59 per
1355 2725 177 59 ciuilem
1484 2725 273 59 consuetudinem
1708 2725 96 59 ad
1757 2725 193 59 regendam
1901 2725 241 59 rempublicam
2078 2725 80 59 ma¬-

444 2772 107 56 gis
505 2772 167 56 idonei,
626 2772 122 56 quod
702 2772 152 56 liquet
809 2772 167 56 rationi
931 2772 122 56 esse
1007 2772 259 56 dissentaneum.
1220 2772 183 56 Quocirca
1357 2772 107 56 iis
1418 2772 107 56 qui
1478 2772 91 56 de
1524 2772 91 56 re
1570 2772 152 56 ciuili
1676 2772 213 56 internosse
1844 2772 198 56 expetunt,
1981 2772 167 56 experien¬-

447 2826 112 55 tia
511 2826 128 55 opus
591 2826 128 55 est.
670 2826 175 55 Vidimus
798 2826 128 55 enim
878 2826 143 55 multa
973 2826 223 55 plebiscita
1149 2826 80 55 &
1180 2826 159 55 multas
1292 2826 255 55 praefectorum
1499 2826 143 55 leges
1595 2826 128 55 sine
1675 2826 239 55 experientia
1866 2826 143 55 latas
1962 2826 143 55 (quae
2041 2826 112 55 primo

446 2865 177 59 obtuitu
574 2865 145 59 nobis
671 2865 177 59 rationi
799 2865 257 59 consentaneae
1008 2865 145 59 visae
1104 2865 145 59 sunt)
1201 2865 209 59 sinistrum
1361 2865 161 59 exitum
1474 2865 193 59 sortiri,
1618 2865 80 59 &
1650 2865 209 59 propterea
1811 2865 112 59 mox
1875 2865 209 59 abolitas.
2036 2865 112 59 Qui
2084 2865 80 59 rei

450 2913 189 63 publicae
592 2913 189 63 praesunt
734 2913 142 63 multa
829 2913 110 63 per
892 2913 253 63 experientiam
1097 2913 174 63 norunt.
1224 2913 174 63 Insuper
1350 2913 237 63 sophistarum
1539 2913 95 63 ii
1587 2913 110 63 qui
1650 2913 126 63 hanc
1729 2913 142 63 artem
1824 2913 237 63 profitentur
2013 2913 95 63 ab
2045 2913 110 63 huius

446 2961 211 55 facultatis
612 2961 211 55 traditione
778 2961 121 55 sunt
854 2961 166 55 remoti.
974 2961 136 55 Neque
1065 2961 121 55 enim
1140 2961 121 55 quid
1216 2961 106 55 sit
1276 2961 106 55 nec
1337 2961 136 55 circa
1427 2961 121 55 quae
1503 2961 166 55 insudet
1624 2961 121 55 ipsi
1699 2961 226 55 didicerunt.
1880 2961 106 55 Hoc
1941 2961 121 55 tali
2001 2961 151 55 ratione¬-

446 3008 270 55 deprehenditur.
671 3008 90 55 Si
716 3008 120 55 enim
791 3008 90 55 id
836 3008 240 55 cognoscerent
1032 3008 105 55 non
1092 3008 180 55 dicerent
1227 3008 165 55 ciuilem
1347 3008 210 55 facultatem
1512 3008 120 55 esse
1587 3008 150 55 eandem
1692 3008 105 55 cum
1753 3008 195 55 oratoria:
1903 3008 165 55 proinde
2008 3008 150 55 nesciunt

451 3061 113 55 quid
522 3061 113 55 est:
592 3061 71 55 &
621 3061 99 55 cum
677 3061 142 55 dicant
777 3061 99 55 eam
833 3061 113 55 esse
904 3061 198 55 inferiorem
1060 3061 113 55 arte
1131 3061 184 55 oratoria,
1272 3061 170 55 nesciunt
1400 3061 127 55 circa
1484 3061 113 55 quae
1555 3061 184 55 versatur.
1697 3061 156 55 Insuper
1810 3061 99 55 non
1867 3061 227 55 existimarent
2037 3061 113 55 facile

446 3103 129 60 esse
527 3103 146 60 leges
624 3103 162 60 ferre.
737 3103 129 60 Huic
818 3103 178 60 rationi
947 3103 227 60 innitentes
1125 3103 162 60 dicunt
1239 3103 194 60 oportere
1384 3103 162 60 multas
1498 3103 146 60 leges
1595 3103 81 60 a
1627 3103 210 60 maioribus
1789 3103 243 60 elucubratas
1967 3103 178 60 colligere

442 3150 232 55 optimasque
624 3150 215 55 diligere,
790 3150 116 55 quo
856 3150 165 55 habito
972 3150 182 55 ciuilis
1104 3150 199 55 facultas
1253 3150 248 55 pulcherrima
1452 3150 265 55 conflabitur.
1667 3150 99 55 Eo
1717 3150 149 55 pacto
1816 3150 132 55 vani
1899 3150 232 55 blaterones
2064 3150 83 55 di¬-

440 3196 134 59 cunt
524 3196 235 59 facillimum
709 3196 134 59 esse
793 3196 168 59 factu,
910 3196 185 59 egregia
1044 3196 201 59 volumina
1195 3196 185 59 condere
1330 3196 201 59 legesque
1481 3196 185 59 optimas
1615 3196 218 59 deligere.
1783 3196 101 59 i.
1833 3196 101 59 de
1883 3196 168 59 multis
1984 3196 168 59 eligere.

436 3241 193 59 proinde
577 3241 158 59 quasi
682 3241 211 59 delectio
840 3241 228 59 optimarum
1016 3241 123 59 non
1086 3241 158 59 esset
1192 3241 264 59 sagacitatis
1403 3241 88 59 &
1438 3241 264 59 sollertiae.
1649 3241 158 59 Hebes
1754 3241 88 59 &
1789 3241 141 59 rudi
1877 3241 193 59 Minerua
2000 3241 158 59 praedi¬-

443 3291 108 82 tus
504 3291 108 82 pro
566 3291 138 82 bonis
658 3291 123 82 mala
735 3291 200 82 decerpet,
889 3291 77 82 &
919 3291 169 82 incerta
1043 3291 108 82 pro
1104 3291 154 82 certis
1212 3291 185 82 capeiet,
1350 3291 77 82 &
1381 3291 200 82 saeperius
1535 3291 138 82 leges
1627 3291 200 82 oppositas
1781 3291 154 82 variis
1889 3291 92 82 in
1935 3291 138 82 locis
2012 3291 138 82 ciebit.
