2401 3603
199 233 87 98 ⁋
233 233 105 98 Ad
286 233 210 98 secundam
443 233 280 98 dubitationem
671 233 280 98 respondetur,
898 233 140 98 quod
986 233 262 98 experientia
1195 233 157 98 longo
1300 233 192 98 tempore
1440 233 157 98 eget,
1545 233 87 98 &
1580 233 262 98 experimento
1773 233 122 98 simi¬-

205 327 153 47 liter
307 327 204 47 multorum
460 327 221 47 scibilium
630 327 221 47 scientia.
800 327 102 47 vt
851 327 153 47 circa
953 327 255 47 astronomiam
1157 327 85 47 &
1191 327 153 47 multa
1276 327 119 47 alia.

207 322 81 99 ⁋
239 322 98 99 Ad
288 322 179 99 tertiam
418 322 261 99 dubitationem
630 322 244 99 respondetur
825 322 130 99 quod
907 322 147 99 illic
1005 322 212 99 particula
1167 322 98 99 ex
1216 322 114 99 non
1281 322 147 99 dicit
1379 322 293 99 circunstantiam
1623 322 163 99 causae
1721 322 179 99 materian¬-

212 396 134 69 lis.
296 396 250 69 Quemadmodum
496 396 184 69 dicimus
630 396 217 69 cultellum
796 396 100 69 ex
847 396 150 69 ferro
947 396 167 69 fieri:
1064 396 117 69 nec
1130 396 300 69 circunstantiam
1381 396 184 69 termini
1514 396 83 69 a
1548 396 117 69 quo
1614 396 167 69 solum,
1731 396 100 69 vt
1781 396 100 69 ex
1815 396 83 69 die

218 448 110 62 fit
281 448 126 62 nox,
360 448 110 62 sed
422 448 141 62 dicit
517 448 283 62 circunstantiam
752 448 157 62 causae
862 448 251 62 efficientis.
1066 448 141 62 Actus
1160 448 173 62 generat
1286 448 173 62 habitum
1411 448 251 62 naturaliter,
1615 448 110 62 nec
1678 448 110 62 est
1741 448 94 62 in
1772 448 110 62 pote¬-

206 500 152 62 state
308 500 186 62 hominis
443 500 169 62 habere
561 500 152 62 actum
663 500 118 62 non
731 500 186 62 habendo
866 500 203 62 habitum,
1018 500 102 62 si
1069 500 152 62 actus
1170 500 135 62 ille
1255 500 118 62 sit
1323 500 186 62 habitus
1458 500 271 62 generatiuus.
1678 500 102 62 Qa
1729 500 152 62 actus
1813 500 85 62 ge¬-

210 548 144 60 nerat
306 548 176 60 habitum
434 548 128 60 vult
514 548 240 60 Aristoteles
705 548 96 60 in
753 548 160 60 litera
865 548 192 60 expresse
1009 548 96 60 in
1057 548 160 60 capite
1169 548 208 60 sequenti,
1329 548 80 60 &
1361 548 128 60 quod
1441 548 240 60 naturaliter
1632 548 176 60 habitus
1760 548 96 60 ab
1792 548 96 60 actu

209 596 183 59 emergat
342 596 199 59 expresse
492 596 149 59 dicit
591 596 100 59 in
641 596 183 59 tertio,
774 596 183 59 attamen
907 596 183 59 notitia
1039 596 216 59 intuitiua
1205 596 116 59 non
1272 596 199 59 producit
1421 596 199 59 habitum,
1571 596 166 59 vbique
1687 596 183 59 habitus
1803 596 83 59 in¬-

213 632 162 73 clinat
326 632 97 73 in
375 632 178 73 similes
504 632 146 73 actus
601 632 97 73 in
650 632 162 73 specie
763 632 275 73 specialissima
990 632 178 73 actibus
1119 632 81 73 a
1152 632 162 73 quibus
1265 632 210 73 emanauit.
1427 632 210 73 Similiter
1588 632 146 73 actus
1686 632 227 73 voluntatis
1847 632 49 73 a

210 677 193 69 notitia
351 677 229 69 intuitiua
527 677 229 69 dependens
703 677 123 69 non
773 677 211 69 producit
931 677 211 69 habitum.
1090 677 106 69 vt
1142 677 246 69 delectatio
1336 677 246 69 beatifica.
1529 677 264 69 Quemadmodum
1723 677 158 69 notitia

218 731 213 61 intuitiua
382 731 164 61 remota
497 731 181 61 obiecti
628 731 230 61 praesentia
809 731 263 61 corrumpitur,
1022 731 115 61 sic
1088 731 148 61 actus
1186 731 230 61 voluntatis
1367 731 230 61 intuitiuus
1547 731 164 61 remota
1662 731 181 61 notitia
1777 731 115 61 intui

219 775 131 62 tiua
300 775 163 62 illius
415 775 180 62 obiecti
545 775 229 62 euanescit.
725 775 180 62 Habitus
855 775 147 62 autem
953 775 131 62 sine
1035 775 196 62 concursu
1182 775 245 62 voluntatis,
1378 775 114 62 aut
1443 775 196 62 alterius
1590 775 212 62 potentiae
1753 775 114 62 non
1802 775 98 62 pro¬-

217 822 132 65 ducit
305 822 147 65 actum.
408 822 147 65 Aliter
510 822 117 65 ergo
584 822 161 65 habitus
701 822 88 65 ad
745 822 132 65 actus
833 822 249 65 productionem,
1038 822 147 65 aliter
1141 822 117 65 vero
1214 822 132 65 actus
1302 822 88 65 ad
1346 822 161 65 habitus
1463 822 234 65 causalitatem
1654 822 205 65 concurrit.
1800 822 88 65 Con¬-

216 865 96 66 tra
271 865 124 66 illud
354 865 96 66 sic
409 865 179 66 instatur.
547 865 124 66 Causa
630 865 124 66 debet
712 865 110 66 esse
781 865 152 66 firmior
891 865 165 66 effectu,
1015 865 96 66 sed
1070 865 165 66 operatio
1194 865 96 66 non
1249 865 96 66 est
1305 865 152 66 firmior
1415 865 152 66 habitu,
1525 865 152 66 igitur.
1635 865 124 66 Sedo,
1718 865 152 66 habitus
1814 865 83 66 pro¬-

216 911 123 76 ducit
298 911 137 76 actum,
394 911 109 76 ergo
462 911 123 76 actus
544 911 96 76 non
599 911 164 76 producit
722 911 164 76 habitum,
844 911 123 76 tenet
926 911 232 76 consequantia,
1117 911 109 76 quia
1186 911 123 76 inter
1268 911 137 76 causam
1363 911 68 76 &
1390 911 164 76 effectum
1513 911 96 76 num
1568 911 96 76 qui
1623 911 96 76 est
1677 911 205 76 circulatio.
1827 911 55 76 Ad

229 960 144 72 priorem
334 960 170 72 rationem,
464 960 105 72 nego
530 960 170 72 ancedens.
661 960 79 72 Ad
700 960 144 72 secunam
805 960 105 72 nego
870 960 236 72 consequantiam.
1067 960 118 72 Solum
1145 960 105 72 enim
1211 960 170 72 sequitur,
1341 960 105 72 ergo
1407 960 144 72 habitum
1512 960 92 72 non
1564 960 170 72 producit,
1695 960 105 72 puta
1760 960 118 72 illum
1826 960 52 72 ha

219 1010 122 63 bitum
301 1010 95 63 qui
355 1010 122 63 ipsam
436 1010 203 63 operationem
598 1010 176 63 producit.
733 1010 68 63 ⁋
760 1010 81 63 Ad
800 1010 162 63 quaertam
922 1010 216 63 dubitationem
1098 1010 176 63 rmondetur
1233 1010 108 63 quod
1300 1010 162 63 operatio
1422 1010 176 63 voluntati
1557 1010 81 63 ab
1597 1010 189 63 itellectus
1746 1010 108 63 actu
1813 1010 68 63 &
1827 1010 54 63 po

224 1061 143 60 tentia
324 1061 214 60 producitur,
495 1061 100 60 non
552 1061 71 60 n
580 1061 171 60 voluntas
709 1061 114 60 pure
780 1061 157 60 passiue
894 1061 86 60 se
937 1061 86 60 he
979 1061 171 60 respectu
1108 1061 185 60 voluntati
1250 1061 114 60 quam
1322 1061 171 60 theologi
1450 1061 200 60 volitionem
1607 1061 185 60 discrimis
1749 1061 114 60 gera
1821 1061 100 60 ap¬

224 1106 162 67 pellant.
345 1106 162 67 Operatio
466 1106 175 67 intuitiua
600 1106 175 67 potentiae
735 1106 188 67 cognitiuae
883 1106 81 67 ab
923 1106 148 67 obiecto
1031 1106 67 67 &
1058 1106 162 67 potentia
1179 1106 202 67 producitur,
1341 1106 67 67 &
1368 1106 175 67 intuitiua
1502 1106 162 67 producit
1623 1106 162 67 notitiam
1731 1106 148 67 abstracti

219 1145 102 76 uam,
283 1145 63 76 &
308 1145 102 76 illa
372 1145 152 76 producit
486 1145 152 76 habitum.
600 1145 63 76 ⁋
625 1145 76 76 Ad
664 1145 140 76 quintam
765 1145 203 76 dubitationem
930 1145 127 76 parte,
1019 1145 152 76 remonsio
1133 1145 76 76 ex
1171 1145 89 76 iam
1222 1145 127 76 dicti.
1311 1145 63 76 ⁋
1336 1145 76 76 Ad
1374 1145 127 76 sextam
1463 1145 178 76 rspendetur
1603 1145 102 76 quod
1666 1145 102 76 idem
1730 1145 114 76 actus
1793 1145 89 76 nune¬-

218 1193 82 68 ro
259 1193 124 68 poest
342 1193 110 68 esse
410 1193 124 68 actus
493 1193 165 68 virtutis
616 1193 69 68 &
644 1193 137 68 vitii,
740 1193 69 68 &
767 1193 96 68 sic
822 1193 137 68 virtus
918 1193 69 68 &
946 1193 137 68 vitium
1042 1193 110 68 sunt
1111 1193 151 68 eiusdem
1220 1193 151 68 speciei
1330 1193 82 68 in
1371 1193 110 68 gnae
1440 1193 165 68 naturae.
1564 1193 96 68 hoc
1618 1193 96 68 est
1673 1193 206 68 entitatiue,
1824 1193 69 68 non

218 1261 123 54 autem
300 1261 82 54 in
341 1261 96 54 gne
396 1261 136 54 moris.
491 1261 150 54 Saepius
600 1261 123 54 tamen
682 1261 136 54 virtus
778 1261 68 54 &
805 1261 136 54 vitium
901 1261 177 54 differunt
1037 1261 82 54 in
1078 1261 96 54 gne
1133 1261 164 54 naturae,
1256 1261 96 54 cum
1310 1261 164 54 crebrius
1433 1261 150 54 habeant
1542 1261 150 54 obiecta
1651 1261 136 54 specie
1733 1261 164 54 distincta.

542 1299 364 74 Tractatus.
828 1299 156 74 I.
906 1299 208 74 Lib.
1036 1299 182 74 II.
1140 1299 208 74 Cap.
1244 1299 130 74 II.

543 1367 95 74 Vm
591 1367 142 74 autem
685 1367 189 74 praesens
827 1367 205 74 tractatio
985 1367 110 74 non
1048 1367 300 74 contemplationis
1300 1367 110 74 sit
1364 1367 110 74 (vt
1427 1367 205 74 caeterae)
1584 1367 174 74 gratia,
1711 1367 110 74 non
1774 1367 126 74 enim
1837 1367 63 74 vt

540 1423 181 64 sciamus
671 1423 181 64 quidnam
803 1423 115 64 sit
869 1423 181 64 virtus,
1001 1423 115 64 sed
1067 1423 99 64 vt
1116 1423 231 64 efficiamur
1298 1423 132 64 boni
1380 1423 264 64 consideramus
1594 1423 132 64 Cnam
1677 1423 148 64 nulla
1759 1423 132 64 ipsius

532 1477 156 70 esset
636 1477 225 70 vtilitas)
809 1477 104 70 de
861 1477 191 70 actibus
1000 1477 173 70 quonam
1121 1477 139 70 modo
1208 1477 139 70 sint
1294 1477 173 70 agendi
1416 1477 260 70 considerare
1624 1477 191 70 necesse
1762 1477 139 70 est.
1832 1477 69 70 Hi

543 1538 162 54 namque
656 1538 130 54 sunt
737 1538 211 54 auctores,
899 1538 97 54 vt
948 1538 146 54 tales
1045 1538 162 54 quidam
1159 1538 130 54 ipsi
1240 1538 178 54 habitus
1369 1538 146 54 fiant
1466 1538 243 54 quemadmodum
1661 1538 194 54 diximus.
1791 1538 113 54 Agere

542 1587 159 78 igitur
653 1587 175 78 ratione
781 1587 143 78 recta
876 1587 175 78 commune
1003 1587 127 78 est,
1083 1587 79 78 &
1114 1587 238 78 supponatur:
1305 1587 207 78 posterius
1464 1587 143 78 autem
1559 1587 95 78 de
1607 1587 127 78 ipso
1686 1587 159 78 dicet,
1798 1587 79 78 &
1814 1587 95 78 quid

541 1640 107 75 est
602 1640 123 75 ipsa
679 1640 138 75 recta
771 1640 154 75 ratio,
878 1640 77 75 &
909 1640 169 75 quomodo
1032 1640 92 75 ad
1078 1640 184 75 caeteras
1216 1640 123 75 sese
1293 1640 138 75 habet
1385 1640 200 75 virtutes.
1539 1640 138 75 Illud
1631 1640 138 75 autem
1723 1640 138 75 antea
1800 1640 107 75 confi

227 1699 166 74 teamur
344 1699 200 74 oportet,
494 1699 150 74 omnem
594 1699 200 74 sermonem
743 1699 117 74 qui
810 1699 117 74 est
877 1699 100 74 de
927 1699 150 74 rebus
1026 1699 183 74 agendis
1160 1699 183 74 figura,
1293 1699 83 74 &
1326 1699 117 74 non
1393 1699 166 74 exacte
1509 1699 150 74 fieri
1609 1699 183 74 debere,
1726 1699 166 74 quemadmo

229 1758 114 68 dum
294 1758 81 68 &
326 1758 97 68 ab
375 1758 162 68 initio
488 1758 195 68 diximus,
634 1758 195 68 rationes
780 1758 162 68 inquam
894 1758 97 68 vt
942 1758 178 68 materia
1072 1758 195 68 postulat
1218 1758 162 68 semper
1331 1758 130 68 esse
1413 1758 292 68 efflagitandas.
1656 1758 195 68 Actiones
1785 1758 114 68 autem

234 1812 78 62 &
266 1812 93 62 ea
312 1812 124 62 quae
390 1812 171 62 prosunt
514 1812 155 62 nullam
623 1812 155 62 habent
731 1812 264 62 stabilitatem,
949 1812 233 62 quemadmodum
1135 1812 140 62 neque
1228 1812 202 62 salubria.
1384 1812 140 62 Atque
1477 1812 109 62 cum
1539 1812 140 62 talis
1632 1812 109 62 sit
1694 1812 140 62 sermo
1772 1812 124 62 vniuer

234 1864 160 68 salis,
346 1864 144 68 multo
442 1864 144 68 minus
537 1864 96 68 is
585 1864 144 68 sermo
681 1864 255 68 certitudinis
888 1864 160 68 habet,
1000 1864 112 68 qui
1064 1864 96 68 de
1112 1864 255 68 singularibus
1319 1864 128 68 est.
1399 1864 112 68 Nam
1463 1864 144 68 neque
1559 1864 112 68 sub
1623 1864 160 68 artem,
1734 1864 144 68 neque
1814 1864 80 68 sub

232 1920 248 83 praeceptionem
437 1920 131 83 vllam
524 1920 161 83 cadunt.
641 1920 102 83 Sed
700 1920 161 83 oportet
816 1920 131 83 ipsos
904 1920 161 83 agentes
1021 1920 88 83 ea
1065 1920 146 83 semper
1167 1920 234 83 considerare,
1357 1920 117 83 quae
1430 1920 88 83 ad
1474 1920 161 83 tamptus
1590 1920 263 83 accommodantur:
1795 1920 102 83 quen¬-

221 1970 183 83 admodum
354 1970 83 83 &
388 1970 100 83 in
438 1970 200 83 medicina
587 1970 133 83 fit,
670 1970 83 83 &
704 1970 100 83 in
754 1970 233 83 gubernandi
936 1970 150 83 etiam
1036 1970 150 83 arte.
1136 1970 150 83 Verum
1236 1970 83 83 &
1269 1970 100 83 si
1319 1970 200 83 praesens
1469 1970 150 83 sermo
1568 1970 150 83 talis
1668 1970 116 83 est
1735 1970 116 83 vti
1785 1970 116 83 dixi¬-

232 2041 157 60 mus,
330 2041 255 60 enitendum
527 2041 137 60 est
605 2041 177 60 tamen
723 2041 157 60 opem
821 2041 118 60 ac
880 2041 235 60 auxilium
1056 2041 196 60 ferre.
1194 2041 196 60 Primum
1331 2041 196 60 igitur
1468 2041 137 60 hoc
1547 2041 314 60 contemplemur
1782 2041 118 60 opor

231 2091 139 65 tet,
317 2091 121 65 res
387 2091 173 65 istius
508 2091 139 65 modi
595 2091 156 65 tales
699 2091 156 65 esse,
803 2091 104 65 vt
855 2091 104 65 ab
907 2091 277 65 exuperatione
1132 2091 243 65 defectione
1323 2091 104 65 ve
1375 2091 295 65 corrumpantur:
1617 2091 104 65 vt
1669 2091 104 65 in
1721 2091 191 65 viribus
1843 2091 69 65 vi

235 2157 180 60 demus,
361 2157 108 60 ac
415 2157 252 60 valetudine
613 2157 180 60 fieri,
738 2157 126 60 nai
810 2157 126 60 pro
882 2157 162 60 rebus
990 2157 234 60 obscuris,
1170 2157 180 60 claris
1296 2157 216 60 iudiciis
1458 2157 180 60 vtamur
1583 2157 216 60 oportet.
1727 2157 180 60 Exupera¬-

236 2214 124 59 tio
307 2214 177 59 nanque
431 2214 194 59 laborum
572 2214 265 59 defectioque
784 2214 159 59 vires
891 2214 265 59 corrumpunt.
1103 2214 230 59 Similiter
1279 2214 159 59 potus
1386 2214 194 59 cibique
1527 2214 265 59 exuperantes
1739 2214 159 59 atque
1828 2214 88 59 de¬-

231 2249 242 79 ficientes
418 2249 280 79 valetudinem
642 2249 242 79 auferunt:
828 2249 224 79 moderati
996 2249 149 79 vero
1089 2249 224 79 faciunt,
1257 2249 205 79 augent,
1406 2249 93 79 &
1444 2249 280 79 conseruant.
1668 2249 131 79 Sic
1742 2249 187 79 igitur
1854 2249 56 79 &

232 2323 105 59 in
285 2323 263 59 fortitudine
496 2323 105 59 ac
548 2323 281 59 temperantia,
777 2323 263 59 caeterisque
987 2323 246 59 virtutibus
1180 2323 123 59 res
1251 2323 140 59 sese
1338 2323 176 59 habere
1461 2323 211 59 videtur.
1619 2323 123 59 Qui
1689 2323 176 59 nanque
1795 2323 105 59 cun¬-

231 2363 115 75 cta
296 2363 164 75 fugit,
411 2363 148 75 atque
510 2363 214 75 formidat,
674 2363 148 75 neque
773 2363 197 75 quicquam
921 2363 164 75 subire
1036 2363 247 75 perferreque
1233 2363 197 75 patitur,
1381 2363 99 75 is
1430 2363 181 75 timidus
1562 2363 131 75 fit.
1644 2363 115 75 Qui
1710 2363 148 75 nihil
1792 2363 115 75 omni¬-

227 2432 117 74 no
285 2432 194 74 timet,
421 2432 136 74 sed
499 2432 272 74 aggreditur
712 2432 194 74 omnia,
848 2432 117 74 is
907 2432 175 74 audax
1023 2432 214 74 nimirum
1179 2432 272 74 efficitur.
1393 2432 194 74 Simili
1529 2432 155 74 modo
1626 2432 136 74 qui
1684 2432 214 74 voluptate

247 2475 141 79 omni
336 2475 212 79 potitur,
494 2475 123 79 nec
565 2475 194 79 excipit
706 2475 176 79 vllam,
829 2475 282 79 intemperans:
1059 2475 123 79 qui
1129 2475 194 79 cunctas
1270 2475 176 79 fugit,
1394 2475 194 79 perinde
1535 2475 159 79 atque
1640 2475 212 79 agrestes
1782 2475 123 79 homi¬-

243 2545 146 58 nes,
334 2545 255 58 insensatus
534 2545 200 58 euadit.
680 2545 182 58 Etenim
808 2545 128 58 tam
881 2545 273 58 temperantia
1099 2545 146 58 quam
1190 2545 237 58 fortitudo
1373 2545 109 58 ab
1427 2545 292 58 exuperatione
1664 2545 182 58 quidem
1792 2545 91 58 &
1810 2545 91 58 de¬-

238 2587 172 73 fectu
353 2587 307 73 corrumpitur:
602 2587 96 73 a
640 2587 307 73 mediocritate
889 2587 172 73 autem
1004 2587 307 73 conseruatur.
1253 2587 115 73 At
1311 2587 153 73 enim
1407 2587 134 73 non
1483 2587 172 73 solum
1598 2587 172 73 ortus
1713 2587 96 73 &
1733 2587 172 73 accrea¬-

239 2657 196 61 tiones
377 2657 354 61 corruptionesve
672 2657 118 61 ex
730 2657 196 61 eisdem
868 2657 98 61 &
907 2657 118 61 ab
966 2657 196 61 eisdem
1104 2657 314 61 efficiuntur:
1359 2657 138 61 sed
1438 2657 98 61 &
1477 2657 295 61 operationes
1713 2657 118 61 in
1752 2657 157 61 eisdem

233 2705 161 69 etiam
340 2705 178 69 erunt.
465 2705 125 69 Nam
536 2705 89 69 &
572 2705 107 69 in
626 2705 214 69 caeteris
786 2705 143 69 quae
875 2705 143 69 sunt
965 2705 232 69 manifesta
1143 2705 178 69 magis,
1268 2705 125 69 res
1339 2705 125 69 ita
1411 2705 143 69 sese
1500 2705 178 69 habere
1625 2705 214 69 videtur,
1785 2705 107 69 vt
1839 2705 107 69 in

237 2756 227 67 viribus.
407 2756 170 67 Vires
521 2756 151 67 enim
615 2756 132 67 tam
691 2756 170 67 copia
804 2756 151 67 cibi
899 2756 151 67 quam
993 2756 227 67 multorum
1163 2756 208 67 laborum
1314 2756 265 67 tolerantia
1522 2756 302 67 comparantur,
1768 2756 94 67 &
1787 2756 132 67 robu¬-

243 2810 149 76 stus
337 2810 149 76 ipse
430 2810 187 76 multum
560 2810 187 76 sumere
691 2810 187 76 cibum,
822 2810 93 76 &
859 2810 187 76 multos
989 2810 205 76 labores
1139 2810 224 76 tolerare
1306 2810 187 76 maxime
1437 2810 205 76 potest.
1586 2810 131 76 Sic
1661 2810 131 76 fit
1735 2810 93 76 &
1773 2810 112 76 in
1810 2810 112 76 vir¬-

237 2868 206 73 tutibus
387 2868 187 73 ipsis.
518 2868 131 73 Nam
593 2868 262 73 abstinendo
798 2868 94 73 a
836 2868 299 73 voluptatibus
1079 2868 243 73 efficimur
1266 2868 262 73 temperati,
1472 2868 94 73 &
1509 2868 168 73 facti
1621 2868 131 73 iam
1678 2868 224 73 temperati.

238 2930 190 60 maxime
371 2930 114 60 ab
428 2930 171 60 ipsis
543 2930 229 60 possumus
714 2930 267 60 abstinere.
924 2930 152 60 ldem
1019 2930 95 60 &
1057 2930 114 60 in
1114 2930 286 60 fortitudine
1343 2930 152 60 fit:
1438 2930 95 60 &
1476 2930 152 60 enim
1571 2930 286 60 assuescendo
1781 2930 152 60 formi¬-

247 2986 186 76 dolosas
382 2986 118 76 res
450 2986 287 76 paruipendere,
686 2986 219 76 subireque
854 2986 152 76 ipsas
956 2986 152 76 atque
1057 2986 219 76 perferre,
1226 2986 169 76 fortes
1344 2986 219 76 euadimus,
1512 2986 202 76 factique
1664 2986 169 76 fortes
1782 2986 169 76 maxime
1883 2986 51 76 c

246 3040 130 68 res
321 3040 297 68 formidolosas
562 3040 241 68 poterimus
729 3040 148 68 ferre.

326 3080 100 61 vm
376 3080 166 61 autem.
492 3080 100 61 In
542 3080 166 61 priore
659 3080 166 61 capite
775 3080 249 61 philosophus
974 3080 199 61 ostendit
1124 3080 199 61 virtutes
1273 3080 116 61 non
1340 3080 166 61 inesse
1456 3080 149 61 nobis
1556 3080 83 61 a
1589 3080 183 61 natura,
1722 3080 116 61 sed
1788 3080 100 61 ab
1821 3080 100 61 ope¬-

338 3141 235 52 rationibus
523 3141 201 52 nostris:
673 3141 134 52 nunc
757 3141 268 52 consequenter
975 3141 235 52 ostensurus
1159 3141 117 52 est
1226 3141 218 52 speciatim
1394 3141 168 52 quales
1511 3141 134 52 sunt
1595 3141 251 52 operationes
1796 3141 101 52 ex
1829 3141 101 52 qui¬-

332 3186 120 59 bus
401 3186 206 59 virtutes
555 3186 224 59 prodeunt.
727 3186 103 59 Et
779 3186 120 59 hoc
848 3186 155 59 caput
951 3186 224 59 trifatiam
1123 3186 206 59 scindit.
1278 3186 103 59 In
1329 3186 155 59 prima
1432 3186 155 59 parte
1536 3186 138 59 tria
1621 3186 241 59 praeambula
1793 3186 138 59 ponit.

248 3230 100 81 In
298 3230 184 81 secunda
432 3230 150 81 parte
532 3230 200 81 monstrat
682 3230 134 81 quae
766 3230 251 81 operationes
966 3230 134 81 sunt
1050 3230 200 81 virtutis
1200 3230 267 81 generatiuae.
1417 3230 100 81 In
1467 3230 167 81 tertia
1584 3230 200 81 ostendit
1735 3230 184 81 qualium
1852 3230 84 81 ope
