2395 3618
453 271 152 65 ligna
554 271 236 65 retorquent
740 271 84 65 &
774 271 270 65 rectificant.
993 271 152 65 Vitia
1095 271 152 65 autem
1196 271 101 65 ad
1246 271 135 65 quae
1331 271 219 65 procliues
1500 271 152 65 sumus
1601 271 219 65 voluptate
1770 271 84 65 &
1803 271 169 65 dolore
1905 271 236 65 percipiemus.

460 325 115 53 Nam
525 325 213 53 plerumque
689 325 98 53 in
738 325 164 53 quibus
853 325 115 53 est
919 325 148 53 aliis
1017 325 197 53 voluptas
1165 325 148 53 aliis
1263 325 148 53 dolor
1362 325 164 53 adest.
1477 325 82 53 ⁋
1509 325 180 53 Tertium
1641 325 246 53 documentum.
1837 325 98 53 In
1887 325 213 53 vniuersis
2034 325 115 53 summo

450 371 139 57 pere
536 371 121 57 est
606 371 87 57 a
641 371 226 57 voluptate
814 371 226 57 cauendum.
988 371 121 57 Non
1057 371 139 57 enim
1144 371 243 57 incorrupti
1335 371 87 57 &
1369 371 295 57 incontaminati
1612 371 104 57 de
1664 371 139 57 illa
1751 371 243 57 iudicamus.
1942 371 121 57 Hoc
2011 371 121 57 est
2063 371 87 57 nos

451 427 179 50 nondum
576 427 107 50 de
630 427 233 50 voluptate
809 427 197 50 tentati
952 427 179 50 rectam
1078 427 251 50 sententiam
1275 427 215 50 ferimus.
1436 427 125 50 Non
1507 427 143 50 enim
1597 427 197 50 putamus
1740 427 125 50 eam
1812 427 143 50 esse
1901 427 179 50 tantae
2009 427 143 50 diffi¬-

459 464 197 55 cultatis
607 464 181 55 quantae
738 464 115 55 est
804 464 82 55 &
837 464 181 55 apparet
969 464 99 55 in
1018 464 181 55 obiecti
1150 464 247 55 praesentia:
1347 464 148 55 sicut
1446 464 148 55 senes
1545 464 230 55 Troianorum
1726 464 132 55 erga
1808 464 181 55 Helenam
1940 464 132 55 sese
2005 464 132 55 habue¬-

454 511 149 54 runt,
554 511 116 54 sic
620 511 99 54 ad
670 511 232 54 voluptatem
852 511 116 54 nos
918 511 133 54 esse
1001 511 199 54 affectos
1150 511 199 54 oportet,
1299 511 99 54 in
1349 511 182 54 omnibus
1481 511 182 54 illorum
1614 511 232 54 imitabimur
1796 511 166 54 vocem.
1912 511 199 54 Nolebant
2045 511 99 54 enim

464 555 189 55 Helenam
601 555 155 55 (quae
705 555 155 55 omnes
808 555 120 55 suo
877 555 189 55 aspectu
1014 555 103 55 ad
1066 555 224 55 libidinem
1238 555 224 55 trahebat)
1410 555 189 55 videre.
1547 555 172 55 Dicere
1668 555 189 55 solemus
1805 555 103 55 de
1857 555 258 55 mediocriter
2046 555 86 55 for

463 600 133 55 mosa
547 600 200 55 muliere,
697 600 133 55 haec
780 600 117 55 non
847 600 150 55 rapit
946 600 200 55 videntes
1096 600 100 55 in
1146 600 117 55 sui
1213 600 183 55 amorem:
1346 600 133 55 acsi
1430 600 117 55 per
1496 600 150 55 locum
1596 600 83 55 a
1630 600 217 55 contrario
1796 600 150 55 sensu
1896 600 233 55 diceremus,
2063 600 83 55 ali

466 652 136 57 quae
551 652 136 57 sunt
635 652 169 57 quarum
754 652 203 57 aspectus
906 652 220 57 signanter
1076 652 119 57 cum
1144 652 186 57 tempore
1279 652 152 57 fiunt
1381 652 254 57 periculose,
1584 652 102 57 in
1635 652 169 57 amorem
1753 652 119 57 sui
1821 652 203 57 trahunt.
1974 652 119 57 Sic
2024 652 119 57 autem

453 699 86 48 a
487 699 241 48 nobisipsis
677 699 241 48 voluptatem
867 699 259 48 repellentes
1074 699 155 48 minus
1177 699 259 48 peccabimus,
1384 699 86 48 &
1419 699 121 48 has
1488 699 293 48 praeceptiones
1729 699 276 48 obseruantes,
1953 699 172 48 medium
2057 699 86 48 vel

457 745 169 48 maxime
575 745 270 48 consequemur.
795 745 203 48 Sequitur
947 745 169 48 tertia
1065 745 135 48 pars
1150 745 253 48 principalis
1352 745 152 48 huius
1454 745 203 48 capitis.
1606 745 101 48 Id
1656 745 152 48 autem
1758 745 152 48 ipsum
1859 745 220 48 difficile
2011 745 135 48 fortas

458 785 101 54 se
509 785 118 54 &c.
576 785 118 54 Hic
643 785 185 54 ponitur
777 785 185 54 secunda
911 785 218 54 conclusio
1079 785 168 54 dicens
1197 785 118 54 pro
1264 785 185 54 omnibus
1398 785 118 54 his
1465 785 235 54 documentis
1650 785 118 54 est
1717 785 218 54 difficile
1885 785 218 54 attingere
2036 785 101 54 medi

460 837 102 51 um
511 837 102 51 in
562 837 272 51 particulari.
783 837 221 51 Probatur,
952 837 119 51 Non
1020 837 136 51 enim
1105 837 119 51 est
1173 837 170 51 facile
1292 837 255 51 determinare
1496 837 204 51 quomodo,
1649 837 85 51 &
1683 837 170 51 quibus
1801 837 85 51 &
1835 837 119 51 pro
1903 837 170 51 quibus
2022 837 85 51 &
2039 837 102 51 quam

465 883 100 56 to
515 883 183 56 tempore
648 883 233 56 irascendum
831 883 133 56 sit.
914 883 116 56 Nam
981 883 233 56 nonnunquam
1163 883 116 56 eos
1230 883 116 56 qui
1296 883 216 56 deficiunt
1463 883 216 56 laudamus,
1629 883 83 56 &
1662 883 150 56 mites
1762 883 183 56 dicimus
1895 883 150 56 esse.
1978 883 166 56 Interdum

458 921 152 61 ipsos
559 921 202 61 infensos
711 921 84 61 &
745 921 303 61 excandescentes
997 921 185 61 viriles
1132 921 202 61 dicimus.
1284 921 118 61 Sed
1351 921 303 61 animaduersione
1604 921 168 61 dignum
1722 921 118 61 est
1789 921 135 61 quod
1873 921 118 61 qui
1941 921 152 61 parum
2042 921 84 61 a
2059 921 84 61 re¬-

464 971 118 64 cto
532 971 219 64 exorbitat
700 971 101 64 in
751 971 236 64 alterutram
937 971 186 64 partem,
1072 971 118 64 non
1139 971 219 64 carpitur:
1308 971 118 64 qui
1376 971 135 64 vero
1460 971 203 64 plurimum
1612 971 169 64 deuiat
1730 971 270 64 vituperatur,
1949 971 152 64 talis
2034 971 101 64 enim

467 1017 199 63 egressus
616 1017 116 63 non
683 1017 166 63 latet,
799 1017 182 63 attamen
931 1017 116 63 non
997 1017 116 63 est
1064 1017 166 63 facile
1180 1017 182 63 sermone
1312 1017 199 63 consequi
1461 1017 199 63 quousque
1610 1017 83 63 &
1643 1017 182 63 quantum
1776 1017 83 63 a
1809 1017 149 63 recto
1908 1017 199 63 egressus
2041 1017 99 63 vitu

464 1067 193 53 perandus
609 1067 129 53 est,
690 1067 113 53 nec
754 1067 145 53 aliud
851 1067 193 53 quicquam
996 1067 242 53 sensibilium
1189 1067 177 53 prompte
1318 1067 242 53 determinari
1511 1067 177 53 potest.
1640 1067 113 53 Nam
1705 1067 145 53 talia
1802 1067 97 53 in
1850 1067 258 53 singularibus
2043 1067 97 53 col¬-

471 1115 159 63 locata
583 1115 143 63 sunt,
678 1115 159 63 quorum
790 1115 191 63 iudicium
933 1115 111 63 est
997 1115 96 63 in
1044 1115 159 63 sensu.
1156 1115 143 63 Nihil
1251 1115 159 63 igitur
1363 1115 143 63 mirum
1458 1115 207 63 videatur,
1618 1115 96 63 si
1665 1115 207 63 difficile
1825 1115 111 63 est
1888 1115 127 63 esse
1952 1115 191 63 studiosum.

475 1155 145 75 Illud
571 1155 193 75 duntaxat
716 1155 161 75 clarum
829 1155 129 75 est,
909 1155 129 75 quod
989 1155 161 75 medius
1102 1155 177 75 habitus
1231 1155 96 75 in
1279 1155 177 75 cunctis
1407 1155 209 75 laudatur,
1568 1155 80 75 &
1600 1155 129 75 quod
1681 1155 209 75 declinare
1842 1155 177 75 oportet
1970 1155 129 75 nunc
2051 1155 96 75 ad
2083 1155 64 75 ex

474 1210 178 55 cessum
599 1210 142 55 nunc
688 1210 107 55 ad
741 1210 285 55 defectionem.
973 1210 125 55 Sic
1044 1210 142 55 enim
1133 1210 231 55 facillime
1311 1210 178 55 medium
1418 1210 249 55 adipiscemur.

476 1249 87 69 ⁋
510 1249 156 69 Circa
614 1249 191 69 literam
753 1249 243 69 dubitatur.
944 1249 156 69 Primo
1048 1249 104 69 an
1100 1249 121 69 est
1170 1249 156 69 bonum
1274 1249 260 69 documentum,
1482 1249 226 69 irretitum
1655 1249 104 69 in
1707 1249 121 69 vno
1777 1249 156 69 vitio
1881 1249 156 69 aliud
1968 1249 173 69 intrare.

483 1304 102 64 vt
534 1304 153 64 demum
636 1304 102 64 in
688 1304 171 64 medium
807 1304 188 64 redeat.
943 1304 188 64 Videtur
1080 1304 256 64 Aristoteles
1284 1304 119 64 hoc
1353 1304 153 64 velle
1455 1304 119 64 per
1523 1304 171 64 flexum
1642 1304 171 64 lignum
1762 1304 119 64 vel
1830 1304 171 64 ensem,
1949 1304 119 64 qui
2018 1304 102 64 in
2052 1304 85 64 opr

473 1344 190 60 positam
611 1344 173 60 partem
732 1344 225 60 flectitur
906 1344 104 60 vt
958 1344 173 60 tandem
1079 1344 104 60 in
1131 1344 173 60 medium
1252 1344 190 60 redeat.
1390 1344 87 60 ⁋
1425 1344 190 60 Secundo
1564 1344 104 60 an
1616 1344 208 60 quilibet
1771 1344 294 60 quamtumcunque
1996 1344 139 60 paruus

471 1398 210 62 ingressus
632 1398 97 62 in
681 1398 177 62 extrema
810 1398 113 62 sit
874 1398 177 62 vitium.
1003 1398 177 62 videtur
1132 1398 242 62 Aristoteles
1326 1398 161 62 dicere
1438 1398 129 62 quod
1519 1398 129 62 non,
1600 1398 210 62 inquiens,
1761 1398 113 62 qui
1825 1398 145 62 parum
1922 1398 81 62 a
1954 1398 145 62 recto
2035 1398 113 62 deui¬-

465 1436 102 76 at
516 1436 119 76 non
584 1436 220 76 carpitur.
753 1436 102 76 In
804 1436 220 76 oppositum
974 1436 254 76 argumentor.
1177 1436 102 76 Is
1228 1436 119 76 est
1296 1436 153 76 extra
1398 1436 204 76 rationem
1550 1436 170 76 medii:
1669 1436 136 76 ergo
1754 1436 102 76 in
1805 1436 220 76 extremis,
1974 1436 85 76 &
2008 1436 119 76 per
2059 1436 85 76 con

477 1482 188 70 sequens
614 1482 102 70 in
665 1482 171 70 vitio.
784 1482 85 70 ⁋
819 1482 171 70 Tertio
938 1482 102 70 an
989 1482 171 70 possum
1109 1482 188 70 aperire
1246 1482 137 70 viam
1331 1482 188 70 minoris
1468 1482 188 70 peccati
1604 1482 137 70 viro
1690 1482 137 70 quem
1775 1482 154 70 video
1878 1482 102 70 in
1929 1482 154 70 maius
2014 1482 137 70 pecca¬-

469 1538 126 57 tum
541 1538 217 57 lapsurum
704 1538 217 57 quatenus
866 1538 126 57 eum
939 1538 90 57 a
975 1538 181 57 maiori
1101 1538 199 57 peccato
1246 1538 235 57 retraham.
1426 1538 271 57 Respondetur
1643 1538 108 57 ad
1697 1538 181 57 primum
1824 1538 235 57 negatiue.
1986 1538 163 57 Aristo¬-

473 1576 157 65 teles
577 1576 139 65 enim
664 1576 244 65 intelligit
856 1576 104 65 vt
908 1576 122 65 vno
977 1576 174 65 genere
1099 1576 157 65 vitii
1204 1576 296 65 coinquinatus,
1448 1576 104 65 in
1500 1576 209 65 extremum
1657 1576 157 65 medii
1761 1576 157 65 aliud
1865 1576 209 65 extremum
2005 1576 139 65 versus

477 1629 178 54 pergat,
606 1629 81 54 &
638 1629 113 54 sic
703 1629 162 54 sensim
816 1629 97 54 ad
865 1629 162 54 medium
978 1629 162 54 venire
1091 1629 178 54 potest.
1220 1629 97 54 Vt
1269 1629 194 54 prodigus
1414 1629 97 54 ad
1462 1629 162 54 partem
1576 1629 275 54 liberalitatis
1802 1629 291 54 illiberalitati
2028 1629 113 54 vici¬-

474 1677 112 58 nam
538 1677 144 58 primo
634 1677 176 58 pergat,
762 1677 160 58 postea
874 1677 144 58 circa
970 1677 144 58 totam
1066 1677 240 58 latitudinem
1258 1677 272 58 liberalitatis
1482 1677 224 58 insudabit.
1658 1677 240 58 Liberalitas
1850 1677 128 58 enim
1930 1677 144 58 sicut
2026 1677 80 58 &
2042 1677 96 58 quae

476 1715 146 67 libet
573 1715 129 67 alia
654 1715 162 67 virtus
767 1715 113 67 non
832 1715 210 67 consistit
993 1715 97 67 in
1042 1715 259 67 impertibili,
1252 1715 113 67 sed
1317 1715 178 67 quandam
1446 1715 243 67 latitudinem
1641 1715 129 67 sibi
1721 1715 210 67 vendicat.
1883 1715 146 67 Maior
1980 1715 146 67 autem
2061 1715 81 67 vni

479 1760 123 72 quam
556 1760 154 72 alteri
663 1760 185 72 latitudo
802 1760 138 72 medii
894 1760 246 72 temperantiae
1094 1760 123 72 est.
1171 1760 138 72 Minor
1263 1760 185 72 siquidem
1402 1760 154 72 debili
1509 1760 123 72 quam
1586 1760 185 72 robusto:
1725 1760 77 72 &
1755 1760 138 72 minor
1848 1760 169 72 infirmo
1971 1760 123 72 quam
2032 1760 108 72 sano.

487 1817 126 60 Qui
559 1817 108 60 ab
613 1817 180 60 altero
739 1817 252 60 extremorum
936 1817 162 60 etiam
1044 1817 180 60 peiori
1170 1817 108 60 in
1224 1817 162 60 minus
1331 1817 162 60 malum
1439 1817 216 60 prosilit
1601 1817 252 60 inconsulto
1799 1817 144 60 agit
1888 1817 126 60 cum
1960 1817 180 60 medium
2068 1817 72 60 in

479 1857 127 69 manu
559 1857 159 69 habeat
670 1857 191 69 secundum
813 1857 143 69 illud
909 1857 159 69 Flacci
1020 1857 96 69 in
1068 1857 143 69 arte.
1164 1857 96 69 In
1212 1857 159 69 vitium
1323 1857 143 69 ducit
1418 1857 159 69 culpae
1530 1857 143 69 fuga,
1625 1857 96 69 si
1673 1857 143 69 caret
1769 1857 143 69 arte.
1864 1857 96 69 Et
1912 1857 96 69 in
1960 1857 159 69 sermo.
2055 1857 80 69 Non

489 1900 119 67 ego
557 1900 170 67 auarum
676 1900 119 67 Cum
744 1900 136 67 veto
830 1900 102 67 te
881 1900 153 67 fieri
983 1900 170 67 vappam
1102 1900 153 67 iubeo
1204 1900 102 67 ac
1255 1900 238 67 nebulonem.
1443 1900 119 67 Dum
1511 1900 170 67 vitant
1630 1900 170 67 stulti
1749 1900 153 67 vitia
1851 1900 102 67 in
1903 1900 221 67 contraria
2056 1900 85 67 cur

469 1950 151 60 runt.
570 1950 84 60 ⁋
604 1950 101 60 Ad
654 1950 202 60 secundum
805 1950 185 60 dicitur
940 1950 134 60 quod
1024 1950 202 60 quilibet
1175 1950 202 60 egressus
1326 1950 151 60 extra
1427 1950 252 60 latitudinem
1629 1950 151 60 medii
1730 1950 118 60 est
1797 1950 202 60 peccatum
1948 1950 84 60 &
1982 1950 151 60 actus
2066 1950 84 60 ma¬-

474 1993 130 62 lus,
555 1993 130 62 sane
636 1993 195 62 opposito
782 1993 130 62 dato
863 1993 114 62 non
928 1993 146 62 esset
1026 1993 244 62 latitudinis
1221 1993 146 62 medii
1318 1993 211 62 egressus.
1480 1993 114 62 Cui
1545 1993 179 62 quadrat
1675 1993 179 62 Flaccus
1805 1993 195 62 inquiens
1951 1993 97 62 in
1984 1993 162 62 sermoni¬-

473 2040 127 72 bus.
553 2040 111 72 Est
616 2040 143 72 modus
711 2040 95 72 in
759 2040 159 72 rebus,
870 2040 127 72 sunt
950 2040 143 72 certi
1045 2040 175 72 denique
1172 2040 159 72 fines.
1283 2040 127 72 Quos
1363 2040 143 72 vltra
1458 2040 191 72 citraque
1601 2040 159 72 nequit
1712 2040 222 72 consistere
1887 2040 175 72 rectum.
2014 2040 111 72 Sed
2062 2040 79 72 qui

468 2086 152 73 parum
570 2086 152 73 medii
671 2086 220 73 cancellos
840 2086 288 73 transgreditur
1077 2086 102 73 is
1128 2086 118 73 non
1196 2086 220 73 carpitur,
1365 2086 135 73 quia
1449 2086 152 73 error
1551 2086 118 73 est
1619 2086 237 73 permodicus
1805 2086 85 73 &
1838 2086 118 73 non
1906 2086 85 73 a
1940 2086 169 73 quouis
2041 2086 102 73 per¬-

471 2140 191 56 cipitur:
614 2140 159 56 Quando
725 2140 127 56 vero
805 2140 191 56 excessus
948 2140 111 56 est
1011 2140 175 56 magnus,
1138 2140 127 56 tunc
1218 2140 111 56 non
1281 2140 159 56 latet,
1392 2140 111 56 sed
1456 2140 111 56 vbi
1520 2140 111 56 est
1583 2140 207 56 praecisus
1742 2140 143 56 limes
1837 2140 111 56 non
1901 2140 111 56 est
1964 2140 159 56 facile
2060 2140 79 56 co¬-

471 2187 171 64 gnitu,
591 2187 257 64 quemadmodum
796 2187 103 64 in
848 2187 171 64 aliqua
968 2187 291 64 intercapedine
1208 2187 154 64 panem
1310 2187 223 64 triticeum
1482 2187 206 64 sacerdos
1636 2187 240 64 consecrare
1824 2187 171 64 potest
1944 2187 86 64 &
1979 2187 103 64 in
2013 2187 137 64 aliqua

476 2233 100 58 ob
526 2233 167 58 grande
644 2233 251 58 interuallum
845 2233 184 58 nequit.
979 2233 117 58 Sed
1046 2233 117 58 vbi
1113 2233 117 58 sit
1180 2233 234 58 adaequatum
1364 2233 234 58 confinium,
1548 2233 201 58 fortasse
1699 2233 218 58 plerosque
1866 2233 151 58 etiam
1950 2233 184 58 sapientes

478 2271 167 79 fugit.
595 2271 201 79 Caeterum
746 2271 100 79 si
796 2271 134 79 tota
880 2271 201 79 latitudo
1031 2271 151 79 medii
1131 2271 134 79 quae
1215 2271 117 79 deo
1282 2271 117 79 est
1348 2271 134 79 nota
1432 2271 201 79 nonnihil
1583 2271 234 79 extremorum
1767 2271 100 79 ex
1817 2271 251 79 ignoratione
2001 2271 134 79 inuin¬-

477 2320 163 73 cibili
591 2320 211 73 includat,
753 2320 114 73 iam
818 2320 146 73 illud
916 2320 146 73 totum
1013 2320 114 73 est
1078 2320 195 73 operanti
1225 2320 179 73 medium.
1355 2320 114 73 Ego
1420 2320 130 73 enim
1501 2320 98 73 si
1550 2320 98 73 ex
1599 2320 244 73 praeteritis
1794 2320 98 73 me
1842 2320 146 73 posse
1940 2320 163 73 tantum
2037 2320 98 73 man¬-

477 2366 169 73 ducare
595 2366 84 73 &
629 2366 169 73 bibere
747 2366 270 73 probabiliter
967 2366 152 73 reor,
1068 2366 84 73 &
1102 2366 152 73 tamen
1203 2366 101 73 ex
1254 2366 135 73 tali
1338 2366 236 73 comestione
1524 2366 101 73 in
1575 2366 169 73 morbum
1693 2366 152 73 labor
1794 2366 118 73 non
1862 2366 135 73 feci
1929 2366 203 73 intemperam

474 2412 130 77 tiae
555 2412 162 77 actum,
668 2412 114 77 sed
733 2412 259 77 temperantiae
944 2412 114 77 cum
1009 2412 114 77 hac
1074 2412 276 77 circunstantia
1301 2412 195 77 notitiae
1447 2412 114 77 qua
1512 2412 243 77 comestionis
1706 2412 178 77 tempore
1836 2412 211 77 fungebar,
1998 2412 114 77 vbi
2047 2412 97 77 ali¬-

475 2464 99 64 us
524 2464 132 64 mihi
606 2464 165 64 omnino
722 2464 198 64 parilis,
870 2464 115 64 hoc
936 2464 165 64 dempto
1052 2464 132 64 quod
1134 2464 198 64 praecise
1283 2464 181 64 limitem
1414 2464 148 64 inter
1513 2464 198 64 excessum
1662 2464 82 64 &
1695 2464 198 64 defectum
1843 2464 165 64 nouit,
1959 2464 132 64 ille
2025 2464 115 64 intem

478 2505 219 84 peranter
642 2505 165 84 mecum
752 2505 238 84 tantundem
935 2505 256 84 manducabit
1136 2505 256 84 potabitque
1337 2505 128 84 non
1410 2505 165 84 autem
1520 2505 146 84 ego.
1611 2505 91 84 ⁋
1648 2505 110 84 Ad
1702 2505 201 84 tertiam
1849 2505 292 84 dubitationem
2068 2505 73 84 ne

470 2563 168 65 gatiue
588 2563 268 65 respondetur.
806 2563 117 65 Nam
873 2563 218 65 consulere
1041 2563 168 65 alicui
1158 2563 201 65 perperam
1309 2563 168 65 agere,
1426 2563 151 65 malum
1527 2563 134 65 est:
1611 2563 168 65 veteri
1728 2563 134 65 enim
1812 2563 218 65 prouerbio
1963 2563 168 65 dicitur,

465 2605 159 58 Malum
571 2605 230 58 consilium
748 2605 247 58 consultori
942 2605 212 58 pessimum
1101 2605 141 58 est.
1189 2605 194 58 Attamen
1331 2605 177 58 possum
1454 2605 141 58 sine
1543 2605 194 58 peccato
1684 2605 141 58 dare
1772 2605 106 58 ei
1825 2605 212 58 pecuniam
1984 2605 106 58 in
2019 2605 124 58 bursa

473 2657 116 65 aut
540 2657 99 65 in
589 2657 149 65 capsa
688 2657 198 65 inclusam
837 2657 99 65 vt
887 2657 99 65 me
937 2657 215 65 incolumem
1102 2657 149 65 abire
1201 2657 165 65 sinat,
1317 2657 116 65 hoc
1383 2657 132 65 enim
1466 2657 116 65 est
1532 2657 132 65 mihi
1615 2657 198 65 licitum:
1764 2657 99 65 ei
1813 2657 149 65 tamen
1912 2657 215 65 illicitum
2061 2657 83 65 re¬-

465 2705 181 51 cipere,
596 2705 82 51 &
629 2705 131 51 haec
711 2705 181 51 extorta
843 2705 148 51 datio
941 2705 131 51 illi
1023 2705 115 51 non
1089 2705 197 51 praestat
1237 2705 115 51 rei
1303 2705 148 51 datae
1401 2705 214 51 completum
1566 2705 214 51 dominium,
1730 2705 148 51 quare
1829 2705 197 51 acceptum
1960 2705 181 51 refundere

468 2744 264 71 astringitur.
682 2744 82 71 ⁋
715 2744 115 71 Pro
781 2744 247 71 affirmatiua
978 2744 247 71 responsione
1176 2744 198 71 discepto
1324 2744 132 71 sic.
1407 2744 165 71 Possum
1522 2744 214 71 consulere
1687 2744 181 71 Socrati
1819 2744 132 71 meam
1901 2744 198 71 pecuniam
2033 2744 99 71 quam

468 2786 141 69 habeo
562 2786 94 69 in
610 2786 141 69 antro
704 2786 235 69 conseruatam
892 2786 157 69 capere
1002 2786 188 69 quatenus
1143 2786 126 69 meum
1222 2786 173 69 iugulum
1347 2786 110 69 non
1410 2786 204 69 abscindat
1567 2786 126 69 quod
1645 2786 188 69 scindere
1787 2786 110 69 iam
1849 2786 204 69 euidenter
1991 2786 141 69 delibe¬-

466 2833 123 78 rat,
543 2833 138 78 obice
635 2833 108 78 non
696 2833 215 78 praestito:
865 2833 77 78 &
896 2833 138 78 tamen
989 2833 123 78 ipse
1065 2833 154 78 peccat
1173 2833 123 78 meam
1250 2833 185 78 pecuniam
1388 2833 108 78 sic
1450 2833 185 78 capiendo
1588 2833 108 78 cum
1650 2833 108 78 eam
1711 2833 108 78 non
1773 2833 108 78 mea
1834 2833 123 78 pura
1911 2833 154 78 sponte
2004 2833 138 78 erogen.

475 2878 151 65 Itidem
581 2878 91 65 do
626 2878 182 65 pecuniam
762 2878 167 65 Socrati
884 2878 91 65 ne
929 2878 182 65 Platonem
1065 2878 182 65 occidat,
1201 2878 106 65 aut
1262 2878 91 65 vt
1307 2878 197 65 Ciceronem
1459 2878 197 65 simoniace
1610 2878 91 65 ad
1656 2878 212 65 dignitatem
1822 2878 167 65 eligat:
1943 2878 151 65 igitur
2034 2878 106 65 horum

469 2926 156 62 telorum
582 2926 198 62 solutiones
738 2926 85 62 in
780 2926 113 62 fine
851 2926 127 62 primi
936 2926 226 62 sententiarum
1120 2926 156 62 quaere.
1233 2926 71 62 ⁋
1261 2926 184 62 Dubitatur
1403 2926 142 62 quarto
1502 2926 85 62 vn
1545 2926 99 62 est
1601 2926 113 62 quod
1672 2926 142 62 aliqui
1771 2926 113 62 sunt
1842 2926 226 62 propensiores
2026 2926 85 62 ad
2054 2926 85 62 vnum

472 2985 144 59 vitium
572 2985 115 59 quam
644 2985 86 59 ad
688 2985 144 59 aliud.
788 2985 216 59 Respondetur
961 2985 115 59 quod
1033 2985 101 59 aut
1091 2985 130 59 mores
1177 2985 86 59 ac
1220 2985 216 59 influentiae
1393 2985 173 59 celestes
1522 2985 86 59 ad
1566 2985 173 59 hominium
1695 2985 216 59 habitudines
1868 2985 101 59 non
1925 2985 130 59 parum
1997 2985 130 59 momenti

471 3021 172 62 habent:
597 3021 141 62 natus
691 3021 125 62 enim
769 3021 94 62 in
816 3021 125 62 tali
895 3021 204 62 horoscopo
1051 3021 110 62 est
1114 3021 157 62 audax,
1224 3021 94 62 ac
1271 3021 94 62 in
1318 3021 125 62 alio
1396 3021 141 62 natus
1490 3021 125 62 more
1569 3021 172 62 leporis
1694 3021 172 62 timidus
1819 3021 188 62 propriam
1961 3021 157 62 vmbram
2055 3021 78 62 me¬-

478 3071 147 57 tuens,
581 3071 73 57 &
610 3071 191 57 nocturnas
757 3071 147 57 laruas
860 3071 88 57 in
904 3071 176 57 tenebris
1036 3071 220 57 excogitans.
1212 3071 132 57 Nonne
1300 3071 132 57 vides
1388 3071 88 57 ad
1432 3071 147 57 oculum
1535 3071 117 57 quod
1609 3071 88 57 in
1653 3071 117 57 tali
1726 3071 103 57 vel
1785 3071 117 57 tali
1858 3071 117 57 aere
1931 3071 132 57 nasci
2020 3071 88 57 ad
2049 3071 88 57 hunc

466 3112 172 75 affectum
595 3112 100 75 vel
652 3112 129 75 illum
738 3112 186 75 inclinat?
881 3112 72 75 A
910 3112 100 75 via
967 3112 129 75 solis
1053 3112 143 75 remoti
1153 3112 115 75 sunt
1225 3112 129 75 aiosi
1311 3112 72 75 &
1339 3112 243 75 bellipotentes
1540 3112 200 75 plerumque:
1697 3112 158 75 apricis
1812 3112 86 75 in
1855 3112 129 75 locis
1941 3112 129 75 editi
2012 3112 129 75 astuti.

459 3160 133 54 Poeni
548 3160 133 54 erant
637 3160 148 54 astuti
740 3160 133 54 atque
829 3160 237 54 versipelles.
1021 3160 178 54 Concauis
1155 3160 148 54 oculis
1258 3160 118 54 nati
1332 3160 148 54 inuidi
1436 3160 192 54 feruntur.
1584 3160 207 54 Verumtamem
1746 3160 104 54 vir
1806 3160 252 54 circumspectus
1998 3160 148 54 inclina¬-

461 3217 140 77 tionem
559 3217 168 77 corporis
684 3217 126 77 malam
768 3217 140 77 minime
866 3217 209 77 insequitur,
1034 3217 168 77 rationem
1159 3217 112 77 enim
1229 3217 126 77 audit
1313 3217 126 77 atque
1397 3217 112 77 illi
1467 3217 196 77 innititur.
1620 3217 98 77 Nam
1676 3217 154 77 sapiens
1788 3217 182 77 dumabitur
1928 3217 154 77 astris,
2025 3217 112 77 inquit
