2389 3594
218 257 103 78 nem
277 257 264 78 circunstantes.
497 257 161 78 Aliquae
615 257 161 78 istarum
732 257 294 78 circumstantiarum
981 257 132 78 actum
1070 257 191 78 quandoque
1216 257 191 78 informant
1363 257 73 78 &
1392 257 147 78 cadunt
1495 257 88 78 in
1539 257 176 78 rationem
1671 257 176 78 obiecti,
1803 257 88 78 vt
1833 257 73 78 vo¬-

227 318 85 61 lo
269 318 128 61 orare
355 318 85 61 in
397 318 128 61 phano
482 318 128 61 atque
567 318 142 61 festo.
667 318 156 61 Nunquam
780 318 184 61 informant
922 318 114 61 nisi
993 318 142 61 quando
1092 318 114 61 sunt
1163 318 156 61 volita.
1277 318 170 61 Interdum
1404 318 184 61 assistunt
1546 318 142 61 actui.
1646 318 184 61 Quandoque
1773 318 128 61 effici¬-

219 376 113 57 unt
284 376 81 57 &
316 376 129 57 sunt
397 376 146 57 actus
494 376 243 57 accidentia,
688 376 97 57 vt
736 376 162 57 Ethici
850 376 226 57 loquuntur.
1028 376 146 57 Patet
1125 376 259 57 paradigmate.
1335 376 97 57 Ob
1383 376 162 57 inanem
1497 376 178 57 gloriam
1626 376 243 57 eleemosynam
1804 376 97 57 dare

224 421 154 64 volo,
326 421 119 64 hic
395 421 136 64 vana
480 421 171 64 gloria
599 421 154 64 actum
702 421 188 64 vitiat,
838 421 136 64 quia
923 421 154 64 cadit
1026 421 102 64 in
1077 421 205 64 materiam
1231 421 222 64 indebitam
1401 421 85 64 &
1435 421 154 64 actum
1538 421 154 64 malum
1640 421 102 64 ex
1691 421 171 64 genere
1811 421 119 64 red

225 467 132 53 dit.
307 467 215 53 Quandoque
472 467 182 53 incitat
604 467 83 53 &
637 467 215 53 coefficit
802 467 149 53 actum
901 467 83 53 &
934 467 132 53 tunc
1017 467 116 53 non
1083 467 182 53 oportet
1215 467 149 53 actum
1314 467 182 53 alioqui
1446 467 182 53 licitum
1578 467 132 53 esse
1660 467 231 53 illicitum,
1825 467 66 53 vt

224 509 137 54 volo
310 509 137 54 dare
395 509 257 54 eleemosynam
601 509 188 54 propter
738 509 154 54 deum.
840 509 206 54 Obiectum
995 509 120 54 hic
1063 509 120 54 est
1132 509 188 54 debitum
1269 509 86 54 &
1303 509 154 54 finis
1406 509 257 54 laudabilis.
1611 509 206 54 Superbia
1748 509 137 54 regina

227 558 215 54 vitiorum
388 558 197 54 peccata
532 558 215 54 interdum
693 558 215 54 extrudit
854 558 107 54 vt
908 558 197 54 spurcam
1051 558 197 54 venerem
1194 558 143 54 quae
1284 558 215 54 habentem
1445 558 233 54 maculosum
1624 558 197 54 reddit.
1750 558 143 54 Tertio

221 604 135 50 modo
306 604 152 50 actum
407 604 237 50 extrinsece
593 604 220 50 terminat:
762 604 220 50 quandoque
932 604 118 50 est
999 604 169 50 scopus
1118 604 118 50 non
1185 604 237 50 actualiter
1372 604 203 50 volitus,
1524 604 135 50 tunc
1608 604 152 50 etiam
1710 604 135 50 opus
1778 604 118 50 macu¬-

219 651 134 56 lat.
303 651 168 56 Quarto
421 651 134 56 modo
505 651 134 56 vana
589 651 168 56 gloria
706 651 118 56 est
773 651 201 56 extranea
924 651 84 56 &
958 651 151 56 actui
1059 651 252 56 impertinens
1260 651 168 56 quando
1378 651 118 56 nec
1445 651 151 56 illum
1545 651 235 56 coefficit,
1730 651 118 56 nec
1780 651 118 56 termi

219 701 116 53 nat
285 701 248 53 extrinsece,
483 701 116 53 nec
549 701 149 53 ipsum
648 701 215 53 informat,
813 701 83 53 &
845 701 132 53 tunc
928 701 116 53 nec
994 701 149 53 actum
1093 701 198 53 decorat,
1242 701 116 53 nec
1308 701 231 53 dedecorat,
1489 701 99 53 me
1539 701 215 53 scribente
1704 701 116 53 aut
1753 701 132 53 orante

230 745 165 50 inanis
346 745 165 50 gloria
462 745 165 50 furtim
578 745 198 50 irrepsit
727 745 165 50 oratio
842 745 116 50 per
908 745 265 50 assistentiam
1123 745 165 50 illius
1239 745 182 50 maculae
1371 745 165 50 minime
1487 745 248 50 deprauatur.
1686 745 116 50 cum
1735 745 149 50 peccato

229 787 182 54 veniali
362 787 166 54 letali
478 787 99 54 ve
528 787 149 54 opera
627 787 99 54 de
677 787 166 54 genere
792 787 182 54 bonorum
925 787 248 54 saepenumero
1124 787 232 54 assistunt.
1306 787 199 54 Interdum
1455 787 149 54 tamen
1554 787 282 54 circunstantia
1770 787 132 54 super¬-

224 840 185 53 ueniens
359 840 151 53 actum
460 840 202 53 maculat.
611 840 168 53 Abdito
729 840 135 53 loco
813 840 168 53 comedo
930 840 101 53 in
981 840 118 53 die
1048 840 235 53 ieiunabili
1233 840 252 53 rationabili
1435 840 151 53 causa
1536 840 219 53 inductus,
1704 840 101 53 ob
1738 840 151 53 superue

218 884 192 52 nientes
357 884 105 52 si
410 884 157 52 illam
514 884 175 52 causam
636 884 122 52 non
706 884 192 52 explano
846 884 227 52 delinquo.
1020 884 227 52 Similiter
1195 884 105 52 ob
1247 884 209 52 erroneam
1404 884 279 52 conscientiam
1614 884 279 52 superuenientem

216 928 151 56 alias
317 928 185 56 licitum
451 928 101 56 in
502 928 269 56 prorogatione
720 928 218 56 illicitum
888 928 201 56 emergit.
1039 928 118 56 Non
1106 928 168 56 potest
1223 928 118 56 vna
1291 928 151 56 norma
1391 928 151 56 tradi
1492 928 168 56 quando
1610 928 201 56 operatio
1761 928 101 56 ob
1794 928 101 56 cir¬-

215 973 266 53 cunstantiam
428 973 302 53 coinquinatur.
677 973 89 53 ⁋
713 973 231 53 Quaeritur
890 973 107 53 an
944 973 160 53 metus
1050 973 178 53 mortis
1174 973 231 53 instantis
1352 973 195 53 excusat
1494 973 213 53 quempiam
1654 973 89 53 a
1690 973 195 53 crimine
1814 973 71 53 su

219 1022 103 57 as
270 1022 205 57 fortunas
424 1022 103 57 in
475 1022 137 57 mare
561 1022 256 57 deiicientem
766 1022 103 57 ac
817 1022 120 57 eas
886 1022 239 57 perdentem.
1074 1022 273 57 Constructiue
1296 1022 273 57 respondetur.
1518 1022 137 57 Homo
1603 1022 137 57 enim
1689 1022 188 57 iniuste
1809 1022 85 57 de¬-

223 1066 162 50 tentus
336 1066 97 50 in
385 1066 243 50 compedibus,
579 1066 113 50 sic
644 1066 194 50 scilicet
790 1066 130 50 quod
871 1066 162 50 mortem
984 1066 162 50 obibit
1097 1066 130 50 nisi
1178 1066 162 50 tibiam
1292 1066 113 50 qua
1357 1066 211 50 detinetur
1518 1066 194 50 amputet,
1664 1066 162 50 tibiam
1761 1066 130 50 abscin

228 1112 150 60 dendo
328 1112 117 60 non
395 1112 233 60 delinquit.
578 1112 150 60 Minus
678 1112 133 60 enim
761 1112 150 60 malum
861 1112 117 60 est
928 1112 200 60 corporis
1077 1112 166 60 partem
1194 1112 200 60 amittere
1344 1112 133 60 quam
1427 1112 166 60 totum.
1543 1112 100 60 Et
1593 1112 283 60 praestabilius
1810 1112 83 60 est

222 1160 184 56 mutilum
356 1160 168 56 corpus
474 1160 251 56 circunferre
675 1160 134 56 quam
758 1160 151 56 mori.
859 1160 101 56 Vt
909 1160 151 56 vitam
1010 1160 184 56 redimas
1144 1160 168 56 ferrum
1261 1160 218 56 patieris,
1429 1160 84 56 &
1462 1160 168 56 ignes.
1579 1160 184 56 Proinde
1697 1160 184 56 valentio¬-

213 1207 96 47 re
261 1207 175 47 ratione
388 1207 127 47 opes
468 1207 96 47 in
516 1207 159 47 pontum
627 1207 175 47 eiicit:
754 1207 127 47 quod
834 1207 127 47 enim
914 1207 143 47 alias
1009 1207 143 47 esset
1105 1207 223 47 illicitum,
1280 1207 223 47 necessitas
1455 1207 175 47 licitum
1582 1207 175 47 reddit.
1694 1207 191 47 Vulgariter

228 1253 134 56 enim
312 1253 201 56 dicitur,
463 1253 235 56 necessitas
647 1253 117 56 non
714 1253 151 56 habet
815 1253 168 56 legem.
932 1253 84 56 ⁋
966 1253 218 56 Instatur,
1134 1253 134 56 ergo
1217 1253 134 56 pari
1301 1253 134 56 modo
1385 1253 218 56 Machabaei
1553 1253 201 56 poterant
1704 1253 168 56 carnes
1804 1253 84 56 su¬-

215 1302 152 48 illas
316 1302 101 48 in
367 1302 169 48 mortis
485 1302 203 48 articulo
637 1302 219 48 comedere,
806 1302 101 48 id
856 1302 152 48 autem
958 1302 118 48 non
1025 1302 219 48 fecerunt,
1194 1302 118 48 sed
1262 1302 169 48 mortem
1380 1302 236 48 tolerarunt
1565 1302 169 48 quorum
1683 1302 135 48 mors
1768 1302 101 48 in
1802 1302 84 48 ec¬-

229 1348 164 55 clesia
343 1348 213 55 laudatur.
508 1348 197 55 Fortasse
655 1348 148 55 dicis
754 1348 131 55 iure
836 1348 164 55 diuino
951 1348 181 55 vetitum
1082 1348 131 55 erat
1164 1348 197 55 porcinas
1312 1348 164 55 carnes
1427 1348 197 55 mandere:
1574 1348 197 55 conditio
1722 1348 148 55 autem
1804 1348 82 55 mor

225 1393 114 51 tis
290 1393 81 51 a
322 1393 162 51 diuino
436 1393 130 51 iure
517 1393 130 51 haud
598 1393 227 51 deobligat.
777 1393 195 51 Obiecto,
923 1393 146 51 Dauid
1020 1393 146 51 panes
1117 1393 276 51 propositionis
1344 1393 97 51 in
1393 1393 243 51 necessitate
1588 1393 179 51 comedit
1701 1393 179 51 prophanis

225 1441 185 49 vetitos
360 1441 118 49 qui
427 1441 101 49 in
477 1441 118 49 hoc
545 1441 118 49 non
612 1441 219 49 deliquit:
780 1441 151 49 cuius
881 1441 202 49 exemplum
1032 1441 202 49 saluator
1184 1441 168 49 noster
1301 1441 101 49 ad
1352 1441 235 49 excusandos
1537 1441 235 49 discipulos
1722 1441 101 49 in
1755 1441 135 49 medium

222 1486 196 51 adduxit.
368 1486 81 51 ⁋
401 1486 147 51 Dicis
499 1486 147 51 Dauid
597 1486 163 51 diuina
711 1486 261 51 inspiratione
922 1486 98 51 id
971 1486 179 51 fecisse
1102 1486 147 51 sicut
1200 1486 147 51 fecit
1297 1486 81 51 &
1330 1486 163 51 Sanson
1444 1486 114 51 cum
1509 1486 228 51 alienigena
1672 1486 212 51 contrahens.

213 1532 123 49 Hoc
284 1532 123 49 sic
354 1532 211 49 impugno.
513 1532 194 49 Seruare
654 1532 159 49 vitam
760 1532 123 49 est
830 1532 159 49 iuris
936 1532 247 49 naturalis.
1129 1532 141 49 Omne
1218 1532 159 49 autem
1323 1532 141 49 tale
1411 1532 123 49 ius
1482 1532 194 49 diuinam
1623 1532 247 49 sanctionem
1799 1532 88 49 no¬-

215 1578 140 51 stris
309 1578 233 51 praecordiis
496 1578 171 51 insitam
620 1578 171 51 reputo:
745 1578 156 51 itaque
854 1578 140 51 Dauid
947 1578 171 51 poterat
1072 1578 140 51 tales
1165 1578 140 51 panes
1258 1578 93 51 in
1305 1578 233 51 necessitate
1492 1578 171 51 capere.
1616 1578 187 51 Secundo,
1756 1578 93 51 si
1788 1578 93 51 boni

219 1623 126 56 illi
298 1623 204 56 Machabaei
455 1623 189 56 fuissent
596 1623 94 56 in
644 1623 173 56 occulto
769 1623 126 56 fame
848 1623 189 56 perituri
989 1623 126 56 nisi
1068 1623 173 56 suillas
1194 1623 157 56 carnes
1304 1623 251 56 comedissent,
1508 1623 189 56 poterant
1649 1623 141 56 illas
1728 1623 157 56 sumpsis¬-

216 1672 113 53 se,
280 1672 97 53 vt
329 1672 274 53 Carthusiensis
555 1672 129 53 nunc
636 1672 129 53 post
716 1672 145 53 votum
813 1672 97 53 de
862 1672 242 53 abstinentia
1055 1672 81 53 a
1088 1672 194 53 carnibus
1233 1672 97 53 in
1281 1672 194 53 occulto.
1427 1672 145 53 Multa
1524 1672 129 53 sunt
1604 1672 113 53 hic
1669 1672 210 53 inculcata
1814 1672 81 53 in¬-

225 1719 114 56 ter
290 1719 229 56 arguendum.
470 1719 114 56 Pro
535 1719 180 56 omnibus
666 1719 147 56 autem
764 1719 147 56 telis
862 1719 180 56 allatis
992 1719 180 56 dicimus
1123 1719 131 56 quod
1205 1719 212 56 Antiochus
1368 1719 98 56 in
1417 1719 147 56 legis
1515 1719 196 56 Mosaicae
1662 1719 229 56 contemptum
1826 1719 65 56 im

232 1761 166 53 perauit
353 1761 106 53 eis
413 1761 197 53 tyrannice
565 1761 166 53 esitare
685 1761 166 53 carnes,
806 1761 106 53 cui
867 1761 151 53 parere
973 1761 212 53 noluerunt,
1139 1761 166 53 strenui
1260 1761 91 53 in
1305 1761 106 53 hoc
1366 1761 257 53 propugnatores
1578 1761 151 53 legis.
1683 1761 151 53 Carnes
1774 1761 106 53 tamen

232 1809 99 56 in
281 1809 181 56 occulto
413 1809 198 56 poterant
561 1809 165 56 impune
676 1809 148 56 edere
775 1809 148 56 sicut
874 1809 280 56 Carthusiensis
1105 1809 99 56 in
1154 1809 198 56 occulto,
1302 1809 148 56 licet
1401 1809 198 56 expresse
1550 1809 99 56 se
1599 1809 165 56 carnes
1714 1809 115 56 non
1764 1809 115 56 mandu

229 1855 175 55 caturum
356 1855 191 55 vouerit.
500 1855 111 55 Nec
563 1855 159 55 excuso
675 1855 175 55 Dauidem
802 1855 96 55 ea
850 1855 111 55 via
914 1855 111 55 qua
977 1855 175 55 Ioannes
1105 1855 175 55 gerson:
1232 1855 175 55 quoniam
1360 1855 127 55 ipse
1439 1855 96 55 de
1487 1855 127 55 illa
1567 1855 255 55 inspiratione
1758 1855 127 55 docere

212 1904 208 53 nequiret,
372 1904 80 53 &
404 1904 192 53 inaniter
547 1904 112 53 (vt
611 1904 112 53 mea
675 1904 128 53 fert
755 1904 176 53 opinio)
882 1904 96 53 ad
930 1904 112 53 eam
994 1904 192 53 volitat.
1138 1904 80 53 ⁋
1170 1904 208 53 Insultas.
1329 1904 128 53 Tunc
1409 1904 96 53 in
1457 1904 160 53 diuino
1569 1904 128 53 iure
1649 1904 223 53 ignorantia
1824 1904 96 53 in

231 1948 212 51 uincibilis
397 1948 136 51 locum
488 1948 182 51 haberet.
625 1948 197 51 Oppositum
776 1948 151 51 affert
882 1948 136 51 omnim
973 1948 167 51 concors
1094 1948 212 51 sententia,
1261 1948 91 51 vt
1306 1948 151 51 Gerson
1412 1948 197 51 affirmat.
1564 1948 167 51 Sequela
1685 1948 136 51 tamen
1776 1948 106 51 sic
1821 1948 61 51 ro

223 1993 178 56 boratur.
356 1993 192 56 Abstinere
504 1993 89 56 ab
549 1993 104 56 esu
608 1993 192 56 suillarum
756 1993 163 56 carnium
875 1993 104 56 pro
934 1993 133 56 legis
1023 1993 163 56 decursu
1141 1993 118 56 erat
1215 1993 163 56 diuinae
1333 1993 222 56 sanctionis:
1511 1993 89 56 at
1556 1993 163 56 seruare
1674 1993 133 56 vitam
1748 1993 148 56 secundum

228 2037 153 61 dicta,
335 2037 123 61 quia
412 2037 107 61 est
473 2037 138 61 iuris
565 2037 215 61 naturalis,
734 2037 169 61 arctius
856 2037 199 61 seruandum
1010 2037 123 61 est.
1087 2037 184 61 Quicquid
1225 2037 138 61 autem
1317 2037 153 61 Gerson
1424 2037 138 61 dicat
1516 2037 107 61 cum
1577 2037 199 61 Guillelmo
1715 2037 169 61 parisien¬-

214 2088 119 61 si,
282 2088 188 61 concedo
419 2088 256 61 ignorantiam
623 2088 273 61 inuincibilem
845 2088 102 61 in
896 2088 171 61 diuino
1015 2088 256 61 praescripto
1220 2088 153 61 locum
1322 2088 188 61 habere.
1459 2088 136 61 Sunt
1544 2088 119 61 duo
1612 2088 171 61 quorum
1714 2088 171 61 vtrinque

218 2136 209 51 separatim
379 2136 225 51 contingens
556 2136 113 51 est
620 2136 177 51 diuinae
748 2136 161 51 legis.
861 2136 193 51 Opposito
1006 2136 129 51 modo
1086 2136 177 51 euenire
1215 2136 145 51 prima
1311 2136 161 51 fronte
1424 2136 209 51 videntur,
1585 2136 129 51 tunc
1665 2136 193 51 vtranuis
1794 2136 96 51 par¬-

221 2183 96 54 tem
276 2183 165 54 faciendo
400 2183 110 54 homo
469 2183 138 54 minime
565 2183 124 54 legem
648 2183 234 54 prauaricatur,
841 2183 69 54 &
868 2183 124 54 tamen
951 2183 138 54 altera
1047 2183 110 54 pers
1116 2183 124 54 solum
1199 2183 96 54 est
1254 2183 151 54 diuinae
1364 2183 138 54 legis.
1460 2183 124 54 Patet
1543 2183 83 54 de
1584 2183 124 54 aliis
1667 2183 207 54 Macchabaeis
1818 2183 83 54 pri¬-

220 2226 92 50 mi
266 2226 277 50 Macchabaeorum.
497 2226 108 50 ii,
558 2226 108 50 qui
620 2226 92 50 in
666 2226 169 50 sabbato
789 2226 108 50 non
851 2226 262 50 reluctabantur
1066 2226 154 50 immani
1174 2226 154 50 hosti,
1282 2226 108 50 nec
1343 2226 154 50 ostium
1451 2226 200 50 speluncae
1605 2226 215 50 obturabant
1759 2226 123 50 vigore

219 2275 141 54 legis
313 2275 220 54 deterriti:
486 2275 172 54 attamen
611 2275 220 54 propositum
784 2275 172 54 saniore
909 2275 188 54 consilio
1050 2275 204 54 mutarunt.
1207 2275 220 54 Concedimus
1380 2275 157 54 itaque
1489 2275 251 54 ignorationem
1677 2275 220 54 inuincibilem

233 2320 84 49 in
275 2320 140 49 diuino
373 2320 112 49 iure
443 2320 196 49 occurrere,
598 2320 84 49 in
640 2320 98 49 his
696 2320 112 49 quae
766 2320 98 49 non
822 2320 154 49 tenetur
934 2320 112 49 homo
1004 2320 140 49 scire.
1103 2320 154 49 Agrotus
1215 2320 168 49 quispiam
1341 2320 84 49 in
1383 2320 84 49 eo
1425 2320 196 49 discrimine
1579 2320 168 49 ponitur,
1706 2320 112 49 nisi
1762 2320 126 49 pericu¬-

225 2367 143 60 losam
321 2367 207 60 medicinam
480 2367 175 60 ceperit
607 2367 175 60 iudicio
735 2367 207 60 medicorum
894 2367 191 60 supremum
1037 2367 127 60 aget
1117 2367 127 60 diem
1196 2367 191 60 repente.
1340 2367 96 60 Ex
1387 2367 191 60 opposito
1531 2367 191 60 medicina
1674 2367 207 60 assumenda
1817 2367 80 60 est

221 2418 217 57 periculosa,
394 2418 101 57 hic
452 2418 174 57 vtrinque
582 2418 87 57 de
626 2418 101 57 non
684 2418 159 57 peccato
799 2418 159 57 agitur.
915 2418 159 57 Insuper
1031 2418 145 57 aliubi
1132 2418 101 57 hoc
1190 2418 203 57 expressius
1349 2418 159 57 diximus
1465 2418 72 57 &
1494 2418 130 57 summa
1581 2418 174 57 rationis
1711 2418 116 57 est.
1769 2418 116 57 Bapti¬-

227 2462 119 48 smus
301 2462 238 48 hierosolymis
495 2462 238 48 sufficienter
688 2462 223 48 promulgatus
866 2462 119 48 erat
940 2462 149 48 diuini
1044 2462 134 48 iuris
1133 2462 178 48 antequam
1267 2462 134 48 Indis
1356 2462 238 48 declararetur
1549 2462 134 48 tale,
1638 2462 163 48 proinde
1742 2462 149 48 remotio¬-

232 2509 100 54 res
289 2509 128 54 illud
374 2509 100 54 ius
431 2509 256 54 inuincibiliter
644 2509 213 54 ignorarunt.
815 2509 71 54 ⁋
843 2509 227 54 Consequenter
1028 2509 171 54 postquam
1156 2509 114 54 vnus
1227 2509 128 54 finis
1312 2509 85 54 de
1355 2509 171 54 illicito
1483 2509 156 54 licitum
1597 2509 142 54 facit,
1696 2509 185 54 ambigitur
1824 2509 57 54 an

223 2554 134 55 finis
312 2554 134 55 bonus
402 2554 149 55 culpam
506 2554 193 55 attenuet,
655 2554 89 55 vt
699 2554 89 55 si
744 2554 134 55 furer
833 2554 104 55 rem
893 2554 164 55 diuitis
1012 2554 89 55 vt
1057 2554 179 55 pauperis
1191 2554 164 55 inopiam
1310 2554 149 55 leuem.
1414 2554 74 55 ⁋
1444 2554 223 55 Affirmatiue
1622 2554 238 55 respondemus.
1801 2554 104 55 Pro¬i

231 2601 148 55 batio.
335 2601 252 55 Multiplicatio
543 2601 133 55 finis
632 2601 208 55 laudabilis
795 2601 133 55 facit
884 2601 133 55 actum
973 2601 267 55 laudabiliorem,
1195 2601 119 55 pari
1269 2601 119 55 modo
1343 2601 133 55 culpa
1432 2601 148 55 culpae
1536 2601 222 55 superaddita
1714 2601 133 55 totum
1788 2601 89 55 dete

225 2651 112 50 rius
295 2651 154 50 reddit,
407 2651 154 50 proinde
519 2651 126 50 bonum
603 2651 112 50 malo
673 2651 168 50 adiectum
799 2651 112 50 eius
869 2651 168 50 malitiam
995 2651 182 50 temperat,
1134 2651 126 50 sicut
1218 2651 140 50 algida
1316 2651 126 50 aquam
1400 2651 168 50 feruenti
1526 2651 168 50 adiuncta
1652 2651 182 50 congeriem
1778 2651 98 50 tepi¬-

225 2696 110 57 dam
288 2696 157 57 facit.
398 2696 78 57 ⁋
429 2696 110 57 Sed
492 2696 173 57 obiicio
618 2696 126 57 his.
696 2696 141 57 Primo
790 2696 126 57 sic.
869 2696 126 57 Vnus
947 2696 141 57 finis
1042 2696 141 57 bonus
1136 2696 188 57 adiectus
1277 2696 126 57 vnum
1356 2696 157 57 gradum
1465 2696 188 57 malitiae
1607 2696 173 57 adimit:
1732 2696 188 57 secundus
1858 2696 47 57 c

226 2745 128 57 autem
311 2745 128 57 finis
396 2745 100 57 non
453 2745 100 57 est
510 2745 128 57 minus
596 2745 128 57 bonus
681 2745 114 57 quam
752 2745 213 57 praecedens:
923 2745 142 57 itaque
1022 2745 185 57 tantundem
1165 2745 185 57 subducit,
1307 2745 71 57 &
1335 2745 114 57 tota
1406 2745 242 57 imputabilitas
1606 2745 171 57 criminis
1734 2745 100 57 non
1790 2745 100 57 est
1833 2745 57 57 i¬-

229 2794 148 59 mensa,
333 2794 119 59 ergo
407 2794 163 59 additio
526 2794 163 59 bonorum
645 2794 148 59 finium
748 2794 134 59 totam
837 2794 208 59 prauitatem
1001 2794 208 59 subtrahit,
1164 2794 74 59 &
1194 2794 89 59 ex
1238 2794 223 59 consequenti
1416 2794 134 59 dabis
1505 2794 148 59 furtum
1609 2794 74 59 &
1639 2794 119 59 opus
1713 2794 104 59 per
1772 2794 89 59 se
1802 2794 74 59 ma¬-

229 2834 106 72 lum
289 2834 136 72 bonis
380 2834 166 72 finibus
501 2834 151 72 fultum
606 2834 166 72 nullius
727 2834 151 72 noxae,
833 2834 121 72 quod
908 2834 151 72 liquet
1014 2834 121 72 esse
1089 2834 166 72 falsum.
1210 2834 75 72 ⁋
1240 2834 181 72 Secundo,
1376 2834 181 72 Socrates
1512 2834 106 72 sua
1572 2834 181 72 auaritia
1693 2834 211 72 inexplebili.

221 2885 76 62 a
251 2885 151 62 Croeso
357 2885 181 62 opulento
493 2885 196 62 clanculum
644 2885 121 62 tres
719 2885 121 62 oues
795 2885 196 62 subducit.
946 2885 136 62 Plato
1036 2885 166 62 totidem
1157 2885 151 62 simili
1263 2885 151 62 conatu
1369 2885 91 62 ab
1414 2885 121 62 alio
1489 2885 181 62 furatur,
1625 2885 91 62 vt
1671 2885 151 62 indigo
1761 2885 121 62 succur

220 2933 122 62 rat,
296 2933 107 62 quo
357 2933 199 62 supposito
510 2933 107 62 sic
571 2933 229 62 argumentor.
754 2933 183 62 Quicquid
892 2933 183 62 malitiae
1029 2933 107 62 est
1091 2933 92 62 in
1136 2933 122 62 actu
1213 2933 183 62 Socratis
1350 2933 107 62 est
1411 2933 92 62 in
1457 2933 122 62 actu
1534 2933 199 62 Platonis,
1686 2933 153 62 itaque
1778 2933 107 62 actus

225 2975 175 53 Platonis
357 2975 102 53 non
415 2975 102 53 est
473 2975 160 53 minoris
590 2975 146 53 culpae
692 2975 117 53 quam
765 2975 131 53 actus
853 2975 190 53 Socratis.
998 2975 73 53 ⁋
1028 2975 88 53 Ad
1071 2975 146 53 prius.
1173 2975 175 53 Obiectum
1305 2975 175 53 dicitur,
1436 2975 117 53 quod
1509 2975 73 53 a
1538 2975 146 53 maiore
1640 2975 131 53 culpa
1728 2975 131 53 silis
1800 2975 88 53 cir¬-

221 3026 216 64 cunstantia
390 3026 123 64 plus
468 3026 185 64 malitiae
606 3026 201 64 subducit,
761 3026 93 64 ac
807 3026 77 64 a
838 3026 154 64 minore
946 3026 123 64 noxa
1023 3026 139 64 minus
1116 3026 154 64 aufert
1224 3026 108 64 vbi
1286 3026 247 64 superabundat
1486 3026 185 64 delictum
1625 3026 139 64 illic
1702 3026 201 64 misericor¬.

226 3066 106 57 dia
286 3066 136 57 locum
377 3066 151 57 habet,
483 3066 76 57 &
513 3066 91 57 si
559 3066 136 57 ponas
650 3066 151 57 multas
756 3066 136 57 bonas
847 3066 272 57 circumstantias
1074 3066 136 57 simul
1164 3066 167 57 allatas
1285 3066 136 57 illae
1376 3066 136 57 mutuo
1467 3066 212 57 prauitatem
1634 3066 227 57 attemperant
1800 3066 91 57 vni¬-

227 3120 84 54 ca
269 3120 225 54 subtractione
452 3120 154 54 totius.
564 3120 168 54 Secundum
690 3120 154 54 iaculum
802 3120 98 54 non
859 3120 126 54 mouet
943 3120 112 54 nisi
1013 3120 112 54 plus
1083 3120 84 54 in
1125 3120 211 54 authoritate
1294 3120 154 54 sumatur
1406 3120 168 54 scilicet
1532 3120 98 54 non
1588 3120 98 54 est
1644 3120 239 54 circumstantia
1827 3120 56 54 in

219 3161 220 68 posteriori
392 3161 251 68 improbitatem
596 3161 204 68 minorans,
754 3161 126 68 quod
832 3161 157 68 liquet
942 3161 126 68 esse
1021 3161 236 68 respuendum.
1209 3161 79 68 ⁋
1241 3161 236 68 Consentanee
1429 3161 94 68 ad
1477 3161 126 68 hoc,
1555 3161 173 68 ambigis
1681 3161 94 68 an
1728 3161 141 68 actus
1807 3161 94 68 duos

232 3209 103 88 hns
291 3209 133 88 fines
380 3209 148 88 simul,
483 3209 133 88 bonum
572 3209 133 88 atque
661 3209 148 88 malum,
764 3209 133 88 simul
853 3209 103 88 sit
912 3209 133 88 bonus
1001 3209 89 88 ac
1045 3209 148 88 malus.
1148 3209 133 88 Nullo
1237 3209 103 88 mon
1296 3209 89 88 de
1340 3209 118 88 actu
1414 3209 133 88 nullo
1503 3209 177 88 elicito,
1636 3209 118 88 ille
1710 3209 118 88 enim
1784 3209 133 88 totus
1858 3209 44 88 I
