2402 3588
469 241 113 83 Nam
534 241 291 83 concupiscentia
776 241 113 83 est
841 241 275 83 delectabilis,
1068 241 162 83 quando
1181 241 113 83 res
1246 241 162 83 cupita
1359 241 113 83 est
1424 241 210 83 praesens:
1586 241 81 83 &
1618 241 194 83 tristis,
1764 241 162 83 quando
1877 241 162 83 deest.
1991 241 113 83 Sed
2039 241 146 83 electio

480 317 114 51 nec
545 317 114 51 est
610 317 179 51 iucunda
740 317 114 51 nec
805 317 195 51 tristis,
951 317 114 51 cum
1016 317 179 51 electio
1146 317 98 51 in
1195 317 195 51 rationis
1341 317 276 51 deliberatione
1569 317 228 51 consistat.
1747 317 81 51 ⁋
1780 317 195 51 Sequitur
1926 317 163 51 quarta
2024 317 146 51 conclu¬-

486 366 130 51 sio.
567 366 98 51 Et
616 366 147 51 tanto
714 366 147 51 minus
812 366 179 51 electio
942 366 114 51 est
1007 366 130 51 ira,
1089 366 114 51 cum
1154 366 130 51 illa
1235 366 130 51 quae
1317 366 130 51 irae
1398 366 130 51 motu
1480 366 261 51 perpetrantur
1691 366 114 51 non
1757 366 179 51 emanent
1887 366 98 51 ab
1936 366 228 51 electione,
2099 366 65 51 vt

480 408 153 56 liquet.
591 408 250 56 Concupiscentia
799 408 125 56 autem
883 408 97 56 est
938 408 97 56 cum
994 408 250 56 deliberatione:
1202 408 111 56 ergo
1271 408 83 56 si
1313 408 153 56 electio
1424 408 97 56 non
1479 408 97 56 est
1535 408 250 56 concupiscentia
1743 408 69 56 a
1771 408 167 56 fortiori
1895 408 97 56 non
1951 408 97 56 est
2006 408 111 56 ita.
2076 408 97 56 Nam
2117 408 56 56 si

475 456 86 55 id
518 456 115 55 quod
589 456 129 55 magis
675 456 157 55 videtur
790 456 143 55 inesse
890 456 100 55 non
947 456 143 55 insit,
1047 456 100 55 nec
1105 456 129 55 illud
1190 456 115 55 quod
1262 456 129 55 minus
1348 456 157 55 videtur
1463 456 143 55 inesse
1563 456 157 55 inerit.
1677 456 72 55 ⁋
1706 456 172 55 Sequitur
1835 456 143 55 quinta
1935 456 200 55 conclusio.
2078 456 86 55 Ele¬-

481 501 118 51 ctio
555 501 104 51 non
614 501 104 51 est
673 501 192 51 voluntas,
821 501 133 51 licet
910 501 192 51 voluntati
1058 501 104 51 sit
1117 501 192 51 finitima:
1265 501 133 51 patet
1354 501 133 51 primo
1442 501 118 51 quia
1516 501 163 51 electio
1635 501 104 51 non
1694 501 104 51 est
1753 501 251 51 impossibilium
1960 501 74 51 &
1990 501 133 51 eorum
2078 501 118 51 quae

475 549 135 57 fieri
565 549 195 57 nequeunt.
715 549 75 57 Q
745 549 90 57 si
790 549 120 57 quis
865 549 165 57 eligere
985 549 165 57 dixerit
1105 549 105 57 ea,
1165 549 150 57 demens
1270 549 240 57 reputabitur,
1466 549 180 57 voluntas
1601 549 135 57 autem
1691 549 105 57 est
1751 549 255 57 impossibilium
1961 549 90 57 vt
1991 549 180 57 immortali¬-

478 599 155 56 tatis.
587 599 171 56 Secundo
711 599 186 56 probatur
851 599 124 56 haec
928 599 217 56 conclusio.
1099 599 155 56 Nullus
1208 599 155 56 eligit
1316 599 93 56 ea
1363 599 124 56 quae
1440 599 109 56 non
1502 599 171 56 possunt
1627 599 109 56 per
1689 599 140 56 ipsum
1782 599 155 56 fieri:
1890 599 171 56 electio
2014 599 124 56 enim
2076 599 78 56 est

478 644 126 49 solum
562 644 126 49 eorum
646 644 112 49 quae
716 644 112 49 sunt
786 644 84 49 in
828 644 98 49 nra
884 644 196 49 potestate,
1038 644 98 49 sed
1094 644 168 49 quispiam
1220 644 126 49 poest
1304 644 126 49 velle
1389 644 84 49 ea
1431 644 112 49 quae
1501 644 84 49 in
1543 644 98 49 sua
1599 644 182 49 potestate
1739 644 112 49 sita
1809 644 98 49 non
1865 644 126 49 sunt,
1949 644 84 49 vt
1991 644 154 49 volumus
2089 644 84 49 ple¬-

474 690 150 64 runque
579 690 165 64 aliquid
699 690 90 64 vt
744 690 225 64 histrionem,
924 690 105 64 aut
984 690 225 64 gladiatorem
1164 690 180 64 quempiam
1299 690 90 64 in
1343 690 195 64 certamine
1493 690 180 64 vincere,
1628 690 120 64 quod
1703 690 90 64 in
1748 690 150 64 nostra
1853 690 195 64 facultate
1988 690 180 64 collocatum

481 737 105 61 non
541 737 120 61 est:
616 737 90 61 at
661 737 150 61 eligit
765 737 135 61 talia
855 737 135 61 nemo,
945 737 105 61 sed
1004 737 105 61 qui
1064 737 105 61 per
1124 737 165 61 seipsum
1244 737 194 61 existimat
1393 737 135 61 posse
1483 737 150 61 fieri.
1588 737 165 61 Insuper
1707 737 179 61 voluntas
1842 737 150 61 potius
1947 737 105 61 est
2006 737 150 61 ipsius
2096 737 75 61 fi¬-

481 785 136 60 nis,
566 785 187 60 electio
702 785 153 60 autem
804 785 153 60 eorum
906 785 136 60 quae
991 785 136 60 sunt
1076 785 102 60 ad
1127 785 170 60 finem:
1246 785 102 60 vt
1297 785 136 60 sani
1381 785 170 60 quidem
1500 785 136 60 esse
1585 785 204 60 volumus,
1738 785 204 60 eligimus
1891 785 153 60 autem
1993 785 102 60 ea
2027 785 136 60 quibus

482 832 160 57 erimus
594 832 144 57 sani,
690 832 80 57 &
722 832 144 57 beati
818 832 128 57 esse
898 832 176 57 volumus
1025 832 144 57 atque
1121 832 112 57 ita
1185 832 192 57 dicimus.
1329 832 176 57 Eligere
1457 832 144 57 autem
1553 832 160 57 dicere
1665 832 112 57 non
1729 832 208 57 congruit:
1888 832 176 57 electio
2016 832 128 57 enim
2080 832 80 57 est

478 877 143 55 finis
574 877 207 55 consiliis
733 877 95 55 vt
780 877 175 55 posthac
908 877 191 55 patebit.
1051 877 127 55 Omne
1131 877 207 55 eligibile
1290 877 111 55 est
1353 877 271 55 consiliabile,
1576 877 207 55 consilium
1735 877 143 55 autem
1831 877 111 55 non
1894 877 111 55 est
1958 877 95 55 de
2006 877 143 55 fine.
2085 877 80 55 Me¬-

480 928 152 61 dicus
582 928 136 61 enim
666 928 102 61 de
717 928 186 61 coporis
853 928 203 61 sanitate
1005 928 254 61 recuperanda
1208 928 169 61 minime
1327 928 237 61 consultat,
1513 928 119 61 sed
1581 928 102 61 de
1632 928 119 61 his
1700 928 136 61 quae
1784 928 102 61 ad
1835 928 203 61 corporis
1971 928 203 61 incolumita

476 975 111 57 tem
540 975 223 57 promouent,
715 975 80 57 &
747 975 223 57 potissimum
922 975 111 57 est
986 975 96 57 ei
1033 975 143 57 sermo
1129 975 96 57 de
1177 975 127 57 fine
1256 975 223 57 principali
1432 975 127 57 siue
1511 975 159 57 vltimo
1623 975 96 57 in
1670 975 111 57 suo
1734 975 175 57 genere:
1861 975 96 57 in
1909 975 143 57 aliis
2005 975 143 57 autem
2084 975 80 57 fi¬-

485 1025 153 56 nibus
587 1025 136 56 vnus
672 1025 102 56 ob
722 1025 153 56 alium
824 1025 237 56 ordinatur,
1011 1025 153 56 sicut
1113 1025 119 56 vna
1180 1025 220 56 conclusio
1350 1025 271 56 demonstrata,
1570 1025 153 56 patet
1672 1025 102 56 in
1723 1025 204 56 Euclide,
1876 1025 119 56 per
1944 1025 153 56 totum
2028 1025 136 56 potest

478 1078 135 50 esse
562 1078 236 50 principium
748 1078 202 50 alterius
900 1078 337 50 demonstrationis,
1186 1078 118 50 sic
1254 1078 101 50 de
1304 1078 185 50 finibus
1439 1078 152 50 minus
1540 1078 303 50 principalibus.
1793 1078 236 50 Dignitates
1979 1078 152 50 tamen
2063 1078 101 50 sunt

482 1114 357 53 indemonstrabiles:
788 1114 119 53 sic
856 1114 153 53 finis
958 1114 238 53 praecipuus
1145 1114 102 53 in
1196 1114 289 53 consultatione
1434 1114 119 53 non
1502 1114 204 53 ponitur:
1655 1114 187 53 vincere
1791 1114 136 53 enim
1876 1114 102 53 in
1910 1114 255 53 consultatione

476 1160 118 63 non
543 1160 202 63 ponitur:
695 1160 118 63 sed
762 1160 118 63 quo
829 1160 151 63 pacto
930 1160 168 63 melius
1048 1160 185 63 vincere
1183 1160 219 63 possimus.
1351 1160 151 63 Atque
1452 1160 168 63 omnino
1569 1160 151 63 circa
1670 1160 101 63 ea
1721 1160 185 63 versari
1855 1160 185 63 videtur
1990 1160 135 63 quae
2074 1160 101 63 in
2108 1160 67 63 no

483 1205 131 54 stra
565 1205 131 54 sunt
646 1205 229 54 potestate.
827 1205 131 54 Hanc
908 1205 197 54 repetit,
1056 1205 131 54 quia
1138 1205 147 54 inter
1236 1205 197 54 reliquas
1383 1205 197 54 rationes
1531 1205 115 54 est
1596 1205 213 54 praecipue
1760 1205 197 54 memoriae
1891 1205 180 54 mandanda.

498 1254 82 61 ⁋
530 1254 99 61 At
580 1254 148 61 forte
679 1254 148 61 dicis
777 1254 115 61 hac
843 1254 214 61 electione
1008 1254 165 61 medium
1123 1254 99 61 ad
1172 1254 148 61 finem
1271 1254 214 61 eligimus,
1436 1254 132 61 haec
1518 1254 181 61 electio
1649 1254 115 61 est
1715 1254 197 61 volitio,
1863 1254 132 61 ergo
1946 1254 115 61 hac
1995 1254 181 61 volitione

488 1303 175 57 medium
610 1303 105 57 ad
662 1303 157 57 finem
767 1303 227 57 eligimus,
942 1303 280 57 expositorie.
1169 1303 87 57 ⁋
1204 1303 227 57 Respondeo
1379 1303 105 57 id
1431 1303 140 57 esse
1518 1303 175 57 verum,
1641 1303 122 57 sed
1711 1303 175 57 dicit,
1833 1303 245 57 communiter
2008 1303 157 57 dicimus

489 1350 230 55 electionem
669 1350 131 55 esse
752 1350 197 55 mediorum
899 1350 99 55 ad
949 1350 164 55 finem:
1064 1350 82 55 &
1097 1350 131 55 quia
1179 1350 148 55 velle
1277 1350 115 55 est
1343 1350 214 55 communius
1508 1350 99 55 ad
1557 1350 197 55 vtrunque
1705 1350 82 55 &
1738 1350 164 55 statum
1853 1350 148 55 finis
1951 1350 99 55 in
1984 1350 181 55 consulta¬-

492 1396 185 46 tionem
621 1396 129 46 non
695 1396 222 46 ponimus,
861 1396 166 46 velle
972 1396 314 46 descriptionem
1231 1396 148 46 fini
1305 1396 277 46 accommodamus.

489 1421 82 74 ⁋
521 1421 213 74 Dubitatur
686 1421 148 74 primo
784 1421 148 74 circa
883 1421 164 74 dicta.
997 1421 181 74 Videtur
1129 1421 131 74 enim
1211 1421 131 74 quod
1293 1421 181 74 electio
1424 1421 148 74 insit
1523 1421 197 74 belluis:
1671 1421 115 74 nam
1736 1421 115 74 bos
1802 1421 131 74 hanc
1884 1421 181 74 haerbam
1999 1421 164 74 acceptat

489 1489 125 65 illa
568 1489 219 65 repudiata.
740 1489 94 65 Et
787 1489 172 65 electio
912 1489 110 65 est
975 1489 157 65 duobus
1084 1489 219 65 propositis
1257 1489 141 65 vnius
1351 1489 125 65 prae
1429 1489 125 65 alio
1507 1489 204 65 acceptio:
1664 1489 125 65 ergo
1742 1489 125 65 male
1820 1489 141 65 dicit
1914 1489 235 65 philosophus
2102 1489 94 65 in

481 1543 221 50 principio
651 1543 153 50 bruta
753 1543 119 50 non
821 1543 204 50 eligere.
973 1543 85 50 ⁋
1007 1543 187 50 Secundo
1143 1543 221 50 dubitatur
1313 1543 102 50 de
1364 1543 204 50 veritate
1517 1543 187 50 illius,
1653 1543 306 50 concupiscentia
1907 1543 119 50 non
1958 1543 204 50 contraria¬-

488 1583 120 61 tur
556 1583 343 61 concupiscentiae.
848 1583 120 61 Nam
916 1583 206 61 Socrates
1070 1583 257 61 concupiscit
1276 1583 188 61 gloriam
1413 1583 86 61 &
1447 1583 240 61 pecuniarum
1636 1583 206 61 cumulum,
1790 1583 120 61 sed
1859 1583 137 61 sine
1944 1583 206 61 pecuniae
2081 1583 86 61 con

477 1632 227 54 sumptione
651 1632 157 54 perit
756 1632 192 54 gloria,
896 1632 105 54 vt
948 1632 245 54 pecuniarum
1140 1632 245 54 abundantia
1333 1632 192 54 indiget
1472 1632 245 54 retentione
1664 1632 227 54 pecuniae.
1839 1632 87 54 ⁋
1874 1632 175 54 Tertio
1979 1632 192 54 dubitatur

488 1675 99 59 an
537 1675 197 59 voluntas
685 1675 165 59 potest
800 1675 148 59 velle
899 1675 263 59 impossibile,
1113 1675 99 59 vt
1162 1675 99 59 se
1212 1675 132 59 esse
1294 1675 247 59 immortalem,
1491 1675 132 59 quod
1574 1675 115 59 est
1639 1675 247 59 impossibile
1837 1675 247 59 naturaliter
2018 1675 148 59 loquen¬-

475 1725 120 61 do.
544 1725 86 61 ⁋
578 1725 172 61 Quarto
698 1725 223 61 dubitatur
870 1725 103 61 an
922 1725 206 61 voluntas
1076 1725 103 61 ex
1128 1725 223 61 libertate
1300 1725 120 61 sua
1369 1725 172 61 potest
1489 1725 223 61 acceptare
1661 1725 155 61 minus
1764 1725 155 61 bonum
1867 1725 172 61 maiore
1970 1725 172 61 relicto.

482 1773 86 57 ⁋
516 1773 103 57 Ad
568 1773 172 57 primam
688 1773 275 57 dubitationem
912 1773 258 57 respondetur
1119 1773 138 57 quod
1205 1773 189 57 electio
1343 1773 189 57 proprie
1480 1773 155 57 dicta
1584 1773 121 57 non
1653 1773 155 57 inest
1756 1773 241 57 pecoribus:
1945 1773 121 57 nam
2014 1773 103 57 de
2048 1773 121 57 ratio

480 1818 98 55 ne
529 1818 163 55 illius
643 1818 114 55 est
708 1818 163 55 libere
822 1818 114 55 hoc
887 1818 244 55 relinquere.
1082 1818 114 55 hoc
1147 1818 195 55 accepto:
1294 1818 130 55 quod
1375 1818 212 55 pecudibus
1538 1818 114 55 non
1603 1818 212 55 conuenit.
1766 1818 147 55 Equus
1864 1818 130 55 enim
1945 1818 130 55 fame
2010 1818 163 55 pertesus

490 1863 190 57 pabulum
628 1863 190 57 vndique
766 1863 104 57 in
818 1863 311 57 circunferentia
1078 1863 173 57 habens
1199 1863 190 57 accipit
1337 1863 156 57 illud
1441 1863 138 57 quod
1527 1863 173 57 sentit
1648 1863 380 57 conuenientissimum,
1977 1863 86 57 &
2011 1863 173 57 optime
2115 1863 52 57 a

488 1906 156 57 fronte
598 1906 94 57 ei
644 1906 234 57 applicatum,
832 1906 125 57 quod
910 1906 125 57 tale
988 1906 156 57 sentit
1097 1906 250 57 prosequitur:
1300 1906 109 57 nec
1362 1906 156 57 potest
1471 1906 156 57 aliud.
1581 1906 94 57 Si
1627 1906 109 57 duo
1690 1906 156 57 auenam
1799 1906 125 57 equo
1877 1906 218 57 famescenti
2049 1906 140 57 aequa

493 1956 143 54 liter
589 1956 80 54 a
620 1956 159 54 fronte
732 1956 255 54 praesentent,
939 1956 143 54 illud
1034 1956 95 54 ad
1082 1956 127 54 quod
1161 1956 191 54 obtuitum
1305 1956 143 54 primo
1400 1956 175 54 affigit
1527 1956 255 54 prosequitur,
1734 1956 191 54 paritate
1878 1956 143 54 data,
1973 1956 95 54 si
2021 1956 127 54 enim
2084 1956 80 54 al¬-

480 2003 112 60 ter
544 2003 112 60 sit
608 2003 96 60 ei
656 2003 160 60 notus,
768 2003 80 60 &
799 2003 144 60 cibum
895 2003 96 60 ei
943 2003 192 60 assuetus
1087 2003 240 60 ministrare,
1279 2003 144 60 illum
1374 2003 128 60 quia
1454 2003 128 60 plus
1534 2003 96 60 in
1582 2003 128 60 illo
1662 2003 160 60 sperat
1774 2003 192 60 protinus
1917 2003 144 60 adit:
2013 2003 112 60 sed
2061 2003 112 60 quem¬-

479 2049 166 55 cunque
595 2049 133 55 adit
678 2049 116 55 hoc
745 2049 249 55 naturaliter
944 2049 166 55 facit,
1060 2049 116 55 nec
1126 2049 99 55 in
1176 2049 133 55 eius
1258 2049 215 55 voluntate
1424 2049 116 55 est
1490 2049 215 55 oppositum
1656 2049 166 55 situm.
1772 2049 232 55 Percutimus
1955 2049 149 55 tamen
2037 2049 133 55 bellu¬-

483 2096 96 61 as
531 2096 128 61 sine
611 2096 144 61 earum
708 2096 160 61 culpa,
820 2096 96 61 vt
868 2096 112 61 sic
932 2096 112 61 vel
996 2096 112 61 sic
1060 2096 241 61 habituentur
1253 2096 160 61 quando
1365 2096 128 61 sunt
1445 2096 321 61 disciplinabiles.
1718 2096 112 61 Quo
1782 2096 144 61 pacto
1878 2096 144 61 canis
1975 2096 144 61 lanii
2055 2096 112 61 inte¬-

487 2148 139 59 grum
573 2148 156 59 bouem
677 2148 190 59 occisum
816 2148 173 59 minime
937 2148 225 59 attingit,
1110 2148 242 59 frustellum
1300 2148 104 59 ei
1352 2148 225 59 proiectum
1525 2148 173 59 lubens
1647 2148 225 59 acceptat.
1820 2148 190 59 Verbera
1958 2148 139 59 enim
2028 2148 139 59 timet.

487 2200 152 55 licet
589 2200 152 55 famen
690 2200 203 55 adigatur
843 2200 186 55 cadauer
978 2200 254 55 contingere.
1182 2200 85 55 ⁋
1215 2200 102 55 Ad
1266 2200 203 55 secundam
1419 2200 271 55 dubitationem
1639 2200 271 55 respondetur,
1859 2200 136 55 quod
1927 2200 237 55 concupiscen¬-

490 2238 145 55 tiae
580 2238 253 55 contrariae
779 2238 126 55 non
851 2238 235 55 competunt
1032 2238 181 55 eidem:
1158 2238 235 55 possibile
1339 2238 126 55 est
1411 2238 163 55 tamen
1520 2238 289 55 concupiscere
1755 2238 217 55 nummorum
1917 2238 199 55 aceruum
2062 2238 90 55 &
2080 2238 90 55 cum

487 2288 128 61 hoc
560 2288 220 61 gloriam.
725 2288 257 61 Pecuniarum
927 2288 257 61 adminiculo
1128 2288 202 61 gloriam
1275 2288 202 61 assequi
1421 2288 238 61 proponit,
1605 2288 165 61 inops
1715 2288 92 61 &
1751 2288 147 61 apud
1843 2288 202 61 homines
1971 2288 202 61 inglorius

484 2332 235 58 censetur.
665 2332 108 58 Et
719 2332 199 58 prudens
863 2332 217 58 secundum
1026 2332 181 58 rectam
1152 2332 217 58 rationem
1315 2332 271 58 competentes
1532 2332 199 58 expetit
1676 2332 163 58 opes.
1785 2332 145 58 Nemo
1875 2332 163 58 autem
1983 2332 163 58 simul
2074 2332 90 58 pau

484 2388 204 53 pertatem
637 2388 85 53 &
671 2388 170 53 amplas
790 2388 136 53 opes
875 2388 272 53 concupiscere
1095 2388 170 53 valet:
1214 2388 85 53 &
1248 2388 153 53 licet
1350 2388 170 53 gloria
1469 2388 102 53 ad
1520 2388 204 53 pecuniae
1673 2388 289 53 consumptionem
1910 2388 221 53 sequatur:
2063 2388 102 53 stat

485 2434 159 55 velle
591 2434 247 55 antecedens
785 2434 88 55 &
820 2434 123 55 non
891 2434 264 55 consequens.
1102 2434 88 55 ⁋
1137 2434 106 55 Ad
1190 2434 194 55 tertiam
1331 2434 282 55 dubitationem
1560 2434 264 55 respondetur
1771 2434 123 55 per
1842 2434 299 55 propositiones
2071 2434 88 55 qua

483 2471 121 65 rum
552 2471 155 65 prima
655 2471 138 65 est.
741 2471 258 65 Impossibile
948 2471 207 65 Socrates
1103 2471 172 65 potest
1224 2471 172 65 velle.
1344 2471 155 65 Patet
1447 2471 207 65 Socrates
1603 2471 172 65 potest
1723 2471 155 65 velle
1826 2471 155 65 louem
1930 2471 207 65 perditum
2068 2471 103 65 homi

488 2530 111 50 nem
552 2530 127 50 esse
631 2530 111 50 sua
695 2530 159 50 natura
806 2530 223 50 immortalem
981 2530 79 50 &
1013 2530 143 50 deum:
1108 2530 79 50 &
1140 2530 95 50 id
1187 2530 111 50 est
1251 2530 254 50 impossibile.
1458 2530 111 50 Sed
1521 2530 254 50 quisquiliis,
1728 2530 79 50 &
1760 2530 254 50 appellatione
1966 2530 191 50 rationis
2094 2530 79 50 se¬-

478 2565 158 69 clusa,
589 2565 174 69 notetur
716 2565 127 69 quod
795 2565 158 69 duplex
906 2565 111 69 est
969 2565 143 69 actus
1064 2565 238 69 voluntatis:
1254 2565 158 69 quidam
1365 2565 190 69 efficax,
1508 2565 95 69 id
1555 2565 111 69 est
1619 2565 143 69 actus
1714 2565 238 69 operationis
1904 2565 238 69 exequutiuus
2078 2565 79 69 obi

480 2620 246 55 cesecluso,
674 2620 141 55 hanc
762 2620 246 55 volitionem
955 2620 176 55 habens
1078 2620 193 55 quaerit
1219 2620 158 55 media
1324 2620 105 55 ad
1377 2620 158 55 finis
1482 2620 176 55 optati
1605 2620 334 55 consequutionem,
1887 2620 264 55 quemadmodum
2080 2620 88 55 est

481 2667 98 57 de
530 2667 196 57 sperante
677 2667 212 57 sanitatem
840 2667 114 57 qui
906 2667 163 57 doses,
1020 2667 196 57 enemata,
1167 2667 180 57 situpos
1298 2667 82 57 &
1331 2667 180 57 similia
1461 2667 131 57 sibi
1543 2667 114 57 pro
1608 2667 261 57 incolumitate
1821 2667 245 57 appropriata
2001 2667 163 57 quaerit.

476 2705 180 65 nolitio
607 2705 180 65 efficax
738 2705 131 65 pari
820 2705 148 65 passu
918 2705 246 65 diffinienda
1115 2705 164 65 venit.
1230 2705 180 65 Volitio
1361 2705 213 65 inefficax
1525 2705 197 65 opposito
1673 2705 131 65 modo
1755 2705 262 65 diffiniatur.
1968 2705 98 65 De
2001 2705 164 65 sanitate

481 2749 245 70 recuperanda
677 2749 229 70 desperans,
857 2749 131 70 vult
939 2749 82 70 &
971 2749 147 70 velle
1069 2749 164 70 potest
1184 2749 229 70 categorice
1364 2749 213 70 sanitatem
1527 2749 98 70 vt
1576 2749 147 70 reor:
1674 2749 311 70 conditionaliter
1936 2749 114 70 non
2001 2749 147 70 cadit
2100 2749 98 70 in

485 2808 182 54 dubium,
618 2808 83 54 &
651 2808 215 54 differunt
816 2808 132 54 isti
899 2808 116 54 duo
965 2808 149 54 actus
1064 2808 99 54 in
1114 2808 132 54 idem
1197 2808 198 54 obiectum
1346 2808 116 54 vel
1412 2808 99 54 in
1461 2808 182 54 similia
1594 2808 165 54 specie
1709 2808 149 54 lati,
1809 2808 149 54 penes
1908 2808 198 54 diuersum
2040 2808 116 54 modum

491 2851 97 50 in
539 2851 177 50 obiecta
668 2851 209 50 tendendi:
829 2851 97 50 vt
877 2851 177 50 notitia
1006 2851 209 50 intuitiua
1167 2851 80 50 &
1199 2851 241 50 abstractiua
1392 2851 177 50 eiusdem
1521 2851 177 50 obiecti
1649 2851 113 50 nec
1714 2851 145 50 inter
1810 2851 145 50 illos
1907 2851 113 50 est
1955 2851 209 50 incompossi¬-

492 2895 202 50 bilitas.
644 2895 118 50 Hoc
711 2895 219 50 praemisso
880 2895 253 50 respondetur
1082 2895 202 50 voluntas
1234 2895 219 50 inefficax
1403 2895 118 50 est
1470 2895 287 50 impossibilium
1707 2895 169 50 talium
1825 2895 236 50 putatorum.
2010 2895 118 50 Hoc
2061 2895 101 50 vult

490 2941 250 61 Aristoteles
690 2941 100 61 in
740 2941 167 61 litera
857 2941 100 61 de
907 2941 167 61 aliqua
1024 2941 233 61 volitione:
1207 2941 117 61 hoc
1274 2941 133 61 vult
1358 2941 117 61 hoc
1424 2941 150 61 modo.
1524 2941 167 61 Primus
1641 2941 183 61 angelus
1774 2941 267 61 aequalitatem
1991 2941 117 61 dei
2041 2941 117 61 appe¬-

493 2985 136 65 tere
578 2985 187 65 potuit,
714 2985 85 65 &
748 2985 119 65 hoc
816 2985 102 65 ad
867 2985 204 65 peccatum
1020 2985 221 65 sufficit.
1190 2985 187 65 Secundo
1326 2985 136 65 haec
1412 2985 272 65 consequentia
1633 2985 119 65 est
1701 2985 170 65 nulla:
1820 2985 238 65 apprehendo
1990 2985 187 65 Nabuchodo

482 3040 187 56 nosorem
618 3040 136 56 esse
703 3040 153 56 bouem
805 3040 204 56 errantem
958 3040 102 56 in
1009 3040 170 56 sylua:
1128 3040 136 56 ergo
1213 3040 306 56 Nabuchodonosor
1468 3040 170 56 potest
1587 3040 136 56 esse
1672 3040 136 56 bos:
1757 3040 85 56 &
1791 3040 170 56 nullus
1910 3040 119 56 est
1978 3040 153 56 error
2063 3040 102 56 nisi

503 3082 111 58 quia
573 3082 70 58 a
600 3082 125 58 magis
684 3082 125 58 amplo
767 3082 83 58 ad
809 3082 125 58 minus
892 3082 139 58 amplum
990 3082 209 58 proceditur:
1157 3082 153 58 igitur.
1268 3082 139 58 Tertio
1365 3082 209 58 intellectus
1532 3082 111 58 pont
1602 3082 209 58 intelligere
1769 3082 125 58 multa
1852 3082 195 58 possibilia
2005 3082 83 58 vt
2033 3082 125 58 hominem

490 3129 74 59 &
520 3129 163 59 asinum,
638 3129 74 59 &
668 3129 133 59 vnire
757 3129 119 59 illa
831 3129 193 59 adinuicem
979 3129 104 59 sic
1039 3129 119 59 quod
1113 3129 163 59 illorum
1231 3129 119 59 vnio
1305 3129 104 59 est
1365 3129 252 59 impossibilis,
1572 3129 89 59 vt
1617 3129 89 59 ho
1661 3129 178 59 existens
1794 3129 163 59 asinus,
1913 3129 74 59 &
1943 3129 222 59 intellectus
2106 3129 59 59 ad

487 3174 123 56 illud
569 3174 123 56 totum
651 3174 205 56 terminatur:
815 3174 68 56 &
842 3174 164 56 quicquid
965 3174 205 56 intellectus
1129 3174 191 56 intelligit
1279 3174 164 56 voluntas
1402 3174 123 56 velle
1484 3174 150 56 potest:
1593 3174 150 56 igitur.
1703 3174 68 56 ⁋
1730 3174 137 56 Contra
1826 3174 123 56 illud
1908 3174 178 56 arguitur:
2030 3174 137 56 voluntas

486 3218 103 84 non
545 3218 132 84 poest
633 3218 176 84 prosequi
765 3218 132 84 illud
853 3218 117 84 quod
927 3218 103 84 non
985 3218 103 84 est
1044 3218 191 84 iudicatum
1191 3218 88 84 ab
1235 3218 205 84 intellectu
1396 3218 117 84 esse
1470 3218 249 84 prosequendum:
1675 3218 103 84 sed
1734 3218 220 84 intellectus
1910 3218 103 84 non
1969 3218 147 84 potest
2057 3218 117 84 assen¬
