2361 3589
426 233 240 87 conducunt.
614 233 120 87 Hoc
683 233 223 87 inductiue
854 233 120 87 per
923 233 171 87 aliqua
1043 233 137 87 loco
1128 233 257 87 vniuersalis
1334 233 188 87 probat,
1471 233 223 87 inquiens:
1642 233 120 87 Nec
1711 233 137 87 enim
1796 233 188 87 medicus
1934 233 103 87 si
1968 233 154 87 sanabit

424 317 108 50 nec
485 317 154 50 orator
593 317 92 50 si
639 317 246 50 persuadebit,
839 317 108 50 nec
900 317 231 50 reipublicae
1084 317 215 50 gubernator
1253 317 92 50 si
1300 317 123 50 bene
1376 317 77 50 &
1407 317 215 50 tramquille
1576 317 200 50 ciuitatem
1730 317 169 50 legibus
1853 317 215 50 instituet,
2006 317 108 50 neque

431 357 205 58 caeterorum
592 357 175 58 quisquam
724 357 88 58 de
767 357 117 58 fine
840 357 205 58 deliberat:
1001 357 102 58 sed
1060 357 131 58 omnes
1147 357 146 58 posito
1249 357 117 58 fine
1323 357 146 58 quemad
1425 357 146 58 modum:
1527 357 73 58 &
1556 357 102 58 per
1615 357 117 58 quae
1688 357 117 58 fiet
1761 357 219 58 consultant:
1936 357 102 58 quo
1995 357 131 58 pacto
2068 357 58 58 an

439 400 124 61 vno,
516 400 93 61 an
562 400 186 61 pluribus
701 400 170 61 mediis,
825 400 77 61 &
856 400 108 61 quo
918 400 170 61 illorum
1042 400 201 61 facillime
1196 400 93 61 ad
1243 400 139 61 finem
1335 400 232 61 deuenietur.
1521 400 93 61 Et
1567 400 93 61 si
1614 400 139 61 vnico
1707 400 93 61 ad
1753 400 108 61 eum
1815 400 232 61 deueniendum
2000 400 108 61 est
2047 400 77 61 me¬-

432 446 131 63 dio.
514 446 115 63 qua
579 446 115 63 via
645 446 99 63 id
694 446 148 63 fiet,
793 446 82 63 &
826 446 115 63 per
892 446 131 63 quid
974 446 115 63 hoc
1040 446 230 63 assequemur
1220 446 164 63 medium
1335 446 115 63 quo
1401 446 99 63 ad
1450 446 164 63 primam
1565 446 230 63 deueniamus
1746 446 181 63 causam,
1878 446 131 63 quae
1943 446 181 63 inuentio¬-

423 491 94 65 ne
470 491 157 65 vltima
581 491 126 65 est.
659 491 110 65 Qui
722 491 126 65 enim
801 491 204 65 consultat
958 491 189 65 quaerere
1100 491 173 65 videtur
1225 491 142 65 atque
1320 491 220 65 resoluere,
1493 491 173 65 perinde
1619 491 142 65 atque
1713 491 126 65 ille
1792 491 110 65 qui
1855 491 157 65 lineas
1949 491 173 65 designat,

443 551 113 49 vel
508 551 210 49 resoluere
669 551 146 49 quasi
766 551 226 49 diadragma:
944 551 97 49 vt
993 551 210 49 Leonardus
1155 551 81 49 &
1187 551 178 49 antiqua
1316 551 226 49 translatio
1494 551 178 49 dicunt.
1624 551 210 49 Aliquando
1785 551 129 49 enim
1866 551 146 49 plura
1963 551 146 49 media
2044 551 81 49 oc¬-

442 590 165 54 currunt
562 590 105 54 per
622 590 150 54 quorum
728 590 195 54 quodlibet
878 590 120 54 homo
953 590 135 54 finem
1043 590 195 54 attingere
1194 590 165 54 potest:
1314 590 165 54 tuncque
1434 590 150 54 medium
1540 590 165 54 certius
1660 590 75 54 &
1690 590 180 54 facilius
1825 590 195 54 eligendum
1976 590 120 54 est.
2036 590 75 54 In¬-

433 632 149 58 terdum
537 632 119 58 vnum
612 632 149 58 medium
716 632 104 58 est
776 632 223 58 reperibile,
954 632 74 58 &
984 632 104 58 ita
1044 632 149 58 tandiu
1148 632 209 58 quaeritur,
1312 632 134 58 donec
1401 632 223 58 perueniatur
1580 632 89 58 ad
1625 632 149 58 primam
1729 632 164 58 causam,
1848 632 74 58 a
1878 632 104 58 qua
1922 632 194 58 incipiendum

439 677 138 55 est.
525 677 259 55 Quemadmodum
733 677 104 55 in
785 677 225 55 geometria
957 677 121 55 cum
1027 677 190 55 volumus
1165 677 190 55 probare
1303 677 242 55 triangulum
1494 677 173 55 habere
1615 677 138 55 tres
1701 677 190 55 angulos
1839 677 208 55 aequales
1978 677 138 55 duobus

441 726 171 48 rectis,
566 726 109 48 per
628 726 218 48 praemissas
799 726 187 48 notiores
939 726 93 48 id
986 726 233 48 ostendimus:
1172 726 78 48 &
1203 726 140 48 illas
1297 726 218 48 praemissas
1468 726 93 48 ad
1514 726 218 48 dignitates
1686 726 311 48 indemonstrabiles
1950 726 78 48 &
1981 726 93 48 ad
2012 726 109 48 prin¬-

431 775 140 55 cipia
525 775 233 55 resoluimus,
711 775 93 55 in
758 775 155 55 quibus
866 775 171 55 standum
990 775 124 55 est.
1068 775 109 55 Cum
1130 775 124 55 enim
1208 775 140 55 illae
1301 775 124 55 sint
1379 775 109 55 per
1441 775 93 55 se
1487 775 140 55 notae
1581 775 109 55 eis
1643 775 217 55 assentimus
1813 775 217 55 terminorum
1969 775 155 55 signifi¬-

431 817 173 60 catione
557 817 236 60 intellecta.
746 817 110 60 Sic
809 817 157 60 omnino
919 817 110 60 est
982 817 94 60 in
1030 817 268 60 operabilibus:
1250 817 110 60 nam
1313 817 142 60 finis
1407 817 94 60 in
1455 817 252 60 operabilibus
1659 817 110 60 est
1722 817 142 60 sicut
1817 817 220 60 principium
1990 817 94 60 in
2022 817 94 60 spe¬-

427 862 269 51 culabilibus,
646 862 101 51 vt
696 862 185 51 dicitur
831 862 185 51 secundo
965 862 252 51 Physicorum.
1167 862 135 51 Sine
1251 862 219 51 supposito
1420 862 151 51 media
1520 862 235 51 indagamus,
1706 862 84 51 &
1739 862 235 51 procedimus
1924 862 101 51 ad
1958 862 168 51 vltimum.

434 913 129 54 Quod
514 913 113 54 est
579 913 161 54 primum
692 913 97 54 in
740 913 242 54 operatione,
933 913 113 54 hoc
998 913 113 54 est
1062 913 225 54 nouissimum
1239 913 97 54 in
1288 913 258 54 resolutione.
1497 913 97 54 Et
1545 913 129 54 quod
1626 913 113 54 est
1690 913 177 54 vltimum
1819 913 97 54 in
1867 913 242 54 inuentione,
2044 913 81 54 est

436 953 169 63 primum
554 953 101 63 in
605 953 253 63 operatione.
808 953 152 63 Patet
909 953 203 63 exemplo.
1061 953 220 63 Supposita
1230 953 203 63 sanitate
1382 953 186 63 medicus
1517 953 203 63 inquirit
1669 953 169 63 media,
1787 953 84 63 &
1821 953 186 63 inuenit
1956 953 152 63 enema
2041 953 84 63 (vt

440 1000 229 54 communiter
620 1000 131 54 fit)
702 1000 164 54 maxime
816 1000 115 54 pro
882 1000 131 54 cura
964 1000 246 54 accommodum.
1161 1000 98 54 Ad
1210 1000 262 54 conficiendum
1423 1000 147 54 enema
1521 1000 180 54 haerbas
1652 1000 229 54 diureticas
1832 1000 213 54 explorat,
1980 1000 131 54 vtpote

428 1047 171 52 maluam,
553 1047 218 52 bismaluam,
724 1047 249 52 mercurialem,
926 1047 233 52 paritariam,
1112 1047 78 52 &
1143 1047 171 52 caetera
1267 1047 93 52 id
1314 1047 155 52 genus:
1423 1047 155 52 postea
1532 1047 186 52 inquirit
1671 1047 155 52 vbinam
1780 1047 186 52 crescunt
1920 1047 78 52 &
1951 1047 109 52 cum
2013 1047 93 52 in
2044 1047 78 52 his

432 1099 157 54 campis
542 1099 110 54 has
605 1099 141 54 sitas
699 1099 125 54 esse
777 1099 220 54 cognoscit,
950 1099 125 54 haec
1028 1099 125 54 arua
1107 1099 141 54 primo
1201 1099 125 54 adit
1279 1099 94 54 vt
1326 1099 172 54 haerbas
1451 1099 157 54 legat,
1561 1099 110 54 has
1624 1099 172 54 haerbas
1749 1099 125 54 esse
1828 1099 94 54 in
1875 1099 110 54 hoc
1922 1099 188 54 territorio

439 1143 113 56 est
503 1143 177 56 vltimum
632 1143 97 56 in
681 1143 242 56 inuentione,
875 1143 81 56 &
907 1143 161 56 primum
1020 1143 97 56 in
1068 1143 242 56 operatione.
1262 1143 81 56 ⁋
1294 1143 145 56 Circa
1391 1143 177 56 literam
1520 1143 226 56 dubitatur.
1697 1143 129 56 lura
1778 1143 81 56 &
1810 1143 145 56 leges
1907 1143 113 56 non
1972 1143 129 56 sunt
2052 1143 97 56 in

435 1188 159 61 nostra
546 1188 206 61 potestate
705 1188 143 61 sita,
800 1188 175 61 attamen
927 1188 95 61 de
975 1188 143 61 hisce
1070 1188 238 61 consultamus
1260 1188 111 61 cum
1324 1188 301 61 iurisconsultis,
1578 1188 159 61 quorum
1689 1188 206 61 opinionem
1847 1188 175 61 venamur
1958 1188 159 61 postquam

435 1233 187 57 hincinde
576 1233 297 57 consultauerint.
826 1233 78 57 ⁋
857 1233 187 57 Secundo,
998 1233 94 57 an
1044 1233 265 57 praestabilius
1263 1233 109 57 est
1326 1233 156 57 habere
1435 1233 203 57 principem
1591 1233 141 57 rudem
1685 1233 109 57 qui
1747 1233 203 57 peritorum
1903 1233 187 57 consilio
2028 1233 94 57 vti¬-

446 1284 128 56 tur,
526 1284 128 56 quam
606 1284 144 56 regem
702 1284 176 56 Minerua
829 1284 208 56 pollentem
989 1284 80 56 &
1021 1284 192 56 inflatum
1165 1284 112 56 qui
1229 1284 160 56 suopte
1340 1284 176 56 ingenio
1468 1284 144 56 nimis
1564 1284 208 56 confidit.
1724 1284 80 56 ⁋
1756 1284 160 56 Tertio
1867 1284 224 56 dubitatur,
2027 1284 80 56 quo

432 1326 128 57 modo
512 1326 224 57 consulimus
688 1326 144 57 alios
783 1326 144 57 circa
879 1326 160 57 artem,
991 1326 112 57 cum
1055 1326 112 57 ars
1119 1326 112 57 est
1183 1326 256 57 vniuersalium
1390 1326 128 57 quae
1470 1326 128 57 sunt
1550 1326 240 57 necessaria.
1742 1326 80 57 ⁋
1774 1326 176 57 Quarto,
1901 1326 128 57 haec
1965 1326 160 57 diameter

442 1382 174 52 quadrati
572 1382 101 52 est
630 1382 304 52 incommensurabilis
890 1382 159 52 costae,
1006 1382 101 52 est
1064 1382 145 52 falsa,
1165 1382 87 52 si
1208 1382 145 52 nullum
1309 1382 101 52 sit
1367 1382 188 52 quadratum
1512 1382 101 52 aut
1570 1382 188 52 diameter:
1714 1382 116 52 ergo
1787 1382 116 52 ipsa
1859 1382 101 52 non
1917 1382 101 52 est
1960 1382 145 52 necessa¬-

437 1426 133 60 ria.
521 1426 83 60 ⁋
554 1426 183 60 Quinto,
687 1426 250 60 consultamus
887 1426 100 60 de
937 1426 100 60 re
987 1426 167 60 amici,
1104 1426 133 60 ergo
1187 1426 117 60 non
1254 1426 150 60 solum
1354 1426 100 60 de
1404 1426 267 60 operabilibus
1620 1426 83 60 a
1654 1426 167 60 nobis.
1770 1426 83 60 ⁋
1803 1426 167 60 Sexto,
1903 1426 217 60 nauigaturus

449 1466 200 52 consultat
602 1466 92 52 de
649 1466 138 52 vento
741 1466 154 52 futuro
849 1466 108 52 qui
910 1466 108 52 non
972 1466 108 52 est
1033 1466 92 52 in
1079 1466 123 52 eius
1156 1466 215 52 potestate.
1325 1466 77 52 ⁋
1356 1466 92 52 Ad
1402 1466 154 52 primam
1510 1466 246 52 dubitationem
1710 1466 246 52 respondetur,
1910 1466 123 52 quod
1987 1466 108 52 ius
2033 1466 77 52 est

448 1514 95 52 in
496 1514 205 52 potestate
653 1514 253 52 legissatoris
859 1514 142 52 cuius
954 1514 158 52 mentem
1064 1514 284 52 iurisconsultus
1301 1514 268 52 interpretatur
1522 1514 126 52 mihi
1601 1514 221 52 explanans,
1775 1514 95 52 an
1822 1514 142 52 litis
1901 1514 221 52 contestatio¬-

449 1562 101 58 ne
500 1562 134 58 reum
583 1562 168 58 vincam
701 1562 117 58 nec
768 1562 117 58 ne.
835 1562 84 58 ⁋
868 1562 101 58 Ad
919 1562 201 58 secundum
1070 1562 251 58 responsamus
1271 1562 268 58 affirmatiue.
1489 1562 117 58 Nam
1556 1562 235 58 rudissimus
1740 1562 184 58 quisque
1874 1562 151 58 regni
1958 1562 151 58 habenas

441 1604 162 58 optime
554 1604 243 58 moderabitur
749 1604 130 58 modo
830 1604 211 58 prudentum
992 1604 194 58 cosilium
1138 1604 130 58 sibi
1219 1604 211 58 asciscat,
1381 1604 194 58 eorumque
1527 1604 194 58 iudicium
1672 1604 243 58 insequatur:
1867 1604 81 58 &
1899 1604 97 58 si
1948 1604 130 58 sint
2013 1604 97 58 pru¬-

451 1653 148 57 dentes
555 1653 89 57 in
599 1653 119 57 vnam
673 1653 207 57 sententiam
836 1653 207 57 convenient
1000 1653 104 57 vel
1059 1653 133 57 eorum
1148 1653 133 57 maior
1237 1653 133 57 pars.
1326 1653 133 57 Salus
1414 1653 133 57 autem
1503 1653 104 57 vbi
1563 1653 178 57 consilia
1696 1653 148 57 multa.
1800 1653 178 57 luuenile
1918 1653 193 57 consiliumn,

438 1701 159 54 ipsum
544 1701 177 54 Roboam
668 1701 318 54 praecipitauit.
933 1701 141 54 Tres
1021 1701 124 54 hic
1092 1701 159 54 signo
1198 1701 106 54 in
1251 1701 230 54 republica
1427 1701 247 54 principes,
1622 1701 212 54 Socratem
1780 1701 194 54 ingenio
1922 1701 212 54 sublimem
2063 1701 53 54 &

440 1751 185 54 tumidum
575 1751 202 54 sibiipsi
727 1751 152 54 nimis
828 1751 236 54 placentem.
1013 1751 202 54 Platonem
1165 1751 152 54 rudem
1266 1751 84 54 &
1300 1751 169 54 mitem,
1418 1751 152 54 parua
1519 1751 101 54 de
1570 1751 118 54 sua
1637 1751 185 54 Minerua
1772 1751 219 54 putantem,
1940 1751 118 54 qui
1991 1751 118 54 alios

432 1796 194 56 consulit
577 1796 81 56 &
610 1796 146 56 eorum
707 1796 291 56 consultationem
949 1796 210 56 imitatur.
1111 1796 210 56 Ciceronem
1273 1796 146 56 mente
1370 1796 226 56 praestanti
1548 1796 162 56 tumore
1661 1796 210 56 vacantem.
1823 1796 146 56 Horum
1920 1796 178 56 infimus
2033 1796 81 56 est

437 1840 191 59 Socrates
580 1840 80 59 &
612 1840 143 59 regum
707 1840 207 59 pessimus,
867 1840 111 59 qui
930 1840 207 59 aulicorum
1089 1840 254 59 assentatione
1296 1840 207 59 afficitur
1455 1840 159 59 tandem
1566 1840 143 59 regum
1662 1840 127 59 faex
1741 1840 80 59 &
1773 1840 207 59 monstrum.
1932 1840 159 59 Medius
2027 1840 80 59 est

436 1884 157 53 Plato,
546 1884 126 53 quam
625 1884 173 53 optimus
751 1884 157 53 Cicero
861 1884 204 53 prudentum
1018 1884 204 53 consessum
1175 1884 173 53 euocat,
1301 1884 126 53 quos
1379 1884 94 53 in
1426 1884 94 53 re
1474 1884 141 53 ardua
1568 1884 189 53 consulit
1709 1884 157 53 quorum
1819 1884 283 53 deliberationes
2039 1884 79 53 ma¬-

449 1932 144 56 turas
545 1932 160 56 audit,
657 1932 160 56 nemini
768 1932 128 56 suam
848 1932 160 56 mentem
960 1932 176 56 quidnam
1088 1932 192 56 facturus
1232 1932 112 56 sit
1295 1932 224 56 explicans:
1471 1932 112 56 sed
1535 1932 144 56 recte
1631 1932 256 56 sententiatum
1838 1932 80 56 a
1870 1932 176 56 saniore
1982 1932 128 56 parte.

449 1981 113 57 vel
514 1981 81 57 a
546 1981 129 57 toto
627 1981 194 57 conuentu
772 1981 226 57 exequetur.
950 1981 275 57 Verumenimuero
1177 1981 307 57 animaduertendum
1436 1981 129 57 est,
1516 1981 97 57 vt
1565 1981 97 57 in
1614 1981 243 57 asciscendis
1808 1981 226 57 consulibus
1986 1981 113 57 sit
2034 1981 81 57 ma¬-

444 2026 107 56 gna
505 2026 77 56 &
536 2026 230 56 maturissima
720 2026 169 56 deliber
843 2026 138 56 atio.
935 2026 154 56 Ratio,
1042 2026 123 56 quod
1119 2026 107 56 eis
1181 2026 169 56 habitis
1304 2026 138 56 omnia
1396 2026 123 56 sunt
1472 2026 169 56 facilia
1595 2026 292 56 circumspectorum
1841 2026 184 56 consilio
1979 2026 107 56 rex
2025 2026 77 56 eos

451 2076 181 54 seligat.
586 2076 75 54 ⁋
617 2076 90 54 Ad
662 2076 166 54 tertiam
782 2076 241 54 dubitationem
978 2076 241 54 respondetur,
1174 2076 120 54 quod
1249 2076 241 54 intelligatur
1445 2076 135 54 illud
1535 2076 90 54 de
1580 2076 135 54 opere
1670 2076 135 54 artis
1761 2076 120 54 quae
1836 2076 181 54 plurimum
1956 2076 151 54 diuersi¬-

444 2119 194 54 ficatur,
589 2119 97 54 vt
638 2119 97 54 in
686 2119 194 54 exemplis
832 2119 242 54 philosophi:
1025 2119 145 54 circa
1122 2119 113 54 res
1187 2119 145 54 leuis
1284 2119 194 54 momenti,
1429 2119 113 54 vel
1494 2119 113 54 vbi
1559 2119 113 54 est
1623 2119 242 54 vniformitas
1817 2119 113 54 non
1882 2119 178 54 oportet
1995 2119 113 54 alios

456 2167 206 49 consulere.
618 2167 74 49 ⁋
648 2167 88 49 Ad
692 2167 162 49 quartum
809 2167 177 49 dicitur,
942 2167 118 49 quod
1015 2167 206 49 exemplorum
1177 2167 103 49 non
1236 2167 206 49 requiritur
1398 2167 177 49 veritas.
1530 2167 177 49 Secundo,
1663 2167 118 49 quod
1736 2167 147 49 posita
1839 2167 221 49 aeternitate
2001 2167 103 49 mundi

450 2214 138 55 (quam
542 2214 123 55 ipse
618 2214 138 55 falso
710 2214 138 55 ratus
802 2214 123 55 est,
879 2214 107 55 sed
940 2214 92 55 ad
986 2214 138 55 fidem
1078 2214 184 55 Mosaicam
1216 2214 107 55 non
1278 2214 215 55 tenebatur)
1447 2214 199 55 difficile
1600 2214 107 55 est
1661 2214 138 55 factu
1753 2214 123 55 quin
1830 2214 169 55 alicubi
1953 2214 123 55 erit
2014 2214 92 55 ali¬-

445 2267 132 54 quod
528 2267 231 54 quadratum:
710 2267 149 54 licet
809 2267 132 54 enim
891 2267 215 54 quodlibet
1056 2267 215 54 quadratum
1221 2267 264 54 contingenter
1436 2267 132 54 est,
1519 2267 149 54 tamen
1618 2267 182 54 necesse
1750 2267 116 54 est
1816 2267 132 54 esse
1898 2267 182 54 aliquod
2014 2267 99 54 qua¬-

453 2309 186 52 dratum,
589 2309 85 52 &
622 2309 220 52 diametrum
792 2309 152 52 sicut
893 2309 169 52 dicere
1012 2309 203 52 solemus:
1164 2309 169 52 Nullus
1283 2309 136 52 homo
1368 2309 237 52 necessario
1554 2309 119 52 est
1622 2309 186 52 animal,
1757 2309 85 52 &
1791 2309 152 52 omnem
1893 2309 186 52 hominem
2011 2309 102 52 esse

454 2353 146 54 animal
557 2353 102 54 est
615 2353 175 54 necesse.
747 2353 161 54 Tertio,
864 2353 117 54 haec
937 2353 175 54 negatiua
1068 2353 102 54 est
1127 2353 219 54 necessaria,
1302 2353 175 54 diameter
1434 2353 102 54 non
1492 2353 102 54 est
1551 2353 278 54 commensurabilis
1784 2353 161 54 costae:
1901 2353 132 54 etiam
1989 2353 102 54 non
2033 2353 73 54 sto

456 2400 101 46 in
507 2400 253 46 ampliatione
709 2400 219 46 dictionis
878 2400 303 46 commensuralis.
1130 2400 84 46 ⁋
1164 2400 101 46 Ad
1215 2400 185 46 quintum
1349 2400 202 46 dicitur,
1501 2400 135 46 quod
1585 2400 202 46 negocium
1737 2400 152 46 amici
1838 2400 135 46 meum
1906 2400 202 46 iudicatur:

444 2446 115 60 est
509 2446 132 60 enim
592 2446 165 60 amicus
707 2446 132 60 meus
789 2446 148 60 alter
888 2446 132 60 ego,
970 2446 132 60 nono
1052 2446 230 60 Ethicorum.
1233 2446 115 60 Hoc
1299 2446 165 60 postea
1414 2446 247 60 philosophus
1612 2446 181 60 tangit:
1743 2446 82 60 &
1776 2446 132 60 idem
1858 2446 115 60 est
1924 2446 99 60 de
1957 2446 148 60 negocio

447 2490 163 71 serui.
561 2490 81 71 ⁋
593 2490 98 71 Ad
642 2490 163 71 sextum
756 2490 195 71 dicitur,
902 2490 130 71 quod
984 2490 114 71 non
1049 2490 244 71 consultamus
1244 2490 98 71 de
1293 2490 211 71 euentibus
1455 2490 195 71 futuris,
1602 2490 114 71 sed
1667 2490 195 71 qualiter
1813 2490 114 71 nos
1878 2490 130 71 tunc
1943 2490 163 71 operabi¬-

459 2542 144 70 mur,
549 2542 108 70 an
603 2542 198 70 secunde
747 2542 144 70 tunc
838 2542 216 70 nauigare
982 2542 198 70 valeamus.

495 2624 130 73 Non
570 2624 167 73 autem
681 2624 167 73 omnis
793 2624 279 73 perquisitio
1015 2624 279 73 consultatio
1238 2624 149 73 esse
1331 2624 223 73 videtur.
1498 2624 297 73 Mathematicae
1740 2624 186 73 namque
1851 2624 260 73 perquisitio¬-

445 2691 145 72 nes,
535 2691 326 72 consultationes
807 2691 127 72 non
879 2691 163 72 sunt.
988 2691 163 72 Omnis
1096 2691 163 72 autem
1205 2691 271 72 consultatio
1422 2691 127 72 est
1495 2691 217 72 continuo
1658 2691 290 72 perquisitio:
1893 2691 163 72 idque
2001 2691 145 72 quod

461 2743 192 76 vltimum
600 2743 122 76 est
670 2743 105 76 in
723 2743 280 76 resolutione,
950 2743 175 76 primum
1072 2743 140 76 esse
1159 2743 192 76 constat
1299 2743 105 76 in
1352 2743 280 76 generatione.
1579 2743 157 76 Atque
1684 2743 105 76 si
1736 2743 280 76 consultantes
1963 2743 105 76 in
1998 2743 105 76 ali¬-

450 2806 141 70 quid
539 2806 265 70 inciderint,
750 2806 141 70 quod
838 2806 176 70 quidem
962 2806 159 70 fieri
1068 2806 212 70 nequeat,
1226 2806 247 70 desistunt:
1420 2806 106 70 vt
1473 2806 106 70 si
1526 2806 123 70 sit
1597 2806 212 70 pecuniis
1755 2806 159 70 opus,
1861 2806 123 70 has
1932 2806 159 70 autem
2020 2806 88 70 ha¬-

445 2854 150 71 bere
539 2854 131 71 non
614 2854 225 71 possint:
782 2854 150 71 quod
876 2854 112 71 si
932 2854 225 71 videatur
1100 2854 168 71 fieri
1213 2854 187 71 posse,
1344 2854 150 71 tunc
1437 2854 168 71 agere
1550 2854 318 71 aggrediuntur.
1812 2854 112 71 Ea
1868 2854 150 71 vero
1943 2854 168 71 dicimus

451 2905 159 64 fieri
557 2905 176 64 posse,
680 2905 141 64 quae
769 2905 123 64 per
839 2905 211 64 nosipsos
998 2905 159 64 fieri
1103 2905 211 64 possunt,
1262 2905 123 64 nam
1333 2905 106 64 ea
1385 2905 141 64 quae
1474 2905 123 64 per
1544 2905 176 64 amicos
1667 2905 176 64 fiunt,
1791 2905 123 64 per
1861 2905 211 64 nosipsos
2002 2905 106 64 quo¬-

446 2966 215 61 dammodo
603 2966 195 61 fiunt,
740 2966 195 61 quippe
876 2966 137 61 cum
954 2966 274 61 principium
1169 2966 137 61 sit
1247 2966 117 61 in
1306 2966 195 61 nobis.
1443 2966 274 61 Quaeruntur
1658 2966 176 61 autem
1775 2966 254 61 quandoque
1951 2966 156 61 quidem

445 3017 295 78 instrumenta,
684 3017 239 78 quandoque
868 3017 166 78 autem
979 3017 147 78 vsus
1071 3017 221 78 ipsorum:
1236 3017 92 78 &
1273 3017 110 78 in
1329 3017 221 78 teliquis
1494 3017 184 78 simili
1623 3017 166 78 modo.
1734 3017 221 78 Interdum
1899 3017 129 78 per
1973 3017 166 78 quod,

448 3071 248 66 interdum
634 3071 248 66 quomodo,
820 3071 145 66 aut
903 3071 145 66 per
985 3071 165 66 quem
1088 3071 206 66 modum.
1233 3071 227 66 Videtur
1398 3071 206 66 igitur
1543 3071 145 66 (vt
1625 3071 206 66 dictum
1770 3071 165 66 est)
1873 3071 165 66 homo
1955 3071 145 66 prin¬-

451 3131 182 75 cipium
578 3131 182 75 actuum
706 3131 164 75 esse,
815 3131 91 75 &
851 3131 109 75 de
906 3131 127 75 iis
979 3131 146 75 esse
1070 3131 237 75 consilium
1252 3131 146 75 quae
1343 3131 127 75 agi
1416 3131 109 75 ab
1471 3131 146 75 ipso
1562 3131 219 75 possunt:
1726 3131 91 75 &
1762 3131 164 75 actus
1871 3131 200 75 aliorum
1999 3131 109 75 esse

439 3186 197 78 gratia.
582 3186 161 78 Finis
690 3186 179 78 igitur
815 3186 125 78 non
887 3186 143 78 erit
976 3186 322 78 consultabilis,
1245 3186 125 78 sed
1317 3186 107 78 ea
1371 3186 143 78 quae
1460 3186 179 78 ducunt
1586 3186 107 78 ad
1639 3186 179 78 fines.
1765 3186 125 78 Nec
1836 3186 161 78 etiam
1926 3186 179 78 singula¬
