2352 3597
222 236 140 110 ria,
310 236 105 110 vt
363 236 105 110 si
415 236 158 110 panis
521 236 123 110 sit
591 236 140 110 hoc,
678 236 123 110 vel
748 236 228 110 confectum
924 236 123 110 fit
994 236 105 110 vt
1046 236 210 110 oportet:
1204 236 140 110 haec
1292 236 140 110 enim
1380 236 175 110 sensus
1502 236 175 110 ipsius
1625 236 158 110 sunt.
1730 236 105 110 Qa
1783 236 105 110 si
1818 236 105 110 sem¬-

230 302 132 102 per
305 302 226 102 quispiam
475 302 339 102 consultauerit,
757 302 113 102 in
814 302 245 102 infinitum
1002 302 207 102 abibit.
1153 302 301 102 Consultabile
1398 302 169 102 autem
1511 302 94 102 &
1548 302 245 102 eligibile
1737 302 151 102 idem
1812 302 113 102 est:

239 360 170 111 ipsum
353 360 170 111 tamen
466 360 246 111 eligibile
656 360 133 111 iam
731 360 246 111 definitum
921 360 151 111 est:
1015 360 151 111 quod
1110 360 151 111 enim
1205 360 227 111 caeteris
1375 360 114 111 ex
1432 360 322 111 consultatione
1678 360 246 111 praetulimus

228 419 115 93 id
285 419 249 93 eligibile
477 419 153 93 est.
573 419 211 93 Desinit
727 419 153 93 enim
823 419 153 93 tunc
918 419 173 93 demum
1034 419 288 93 vnusquisque
1264 419 269 93 perquirere
1475 419 192 93 quonam
1609 419 153 93 aget
1705 419 192 93 pacto,
1820 419 96 93 cum

233 485 111 77 in
289 485 204 77 seipsum
437 485 259 77 principium
641 485 222 77 redigit,
807 485 93 77 &
844 485 111 77 in
900 485 111 77 id
955 485 241 77 suiipsius
1141 485 148 77 quod
1233 485 259 77 antecedit:
1437 485 130 77 hoc
1511 485 130 77 est
1585 485 148 77 enim
1677 485 148 77 quod
1751 485 167 77 eligit.

233 533 166 83 Patet
343 533 129 83 hoc
417 533 129 83 ita
491 533 148 83 esse
584 533 92 83 &
621 533 111 83 ex
676 533 314 83 vetustissimis
935 533 166 83 rebus
1046 533 240 83 publicis,
1231 533 148 83 quas
1323 533 259 83 imitabatur
1527 533 222 83 Homerus:
1693 533 148 83 quae
1767 533 148 83 namque

234 581 166 108 reges
344 581 259 108 eligerent,
548 581 111 108 ea
603 581 185 108 populo
732 581 314 108 renunciabant.
991 581 129 108 Cum
1065 581 185 108 igitur
1194 581 166 108 ipsum
1305 581 240 108 eligibile
1490 581 129 108 sit
1564 581 296 108 consultabile
1786 581 129 108 appe¬-

242 635 176 104 tibile
366 635 106 104 ex
419 635 123 104 iis
489 635 141 104 quae
577 635 106 104 in
630 635 176 104 nostra
753 635 141 104 sunt
841 635 247 104 potestate:
1035 635 88 104 &
1070 635 141 104 ipsa
1158 635 194 104 electio
1299 635 282 104 deliberatiua
1528 635 229 104 appetitio
1705 635 159 104 rerum
1793 635 123 104 erit,

243 706 173 82 earum
358 706 154 82 quae
454 706 115 82 in
512 706 192 82 nostra
646 706 154 82 sunt
742 706 269 82 potestate.
953 706 134 82 Nam
1030 706 269 82 simulatque
1242 706 327 82 diiudicauimus
1510 706 115 82 ex
1568 706 346 82 consultatione:
1837 706 96 82 af¬-

239 757 220 90 fectamus
404 757 330 90 deliberatione.
679 757 147 90 Quid
771 757 128 90 est
844 757 184 90 igitur
973 757 220 90 electio,
1138 757 184 90 figura
1266 757 128 90 sit
1340 757 202 90 dictum,
1487 757 92 90 &
1523 757 165 90 circa
1633 757 147 90 quae
1725 757 220 90 versatur
1872 757 55 90 &

238 828 173 83 eorum
353 828 154 83 esse
449 828 192 83 quibus
584 828 115 83 ad
641 828 173 83 ipsos
756 828 173 83 fines
852 828 231 83 acceditur.

240 907 86 102 ⁋
274 907 206 102 Sequitur
429 907 103 102 in
480 907 189 102 litera.
617 907 120 102 Non
686 907 154 102 autem
789 907 154 102 omnis
892 907 275 102 perquisitio,
1115 907 257 102 consultatio
1321 907 206 102 videtur.
1476 907 120 102 Hic
1544 907 154 102 ponit
1647 907 275 102 conclusionem
1853 907 86 102 hy¬-

251 961 248 92 poteticam.
446 961 195 92 Tametsi
587 961 159 92 omnis
694 961 265 92 consultatio
906 961 265 92 perquisitio
1118 961 195 92 quaedam
1260 961 142 92 est,
1348 961 124 92 non
1419 961 159 92 tamen
1525 961 159 92 omnis
1631 961 265 92 perquisitio
1826 961 106 92 con¬-

254 1012 154 76 tinue
357 1012 86 76 &
391 1012 171 76 vbique
511 1012 257 76 consultatio
716 1012 137 76 est.
802 1012 120 76 Nam
870 1012 257 76 mathematici
1075 1012 86 76 &
1110 1012 274 76 quadriuiales
1332 1012 257 76 perquirunt:
1537 1012 257 76 huiuscemodi
1743 1012 154 76 autem
1828 1012 103 76 per¬-

247 1056 257 86 quisitiones
452 1056 308 86 consultationes
709 1056 120 86 non
778 1056 154 86 sunt,
880 1056 188 86 attamen
1017 1056 103 86 vt
1069 1056 154 86 supra
1171 1056 240 86 retulimus,
1360 1056 154 86 omnis
1463 1056 257 86 consultatio
1668 1056 240 86 inquisitio
1839 1056 103 86 est,

243 1101 93 91 &
281 1101 148 91 quod
373 1101 111 91 in
429 1101 278 91 huiuscemodi
652 1101 278 91 resolutione
874 1101 130 91 per
949 1101 297 91 indagationem
1190 1101 204 91 vltimum
1338 1101 148 91 est,
1431 1101 130 91 hoc
1505 1101 111 91 in
1561 1101 278 91 conficiendo
1765 1101 167 91 negocio

245 1157 162 87 primum
358 1157 129 87 est.
439 1157 210 87 Superius,
601 1157 97 87 vt
649 1157 113 87 res
714 1157 113 87 sit
779 1157 194 87 apertior
924 1157 178 87 exemplo
1053 1157 226 87 detegimus,
1231 1157 81 87 &
1264 1157 97 87 si
1312 1157 259 87 consultantes
1523 1157 226 87 resoluendo
1700 1157 97 87 in
1749 1157 178 87 aliquid
1862 1157 81 87 in¬-

247 1201 201 78 ciderint
398 1201 117 78 (vt
465 1201 134 78 sunt
549 1201 218 78 pecuniae)
717 1201 134 78 quod
801 1201 168 78 haberi
918 1201 185 78 nequit,
1053 1201 235 78 consultare
1237 1201 235 78 desistunt.
1422 1201 151 78 Verbi
1523 1201 168 78 causa:
1640 1201 151 78 pacem
1741 1201 151 78 regna
1825 1201 117 78 vici¬-

244 1237 106 88 na
297 1237 195 88 petant,
439 1237 160 88 pacis
546 1237 160 88 autem
652 1237 177 88 medium
776 1237 372 88 accommodatissimum
1095 1237 266 88 matrimonium
1308 1237 230 88 inueniunt
1485 1237 124 88 sed
1556 1237 284 88 sufficientem
1769 1237 177 88 pecuniae

251 1291 159 83 summam
362 1291 111 83 pro
426 1291 127 83 dote
505 1291 190 83 inuenire
648 1291 206 83 nequeunt,
806 1291 143 83 illic
902 1291 222 83 quiescunt,
1076 1291 79 83 &
1108 1291 111 83 non
1171 1291 190 83 vlterius
1314 1291 238 83 resoluentes
1505 1291 190 83 pergunt.
1647 1291 95 83 Si
1695 1291 143 83 autem
1774 1291 159 83 pecuniam

254 1337 165 87 habere
370 1337 182 87 possunt
502 1337 99 87 ab
552 1337 132 87 illa
634 1337 132 87 opus
717 1337 281 87 aggrediuntur,
948 1337 198 87 pecuniam
1096 1337 264 87 promittentes
1311 1337 83 87 &
1344 1337 116 87 eam
1410 1337 182 87 dantes.
1542 1337 99 87 At
1591 1337 149 87 dicis
1690 1337 198 87 gigantes
1822 1337 116 87 arcem

254 1384 188 88 extruere
395 1384 203 88 volebant,
551 1384 94 88 vt
598 1384 141 88 louem
692 1384 141 88 caelo
786 1384 250 88 extruderent,
989 1384 125 88 quod
1067 1384 234 88 impossibile
1255 1384 219 88 censebant.
1427 1384 219 88 Responsio.
1599 1384 94 88 Id
1646 1384 203 88 faciebant
1802 1384 94 88 vt
1849 1384 94 88 se
1880 1384 47 88 a

264 1437 219 74 cataclismo
437 1437 282 74 praeseruarent,
672 1437 94 74 ne
719 1437 157 74 simili
828 1437 204 74 alluuione
985 1437 141 74 sicut
1079 1437 172 74 tempore
1205 1437 110 74 Noe
1267 1437 235 74 contigerat,
1455 1437 204 74 perirent.
1612 1437 78 74 &
1643 1437 94 74 id
1690 1437 125 74 erat
1753 1437 188 74 possibile.

256 1483 97 87 Et
304 1483 178 87 dicimus
434 1483 113 87 nos
499 1483 162 87 posse,
612 1483 129 87 quae
693 1483 113 87 per
758 1483 194 87 nosipsos
903 1483 210 87 possumus.
1065 1483 81 87 &
1097 1483 129 87 quae
1178 1483 113 87 per
1243 1483 162 87 amicos
1356 1483 81 87 &
1389 1483 227 87 patrueles,
1567 1483 259 87 consobrinos,
1777 1483 113 87 vel
1826 1483 113 87 alios

257 1527 148 82 nobis
355 1527 247 82 necessarios
553 1527 214 82 possumus,
718 1527 115 82 per
784 1527 198 82 nosipsos
933 1527 148 82 posse
1032 1527 231 82 reputamur:
1213 1527 115 82 nam
1279 1527 231 82 principium
1461 1527 99 82 in
1510 1527 148 82 nobis
1609 1527 132 82 est.
1692 1527 99 82 Et
1741 1527 99 82 in
1791 1527 115 82 hac
1840 1527 99 82 con¬-

260 1571 190 82 sultoria
403 1571 269 82 perquisitione
624 1571 190 82 interdum
767 1571 237 82 instrumenta
957 1571 237 82 quaeruntur,
1147 1571 79 82 &
1178 1571 95 82 an
1226 1571 190 82 machinae
1368 1571 190 82 bellicae
1511 1571 142 82 equis
1606 1571 95 82 an
1653 1571 142 82 bobus
1748 1571 127 82 sint
1811 1571 127 82 vehen¬-

260 1623 121 78 dae.
335 1623 211 78 Nonnumquam
501 1623 241 78 instrumentum
698 1623 136 78 vsus,
788 1623 91 78 an
833 1623 196 78 plaustro,
984 1623 91 78 an
1030 1623 121 78 alio
1105 1623 196 78 vehiculo.
1256 1623 106 78 Hoc
1316 1623 196 78 persimile
1467 1623 91 78 in
1512 1623 136 78 aliis
1603 1623 166 78 probat,
1724 1623 121 78 puta
1799 1623 91 78 in
1829 1623 106 78 quae¬-

256 1669 195 79 stionibus
406 1669 224 79 scientiarum
585 1669 90 79 in
630 1669 150 79 quibus
735 1669 180 79 interdum
870 1669 195 79 quaeritur
1019 1669 105 79 per
1079 1669 135 79 quid,
1169 1669 90 79 id
1214 1669 105 79 est
1274 1669 135 79 causa
1363 1669 210 79 efficiens:
1528 1669 180 79 interdum
1663 1669 195 79 qualiter.
1812 1669 90 79 i.
1842 1669 105 79 causa

268 1712 199 82 formalis:
421 1712 184 82 interdum
559 1712 169 82 propter
682 1712 138 82 quid,
774 1712 107 82 hoc
835 1712 107 82 est
896 1712 138 82 causa
988 1712 184 82 finalis:
1126 1712 199 82 quandoque
1280 1712 107 82 per
1341 1712 123 82 quid
1418 1712 107 82 sit
1479 1712 123 82 quod
1556 1712 230 82 intenditur,
1740 1712 184 82 interdum
1862 1712 77 82 quo

258 1756 131 90 modo
340 1756 115 90 fit
405 1756 82 90 &
438 1756 115 90 per
504 1756 131 90 quem
586 1756 164 90 modum,
701 1756 82 90 &
734 1756 115 90 quo
799 1756 197 90 mediante
947 1756 131 90 fit,
1029 1756 82 90 &
1062 1756 131 90 homo
1144 1756 115 90 (vt
1209 1756 148 90 supra
1308 1756 115 90 est
1374 1756 246 90 monstratum)
1571 1756 115 90 est
1636 1756 164 90 suarum
1735 1756 213 90 operationum

274 1807 221 87 principium:
451 1807 74 87 &
480 1807 88 87 de
524 1807 103 87 his
583 1807 191 87 consultat
730 1807 118 87 quae
804 1807 118 87 sunt
878 1807 162 87 aliorum
995 1807 147 87 causa:
1098 1807 88 87 ea
1142 1807 162 87 propter
1260 1807 147 87 rursum
1363 1807 147 87 ipsius
1466 1807 132 87 finis
1554 1807 103 87 non
1613 1807 103 87 est
1672 1807 235 87 consultatio,
1863 1807 103 87 sed

266 1857 145 81 eorum
363 1857 129 81 quae
443 1857 113 81 nos
508 1857 97 81 in
556 1857 145 81 finem
653 1857 226 81 perducunt.
830 1857 81 81 ⁋
862 1857 193 81 Sequitur
1007 1857 97 81 in
1056 1857 161 81 litera
1168 1857 226 81 conclusio.
1346 1857 242 81 Singularium
1539 1857 113 81 non
1604 1857 113 81 est
1668 1857 258 81 consultatio.
1861 1857 81 81 Nam

265 1901 149 83 talium
369 1901 104 83 est
429 1901 164 83 sensus,
548 1901 89 83 vt
593 1901 119 83 nemo
667 1901 194 83 consultat
816 1901 89 83 an
861 1901 89 83 id
906 1901 104 83 sit
965 1901 149 83 panis,
1069 1901 74 83 &
1099 1901 89 83 an
1144 1901 104 83 sit
1203 1901 119 83 bene
1278 1901 194 83 confectum
1427 1901 74 83 &
1457 1901 194 83 concoctum
1605 1901 89 83 vt
1650 1901 179 83 oportet.
1784 1901 74 83 ⁋
1799 1901 149 83 Sequitur

267 1948 86 79 in
310 1948 158 79 litera,
425 1948 115 79 quod
497 1948 86 79 si
540 1948 144 79 semper
641 1948 101 79 &c.
699 1948 130 79 dicit
785 1948 115 79 haec
857 1948 202 79 conclusio.
1016 1948 216 79 Consultatio
1189 1948 101 79 est
1246 1948 202 79 finitorum.
1405 1948 101 79 Nam
1462 1948 86 79 si
1505 1948 86 79 in
1549 1948 158 79 abyssum
1664 1948 230 79 consultetur,
1851 1948 86 79 id
1894 1948 86 79 in

272 1994 194 81 infinitum
421 1994 164 81 abibit:
540 1994 104 81 hoc
600 1994 134 81 autem
689 1994 119 81 esse
764 1994 164 81 nequit.
883 1994 238 81 Consultabile
1076 1994 119 81 enim
1151 1994 74 81 &
1181 1994 194 81 eligibile
1330 1994 119 81 idem
1404 1994 134 81 sunt.
1493 1994 179 81 Ostendit
1627 1994 119 81 nunc
1702 1994 89 81 in
1747 1994 104 81 quo
1791 1994 164 81 consulta¬-

271 2039 118 83 bile
345 2039 74 83 &
375 2039 192 83 eligibile
523 2039 89 83 ex
567 2039 133 83 parte
656 2039 163 83 obiecti
774 2039 222 83 conveniunt,
952 2039 133 83 atque
1041 2039 207 83 differunt.
1203 2039 89 83 Ex
1248 2039 178 83 obiectis
1381 2039 222 83 operationes
1558 2039 252 83 splendescunt:
1766 2039 118 83 item
1840 2039 89 83 ex
1869 2039 89 83 ope¬-

262 2095 224 74 rationibus
438 2095 224 74 potentiae,
615 2095 80 74 &
647 2095 80 74 a
679 2095 208 74 potentiis
839 2095 208 74 essentiae
999 2095 272 74 cognoscuntur.
1224 2095 96 74 Vt
1272 2095 240 74 Aristoteles
1464 2095 96 74 in
1512 2095 96 74 de
1560 2095 144 74 anima
1656 2095 192 74 scribit:
1801 2095 80 74 &
1833 2095 96 74 id
1865 2095 80 74 ra¬-

270 2132 155 86 tionis
378 2132 124 86 est,
456 2132 124 86 quia
533 2132 171 86 obiecta
657 2132 171 86 actibus
781 2132 124 86 sunt
859 2132 186 86 notiora.
998 2132 124 86 Pari
1076 2132 124 86 modo
1153 2132 140 86 actus
1246 2132 124 86 quam
1324 2132 217 86 potentiae.
1494 2132 202 86 Similiter
1649 2132 202 86 potentiae
1789 2132 171 86 essentiis

265 2182 123 84 sunt
341 2182 276 84 manifestiores.
571 2182 169 84 Obiecta
694 2182 184 84 scilicet
832 2182 245 84 consultabile
1031 2182 92 84 ac
1077 2182 199 84 eligibile
1230 2182 123 84 sunt
1307 2182 123 84 idem
1383 2182 92 84 in
1429 2182 107 84 re:
1490 2182 199 84 differunt
1644 2182 138 84 autem
1736 2182 123 84 sola
1797 2182 153 84 ratione.

264 2229 148 89 Porro
362 2229 263 89 consultabile
575 2229 213 89 inquantum
740 2229 263 89 consultabile
953 2229 213 89 eligibile
1117 2229 230 89 antecedit.
1298 2229 181 89 ldemiam
1429 2229 246 89 consultatum
1626 2229 98 89 ac
1675 2229 263 89 determinatum
1872 2229 82 89 est

278 2276 202 85 eligibile
434 2276 124 85 quid
512 2276 140 85 tamen
605 2276 109 85 est
667 2276 202 85 eligibile
822 2276 187 85 superius
962 2276 155 85 dictum
1071 2276 124 85 est.
1149 2276 124 85 Quod
1227 2276 124 85 enim
1304 2276 187 85 caeteris
1444 2276 93 85 ex
1491 2276 218 85 conditione
1662 2276 249 85 praetulimus,
1848 2276 109 85 illud

270 2325 113 85 est
335 2325 227 85 eligibile.
513 2325 97 85 Si
561 2325 243 85 consultatio
756 2325 97 85 in
804 2325 194 85 immensum
950 2325 130 85 sine
1031 2325 178 85 termino
1160 2325 291 85 progrederetur,
1403 2325 146 85 nihil
1501 2325 146 85 esset
1598 2325 227 85 eligibile,
1776 2325 130 85 quia
1841 2325 113 85 nihil

275 2381 136 76 esset
366 2381 182 76 caeteris
502 2381 212 76 praelatum,
669 2381 152 76 igitur
775 2381 197 76 finitorum
926 2381 106 76 est
987 2381 242 76 consultatio:
1184 2381 76 76 &
1214 2381 121 76 tunc
1290 2381 167 76 desinit
1411 2381 227 76 vnusquisque
1593 2381 212 76 consultare
1760 2381 106 76 qua
1821 2381 106 76 via
1866 2381 91 76 aget

270 2419 109 82 cum
333 2419 218 82 principium
504 2419 187 82 operandi
645 2419 94 82 in
691 2419 171 82 seipsum
816 2419 234 82 consulentem
1003 2419 187 82 redigit:
1143 2419 78 82 &
1175 2419 109 82 cum
1237 2419 171 82 reducit
1362 2419 94 82 id
1408 2419 94 82 in
1455 2419 234 82 antecedens,
1642 2419 109 82 hoc
1705 2419 109 82 est
1767 2419 94 82 in
1798 2419 156 82 rationem

274 2464 166 89 actiuam
394 2464 211 89 suiipsius,
560 2464 105 89 hoc
620 2464 105 89 est
680 2464 196 89 ipsiusmet
831 2464 211 89 eligentis:
996 2464 120 89 quia
1071 2464 135 89 ratio
1162 2464 150 89 actiua
1267 2464 75 89 &
1297 2464 181 89 electiua
1432 2464 241 89 collectionem
1628 2464 196 89 haerbarum
1763 2464 181 89 antecedit.

272 2511 134 82 Alio
356 2511 134 82 modo
440 2511 117 82 sic
507 2511 184 82 desinit
641 2511 251 82 consultatio
842 2511 117 82 cum
909 2511 134 82 homo
993 2511 235 82 principium
1177 2511 168 82 agendi
1294 2511 101 82 in
1345 2511 201 82 seipsum,
1496 2511 117 82 hoc
1563 2511 117 82 est
1630 2511 101 82 in
1680 2511 134 82 suam
1747 2511 201 82 potestatem

277 2560 168 80 redigit,
403 2560 98 80 tum
459 2560 196 80 principium
614 2560 168 80 operandi
740 2560 126 80 penes
824 2560 98 80 eum
880 2560 126 80 ipsum
965 2560 98 80 est
1021 2560 140 80 situm:
1119 2560 70 80 &
1147 2560 140 80 rursus
1245 2560 154 80 redigit
1358 2560 84 80 id
1400 2560 196 80 principium
1554 2560 168 80 operandi
1680 2560 168 80 scilicet
1793 2560 168 80 colligendi

281 2606 175 86 haerbas
408 2606 95 86 in
456 2606 127 86 suum
536 2606 239 86 antecedens,
726 2606 111 86 hoc
790 2606 111 86 est
854 2606 95 86 in
901 2606 127 86 suum
981 2606 223 86 principium
1156 2606 223 86 decoquendi
1331 2606 127 86 eas:
1410 2606 80 86 &
1442 2606 111 86 sic
1506 2606 191 86 deinceps
1649 2606 95 86 ad
1697 2606 159 86 medium
1808 2606 127 86 fini
1872 2606 95 86 pro¬-

290 2659 293 75 pinquissimum.
531 2659 121 75 Vel
600 2659 121 75 sic
669 2659 258 75 paucioribus
876 2659 121 75 hoc
944 2659 293 75 explanabimus.
1186 2659 190 75 Desinit
1324 2659 138 75 homo
1410 2659 138 75 tunc
1496 2659 258 75 consultare,
1703 2659 121 75 cum
1771 2659 103 75 in
1806 2659 155 75 seipsum

288 2705 226 74 principium
465 2705 194 74 redigit.
610 2705 113 74 hoc
675 2705 113 74 est
739 2705 97 74 in
788 2705 129 74 suam
868 2705 242 74 potestatem:
1062 2705 81 74 &
1094 2705 97 74 in
1143 2705 113 74 id,
1207 2705 113 74 hoc
1272 2705 113 74 est
1336 2705 145 74 illud
1433 2705 210 74 suiipsius
1594 2705 210 74 eligentis
1755 2705 129 74 quod
1820 2705 145 74 antece¬-

273 2748 114 78 dit
338 2748 97 78 in
386 2748 195 78 operando
533 2748 130 78 quod
614 2748 114 78 est
679 2748 227 78 principium
857 2748 97 78 in
906 2748 195 78 processu
1052 2748 227 78 operatiuo:
1231 2748 179 78 legendo
1361 2748 195 78 haerbas,
1507 2748 114 78 eas
1572 2748 244 78 decoquendo,
1767 2748 97 78 ac
1800 2748 162 78 decoctam

274 2796 157 80 aquam
378 2796 191 80 aegroto
517 2796 278 80 ministrando.
743 2796 139 80 Quod
830 2796 157 80 patet
935 2796 87 80 a
969 2796 157 80 signo
1074 2796 104 80 ex
1126 2796 296 80 vetustissimis
1370 2796 244 80 institutis
1561 2796 139 80 quae
1648 2796 191 80 Homerus
1787 2796 157 80 vates
1874 2796 87 80 in¬-

279 2838 203 92 sectatuns
435 2838 125 92 est:
513 2838 109 92 vbi
576 2838 140 92 reges
669 2838 171 92 inducit
794 2838 109 92 qui
856 2838 125 92 quae
934 2838 125 92 ipsi
1012 2838 203 92 elegerant
1168 2838 156 92 populo
1277 2838 249 92 denunciabant
1480 2838 94 92 vt
1527 2838 125 92 ipsi
1604 2838 140 92 etiam
1698 2838 218 92 eligerent,
1869 2838 78 92 &
1885 2838 78 92 sic

281 2891 163 76 regium
395 2891 212 76 consilium
558 2891 163 76 plebis
672 2891 228 76 electionem
851 2891 261 76 praecedebat,
1063 2891 81 76 &
1095 2891 114 76 hoc
1161 2891 114 76 est
1226 2891 163 76 signum
1340 2891 212 76 consilium
1503 2891 228 76 electionem
1682 2891 244 76 praecedere.
1861 2891 98 76 Vnde

274 2937 111 80 fit
337 2937 126 80 quod
416 2937 111 80 cum
480 2937 206 80 eligibile
638 2937 158 80 rursus
749 2937 269 80 deprehenditur
970 2937 126 80 esse
1049 2937 253 80 consultabile
1254 2937 174 80 quoddam
1381 2937 237 80 affectabile
1571 2937 142 80 eorum
1666 2937 126 80 quae
1745 2937 95 80 in
1792 2937 158 80 nostra
1887 2937 79 80 po¬-

283 2983 172 78 testate
408 2983 141 78 sunt:
502 2983 172 78 electio
627 2983 125 78 erit
706 2983 172 78 quaedam
831 2983 188 78 consulta
972 2983 188 78 affectio
1112 2983 141 78 eorum
1206 2983 125 78 quae
1284 2983 94 78 in
1331 2983 156 78 nostra
1441 2983 203 78 potestate
1597 2983 141 78 sunt:
1691 2983 109 78 per
1754 2983 141 78 locum
1848 2983 78 78 a
1863 2983 94 78 con¬-

278 3038 193 73 iugatis.
423 3038 96 73 Ex
471 3038 273 73 consultatione
696 3038 129 73 enim
776 3038 225 73 iudicantes
953 3038 225 73 affectamus
1130 3038 193 73 secundum
1275 3038 225 73 consilium.
1452 3038 129 73 Quid
1532 3038 161 73 igitur
1644 3038 113 73 est
1709 3038 193 73 electio,
1837 3038 129 73 figura

280 3080 83 83 &
314 3080 132 83 typo
396 3080 116 83 sit
462 3080 182 83 dictum:
595 3080 83 83 &
628 3080 149 83 circa
727 3080 132 83 quae
809 3080 198 83 versatur
958 3080 83 83 &
991 3080 149 83 eorum
1091 3080 132 83 esse
1173 3080 215 83 consilium
1338 3080 165 83 quibus
1454 3080 99 83 ad
1504 3080 149 83 ipsos
1603 3080 149 83 fines
1686 3080 198 83 acceditur.

288 3134 80 82 ⁋
320 3134 143 82 Circa
415 3134 127 82 ista
495 3134 223 82 dubitatur,
670 3134 143 82 vtrum
766 3134 207 82 consilium
925 3134 111 82 sit
988 3134 159 82 ipsius
1100 3134 159 82 finis:
1211 3134 80 82 &
1243 3134 175 82 videtur
1370 3134 127 82 quod
1450 3134 127 82 sic,
1529 3134 127 82 quia
1609 3134 143 82 finis
1704 3134 111 82 est
1768 3134 175 82 quoddam
1880 3134 95 82 ope¬-

289 3170 146 80 ratum
386 3170 81 80 a
418 3170 162 80 nobis,
532 3170 97 80 vt
580 3170 146 80 domus
677 3170 129 80 quae
758 3170 113 80 est
823 3170 146 80 finis
920 3170 308 80 aedificationis:
1179 3170 113 80 sed
1244 3170 97 80 de
1292 3170 259 80 operabilibus
1503 3170 81 80 a
1535 3170 146 80 nobis
1632 3170 129 80 quae
1713 3170 97 80 in
1762 3170 162 80 nostra
1859 3170 113 80 pote¬-

281 3214 152 103 state
382 3214 135 103 sita
467 3214 135 103 sunt
551 3214 118 103 est
619 3214 236 103 consilium:
805 3214 186 103 igitur.
940 3214 135 103 Item
1024 3214 101 103 de
1075 3214 135 103 fine
1159 3214 186 103 vltimo,
1294 3214 253 103 consultamus
1497 3214 169 103 quanam
1615 3214 118 103 via
1683 3214 203 103 possumus
1818 3214 152 103 assequi
