2371 3592
664 227 318 81 Lib.
863 227 318 81 III.
1062 227 398 81 Tract.
1341 227 398 81 I.Cap.
1579 227 279 81 IIII.

572 292 233 81 Oluntatem
752 292 162 81 autem
859 292 162 81 finis
967 292 179 81 quidem
1092 292 179 81 ipsius
1218 292 162 81 esse,
1326 292 126 81 iam
1398 292 162 81 paulo
1505 292 162 81 antea
1613 292 215 81 diximus.
1774 292 126 81 Sed
1828 292 90 81 vi¬-

561 368 142 73 detur
656 368 142 73 aliis
751 368 158 73 quidem
862 368 126 73 esse
941 368 126 73 veri
1020 368 142 73 boni,
1115 368 142 73 aliis
1209 368 221 73 apparentis
1383 368 142 73 boni.
1478 368 142 73 Atque
1573 368 111 73 fit
1636 368 206 73 sententia
1779 368 126 73 quidem

568 422 150 56 eorum
668 422 117 56 qui
735 422 150 56 verum
835 422 150 56 bonum
935 422 100 56 id
985 422 133 56 esse
1068 422 183 56 censent
1201 422 133 56 quod
1285 422 117 56 est
1351 422 250 56 affectabile
1551 422 233 56 voluntate:
1734 422 100 56 vt
1784 422 100 56 id
1818 422 83 56 non

567 470 116 68 sit
633 470 248 68 affectabile
831 470 215 68 voluntate
996 470 132 68 quod
1078 470 99 68 is
1128 470 116 68 qui
1194 470 116 68 non
1260 470 149 68 recte
1359 470 182 68 expetit
1491 470 149 68 vult.
1590 470 116 68 Nam
1656 470 99 68 si
1705 470 132 68 sit,
1788 470 132 68 erit
1854 470 50 68 &

529 501 200 92 continuo
680 501 167 92 bonum,
797 501 100 92 at
847 501 134 92 erat
930 501 150 92 forte
1030 501 167 92 malum.
1147 501 217 92 Sententia
1314 501 150 92 autem
1415 501 150 92 eorum
1515 501 117 92 qui
1582 501 150 92 bonum
1682 501 200 92 apparens
1815 501 84 92 in¬

511 579 181 76 quiunt
637 579 144 76 esse
728 579 144 76 quod
818 579 126 76 est
890 579 271 76 affectabile
1107 579 253 76 voluntate:
1305 579 108 76 vt
1359 579 162 76 nihil
1468 579 126 76 sit
1540 579 199 76 prorsus
1684 579 144 76 quod
1757 579 144 76 suapte

224 636 175 65 natura
346 636 122 65 sit
416 636 262 65 affectabile
625 636 244 65 voluntate:
817 636 122 65 sed
887 636 105 65 id
940 636 140 65 quod
1027 636 227 65 vnicuique
1201 636 210 65 videtur.
1359 636 105 65 At
1411 636 157 65 aliud
1516 636 140 65 alii
1603 636 210 65 videtur:
1760 636 87 65 &
1778 636 122 65 repu¬-

229 695 179 76 gnantia
359 695 163 76 forte.
473 695 98 76 Qa
521 695 98 76 si
570 695 130 76 haec
651 695 114 76 non
716 695 195 76 placent,
863 695 195 76 dicendum
1009 695 114 76 est
1074 695 244 76 simpliciter
1269 695 163 76 quidem
1383 695 81 76 &
1416 695 163 76 reuera
1529 695 146 76 verum
1627 695 146 76 bonum
1724 695 114 76 est
1773 695 114 76 affe¬-

230 749 189 73 ctabile
367 749 240 73 voluntate,
556 749 223 73 vnicuique
727 749 137 73 vero
813 749 103 73 id
865 749 137 73 quod
950 749 223 73 vnicuique
1122 749 206 73 videtur.
1276 749 206 73 Studioso
1431 749 172 73 igitur
1551 749 103 73 id
1602 749 137 73 esse
1671 749 223 73 affectabile

239 818 233 58 voluntate,
423 818 133 58 quod
506 818 133 58 vere
590 818 117 58 est
656 818 167 58 bonum,
773 818 183 58 vitioso
906 818 133 58 vero
990 818 183 58 quicqud
1123 818 250 58 contigerit.
1323 818 167 58 Fitque
1440 818 117 58 hoc
1507 818 183 58 perinde
1640 818 150 58 atque
1740 818 100 58 in
1774 818 133 58 corpo¬-

221 870 155 58 ribus
324 870 172 58 ipsis.
445 870 121 58 His
513 870 138 58 enim
600 870 172 58 quorum
720 870 189 58 corpora
858 870 138 58 bene
944 870 138 58 sese
1030 870 189 58 habent,
1168 870 207 58 salubria
1323 870 138 58 sunt
1409 870 103 58 ea
1460 870 138 58 quae
1546 870 138 58 vere
1633 870 155 58 talia
1736 870 155 58 sunt:
1822 870 86 58 iis

230 920 155 66 autem
333 920 172 66 quorum
454 920 189 66 corpora
591 920 138 66 sunt
677 920 189 66 aegrota
815 920 121 66 non
884 920 138 66 haec
970 920 155 66 ipsa,
1074 920 121 66 sed
1142 920 155 66 alia.
1246 920 224 66 Similiter
1418 920 86 66 &
1452 920 155 66 amara
1556 920 103 66 ac
1607 920 189 66 dulcia,
1745 920 86 66 &
1762 920 138 66 calida

223 974 155 71 atque
326 974 190 71 grauia,
464 974 86 71 &
499 974 190 71 singula
637 974 259 71 caeterorum.
844 974 224 71 Studiosus
1017 974 138 71 enim
1103 974 138 71 homo
1189 974 155 71 recte
1293 974 190 71 singula
1431 974 207 71 iudicat,
1586 974 86 71 &
1621 974 207 71 singulis
1776 974 104 71 in
1811 974 86 71 re¬-

235 1025 126 77 bus
307 1025 180 77 idipsi
433 1025 198 77 videtur
578 1025 144 77 quod
668 1025 144 77 vere
758 1025 126 77 est
830 1025 162 77 tale.
938 1025 108 77 In
992 1025 234 77 vnoquoque
1173 1025 144 77 enim
1263 1025 180 77 habitu
1389 1025 144 77 sunt
1479 1025 198 77 propria
1623 1025 198 77 quaedam
1750 1025 162 77 honesta

231 1091 151 55 atque
332 1091 201 55 iucunda,
483 1091 151 55 atque
583 1091 101 55 in
633 1091 201 55 singulis
784 1091 201 55 plurimum
935 1091 201 55 fortasse
1086 1091 201 55 praestat
1237 1091 117 55 vir
1304 1091 218 55 studiosus
1471 1091 101 55 in
1522 1091 268 55 dignoscendis
1739 1091 134 55 quae
1806 1091 101 55 vere

228 1144 162 64 talia
336 1144 162 64 sunt,
444 1144 234 64 propterea
623 1144 144 64 quod
713 1144 126 64 est
785 1144 108 64 vt
839 1144 162 64 norma
947 1144 198 64 quaedam
1090 1144 162 64 atque
1198 1144 198 64 mensura
1342 1144 216 64 ipsorum.
1504 1144 234 64 Multitudo
1683 1144 144 64 vero
1755 1144 144 64 decipi

234 1194 179 77 videtur
364 1194 98 77 ob
413 1194 244 77 voluptatem.
608 1194 130 77 Ipsa
690 1194 163 77 namque
804 1194 147 77 bonum
901 1194 163 77 quidem
1015 1194 114 77 non
1081 1194 130 77 est:
1162 1194 147 77 bonum
1260 1194 147 77 tamen
1357 1194 130 77 esse
1439 1194 195 77 videtur.
1585 1194 261 77 Persequuntur
1781 1194 130 77 igitur

232 1250 154 85 ipsam
334 1250 188 85 tamquam
471 1250 171 85 bonum,
590 1250 188 85 dolorem
727 1250 154 85 autem
829 1250 188 85 fugiunt
966 1250 188 85 tamquam
1085 1250 137 85 malum.

307 1321 223 95 Oluntatem
478 1321 154 95 autem
581 1321 120 95 &c.
650 1321 103 95 In
702 1321 120 95 hoc
770 1321 172 95 quarto
890 1321 172 95 capite
1011 1321 257 95 Aristoteles
1216 1321 103 95 de
1268 1321 223 95 voluntate
1440 1321 86 95 &
1474 1321 137 95 eius
1560 1321 189 95 obiecto
1680 1321 223 95 determinat.

364 1387 210 57 Voluntatem
529 1387 135 57 autem
619 1387 105 57 pro
678 1387 105 57 suo
738 1387 120 57 actu
813 1387 165 57 elicito
933 1387 195 57 crebriter
1083 1387 165 57 ponunt:
1202 1387 225 57 discriminis
1382 1387 150 57 gratia
1487 1387 120 57 hanc
1562 1387 210 57 volitionem
1726 1387 135 57 atque
1801 1387 105 57 noli¬-

349 1426 167 58 tionem
466 1426 184 58 moderni
600 1426 200 58 theologi
750 1426 184 58 dicunt.
883 1426 133 58 Duas
967 1426 250 58 opinationes
1167 1426 200 58 erroneas
1317 1426 150 58 circa
1417 1426 234 58 voluntatis
1601 1426 200 58 obiectum
1734 1426 167 58 recitat:

234 1466 147 72 quarum
337 1466 103 72 vna
396 1466 132 72 tenet
484 1466 118 72 quod
557 1466 103 72 per
616 1466 88 72 se
660 1466 132 72 bonum
748 1466 118 72 siue
822 1466 176 72 realiter
954 1466 132 72 bonum
1042 1466 103 72 est
1101 1466 206 72 voluntatis
1263 1466 176 72 obiectum
1395 1466 220 72 adaequatum.
1571 1466 118 72 Alii
1645 1466 118 72 vero
1718 1466 147 72 tenent
1806 1466 103 72 bonum

231 1527 133 57 solum
320 1527 177 57 apparens
452 1527 118 57 esse
526 1527 206 57 voluntatis
688 1527 191 57 obiectum.
835 1527 103 57 Per
894 1527 118 57 tres
968 1527 236 57 conclusiones
1159 1527 250 57 difficultatem
1365 1527 162 57 soluit.
1483 1527 133 57 dicit
1571 1527 118 57 ergo
1645 1527 88 57 in
1689 1527 191 57 primordio
1822 1527 88 57 sic,

235 1576 199 51 Voluntatem
391 1576 114 51 esse
462 1576 142 51 ipsius
562 1576 128 51 finis
647 1576 156 51 tamquam
761 1576 171 51 obiecti,
889 1576 100 51 iam
946 1576 142 51 dictum
1045 1576 114 51 est:
1117 1576 100 51 sed
1173 1576 114 51 eius
1245 1576 114 51 duae
1316 1576 114 51 sunt
1387 1576 213 51 positiones:
1557 1576 100 51 vna
1614 1576 100 51 est
1671 1576 185 51 ponentium
1799 1576 114 51 volun¬-

232 1614 130 64 tatem
318 1614 116 64 esse
391 1614 145 64 solius
492 1614 116 64 veri
564 1614 130 64 boni.
651 1614 159 64 idcirco
766 1614 87 64 hi
810 1614 130 64 verum
896 1614 130 64 bonum
983 1614 217 64 diffiniunt,
1156 1614 116 64 quod
1229 1614 101 64 est
1287 1614 188 64 voluntate
1431 1614 231 64 affectabile:
1619 1614 72 64 &
1648 1614 145 64 volunt
1749 1614 101 64 nos
1807 1614 87 64 ea
1836 1614 72 64 non

238 1665 150 57 velle:
343 1665 120 57 quae
418 1665 105 57 non
478 1665 135 57 recte
568 1665 180 57 cupimus:
703 1665 105 57 nam
763 1665 90 57 ea
808 1665 120 57 mala
883 1665 135 57 sunt:
973 1665 105 57 Nos
1033 1665 135 57 autem
1122 1665 90 57 vt
1167 1665 165 57 illorum
1287 1665 120 57 fert
1362 1665 195 57 opinatio.
1512 1665 135 57 nihil
1602 1665 120 57 nisi
1677 1665 135 57 bonum
1752 1665 150 57 volumus:

234 1708 78 59 &
266 1708 186 59 continuo
405 1708 93 59 si
452 1708 93 59 id
498 1708 171 59 volumus
623 1708 140 59 bonum
716 1708 124 59 est,
793 1708 93 59 at
840 1708 124 59 erat
918 1708 140 59 forte
1011 1708 155 59 malum.
1119 1708 171 59 Ponatur
1243 1708 124 59 esse
1321 1708 140 59 tale.
1414 1708 93 59 Ac
1461 1708 93 59 si
1507 1708 109 59 sic
1569 1708 295 59 argumentaretur.
1802 1708 109 59 Solum

246 1758 131 58 verum
333 1758 131 58 bonum
420 1758 102 58 est
478 1758 218 58 affectabile
652 1758 73 58 a
681 1758 203 58 voluntate:
840 1758 102 58 sed
898 1758 131 58 malus
985 1758 116 58 vult
1058 1758 160 58 aliquid
1174 1758 116 58 quod
1246 1758 102 58 est
1304 1758 145 58 malum:
1406 1758 116 58 ergo
1478 1758 131 58 malum
1565 1758 102 58 est
1623 1758 145 58 bonum.
1725 1758 102 58 Vel
1783 1758 102 58 sic
1826 1758 87 58 for¬-

236 1814 175 46 malius.
363 1814 127 46 Omne
443 1814 238 46 affectabile
633 1814 79 46 a
665 1814 206 46 voluntate
824 1814 111 46 est
887 1814 143 46 verum
982 1814 159 46 bonum:
1093 1814 111 46 sed
1157 1814 111 46 hoc
1220 1814 270 46 (demonstrando
1443 1814 159 46 malum)
1554 1814 111 46 est
1617 1814 238 46 affectabile
1808 1814 79 46 a
1824 1814 79 46 vo¬-

235 1846 177 61 luntate:
368 1846 148 61 igitur
471 1846 103 61 hoc
530 1846 103 61 est
590 1846 133 61 verum
678 1846 148 61 bonum.
781 1846 89 61 In
826 1846 148 61 darii.
929 1846 192 61 Conclusio
1077 1846 103 61 est
1136 1846 148 61 falsa,
1239 1846 74 61 &
1269 1846 133 61 minor
1357 1846 118 61 nota
1431 1846 103 61 per
1490 1846 251 61 experientiam:
1697 1846 118 61 ergo
1770 1846 133 61 maior
1844 1846 74 61 est

234 1906 147 50 falsa,
337 1906 74 50 &
367 1906 103 50 per
426 1906 206 50 consequens
588 1906 133 50 prior
677 1906 177 50 opinatio
809 1906 192 50 pessumit.
957 1906 74 50 ⁋
986 1906 162 50 Secunda
1104 1906 206 50 conclusio.
1266 1906 177 50 Voluntas
1399 1906 88 50 no
1443 1906 103 50 est
1502 1906 133 50 solum
1591 1906 206 50 apparentis
1753 1906 133 50 boni.
1827 1906 88 50 Pro¬-

244 1942 144 57 batio,
344 1942 115 57 quia
416 1942 173 57 secundum
546 1942 101 57 eos
603 1942 130 57 nihil
690 1942 144 57 suapte
790 1942 144 57 natura
891 1942 115 57 erit
963 1942 144 57 bonum,
1064 1942 101 57 sed
1121 1942 187 57 vnicuique
1265 1942 130 57 illud
1352 1942 101 57 est
1409 1942 216 57 affectabile
1582 1942 115 57 quod
1654 1942 86 57 ei
1697 1942 158 57 videtur
1798 1942 115 57 bonum:

234 1988 87 58 ac
278 1988 102 58 vni
336 1988 102 58 hoc
395 1988 160 58 videtur
511 1988 146 58 bonum,
613 1988 73 58 &
642 1988 117 58 eius
715 1988 204 58 propositum
876 1988 146 58 alteri
978 1988 146 58 bonum:
1080 1988 117 58 ergo
1152 1988 189 58 contraria
1298 1988 117 58 sunt
1371 1988 131 58 bona,
1458 1988 117 58 quod
1531 1988 102 58 est
1589 1988 248 58 inconveniens:
1793 1988 102 58 nam
1837 1988 73 58 cum

243 2035 120 61 vnum
318 2035 150 61 alicui
423 2035 180 61 appareat
559 2035 135 61 bonum
649 2035 135 61 eorum
739 2035 195 61 sententia
889 2035 135 61 bonum
979 2035 120 61 est,
1054 2035 75 61 &
1085 2035 105 61 cum
1145 2035 120 61 idem
1220 2035 150 61 alteri
1325 2035 180 61 appareat
1460 2035 135 61 malum
1550 2035 180 61 eorundem
1686 2035 180 61 opinione
1806 2035 105 61 malum

238 2075 116 64 est:
311 2075 116 64 idem
384 2075 145 64 igitur
485 2075 102 64 est
543 2075 131 64 bonum
630 2075 73 64 &
659 2075 145 64 malum,
761 2075 116 64 quae
833 2075 160 64 absurda
949 2075 174 64 existunt
1080 2075 131 64 atque
1167 2075 160 64 nimirum
1283 2075 218 64 audientibus
1457 2075 218 64 displicent:
1631 2075 189 64 diffiniri
1776 2075 116 64 ergo
1834 2075 73 64 po¬-

242 2127 114 60 test
313 2127 142 60 reuera
412 2127 128 60 bonum
498 2127 114 60 quod
569 2127 213 60 simpliciter
739 2127 185 60 voluntate
881 2127 213 60 affectabile
1052 2127 114 60 est,
1123 2127 171 60 secundum
1251 2127 114 60 quid
1322 2127 114 60 vero
1393 2127 100 60 est
1450 2127 185 60 vnicuique
1592 2127 128 60 bonum
1678 2127 114 60 quod
1749 2127 142 60 cuique
1834 2127 71 60 vi¬-

246 2176 150 56 detur.
351 2176 150 56 Postea
456 2176 135 56 ponit
546 2176 240 56 conclusionem
741 2176 255 56 hypotheticam.
951 2176 180 56 Studioso
1087 2176 135 56 illud
1177 2176 105 56 est
1237 2176 75 56 a
1267 2176 195 56 voluntate
1417 2176 225 56 affectabile
1597 2176 120 56 quod
1672 2176 120 56 vere
1747 2176 105 56 est
1792 2176 120 56 bonum:

238 2226 169 58 vitioso
361 2226 138 58 autem
453 2226 184 58 secundum
591 2226 138 58 quid,
683 2226 184 58 quicquid
821 2226 230 58 contigerit,
1006 2226 108 58 hoc
1067 2226 108 58 est
1129 2226 123 58 quod
1205 2226 169 58 apparet
1328 2226 154 58 bonum.
1436 2226 108 58 Sic
1497 2226 92 58 in
1543 2226 154 58 valore
1651 2226 123 58 hanc
1712 2226 200 58 copulatiuam

232 2266 171 74 probat.
357 2266 233 74 Quemadmodum
543 2266 93 74 se
590 2266 156 74 habent
699 2266 124 74 boni
777 2266 124 74 cibi
855 2266 93 74 in
901 2266 233 74 corporibus,
1088 2266 109 74 sic
1150 2266 249 74 affectabilia
1352 2266 93 74 in
1399 2266 156 74 animis
1508 2266 156 74 (sicut
1617 2266 124 74 enim
1694 2266 109 74 per
1741 2266 171 74 esculenta

234 2321 172 53 corpora
359 2321 187 53 aluntur,
500 2321 109 53 sic
562 2321 250 53 affectabilia
765 2321 172 53 rationi
889 2321 250 53 consentanea,
1092 2321 125 53 sunt
1170 2321 218 53 voluntatis
1342 2321 187 53 pabulum:
1482 2321 109 53 sed
1544 2321 218 53 corporibus
1716 2321 125 53 bene
1778 2321 125 53 dispo¬-

235 2362 136 61 sitis
325 2362 121 61 cibi
401 2362 121 61 illi
476 2362 121 61 sunt
552 2362 196 61 salubres,
702 2362 106 61 qui
763 2362 151 61 reuera
868 2362 121 61 sunt
944 2362 151 61 tales,
1049 2362 151 61 quibus
1155 2362 166 61 dulcia,
1276 2362 166 61 dulcia,
1396 2362 75 61 &
1426 2362 136 61 amara
1517 2362 136 61 amara
1607 2362 196 61 apparent:
1758 2362 106 61 iis
1803 2362 106 61 autem

240 2407 158 61 quorum
351 2407 174 61 corpora
477 2407 126 61 sunt
556 2407 174 61 aegrota
682 2407 79 61 &
714 2407 253 61 inualetudine
919 2407 205 61 languent,
1077 2407 111 61 non
1140 2407 126 61 haec
1219 2407 126 61 ipsa
1298 2407 111 61 sed
1361 2407 126 61 alia
1440 2407 126 61 quae
1519 2407 95 61 in
1567 2407 111 61 rei
1630 2407 189 61 veritate
1772 2407 111 61 non
1819 2407 95 61 sunt

240 2462 197 56 salubria,
391 2462 106 56 sed
452 2462 181 56 secundum
588 2462 151 56 gustum
693 2462 136 56 praue
784 2462 212 56 dispositum
950 2462 151 56 dulcia
1056 2462 151 56 amara,
1162 2462 76 56 &
1192 2462 151 56 contra
1298 2462 242 56 suspicantur.
1495 2462 136 56 Febre
1585 2462 121 56 enim
1661 2462 197 56 correptus
1812 2462 91 56 ob
1842 2462 76 56 hu¬-

241 2498 148 61 morum
339 2498 164 61 copiam
454 2498 82 61 a
487 2498 197 61 stomacho
635 2498 263 61 descendentum
848 2498 148 61 habet
947 2498 181 61 linguam
1078 2498 82 61 &
1111 2498 181 61 palatum
1243 2498 214 61 infectum,
1407 2498 82 61 &
1440 2498 263 61 saluberrimus
1653 2498 148 61 cibus
1735 2498 181 61 assumptus

246 2546 120 61 his
314 2546 171 61 crudis
434 2546 222 61 humoribus
604 2546 222 61 miscetur,
775 2546 154 61 quare
878 2546 154 61 bonum
980 2546 154 61 malum
1082 2546 171 61 censet
1202 2546 102 61 ob
1253 2546 222 61 congeriem
1424 2546 222 61 assumptam
1595 2546 171 61 malam:
1714 2546 154 61 cibum
1799 2546 120 61 salu¬-

244 2596 166 60 tiferum
365 2596 181 60 inutilem
500 2596 151 60 putat,
606 2596 136 60 vinum
697 2596 121 60 acre
772 2596 121 60 quia
848 2596 136 60 intus
938 2596 196 60 penetrat,
1089 2596 121 60 quod
1164 2596 151 60 reuera
1270 2596 106 60 est
1330 2596 151 60 malum,
1436 2596 136 60 bonum
1527 2596 226 60 arbitratur,
1708 2596 106 60 sic
1768 2596 91 60 de
1798 2596 121 60 graui¬-

236 2647 132 55 tate
319 2647 116 55 suo
385 2647 132 55 more
468 2647 199 55 dicatur.
617 2647 182 55 Debilis
750 2647 166 55 paruum
865 2647 132 55 onus
948 2647 149 55 graue
1047 2647 232 55 existimat:
1229 2647 116 55 sed
1296 2647 199 55 robustus
1445 2647 83 55 &
1478 2647 99 55 in
1527 2647 182 55 corpore
1660 2647 215 55 incolumis
1809 2647 99 55 bene

237 2701 96 46 id
285 2701 224 46 diiudicat.
461 2701 96 46 Et
509 2701 144 46 sicut
605 2701 112 46 est
669 2701 96 46 in
717 2701 192 46 corpore,
861 2701 112 46 ita
925 2701 112 46 est
989 2701 96 46 in
1037 2701 160 46 animo:
1150 2701 128 46 quia
1230 2701 224 46 argumentum
1406 2701 80 46 a
1438 2701 176 46 notiore
1566 2701 96 46 ad
1614 2701 192 46 ignotius
1742 2701 176 46 procedit.

240 2736 181 57 Proinde
371 2736 99 57 ab
420 2736 115 57 his
486 2736 132 57 quae
568 2736 197 57 corporis
716 2736 132 57 sunt
799 2736 148 57 nota,
897 2736 230 57 occultiora
1078 2736 164 57 animae
1193 2736 197 57 mostrat.
1341 2736 214 57 Studiosus
1506 2736 181 57 singula
1637 2736 148 57 recte
1736 2736 197 57 iudicat,
1868 2736 49 57 &

237 2780 89 63 in
282 2780 179 63 singulis
416 2780 134 63 rebus
505 2780 119 63 quod
580 2780 119 63 vere
654 2780 119 63 tale
729 2780 104 63 est
788 2780 209 63 cognoscit.
952 2780 164 63 Habitus
1072 2780 119 63 eius
1146 2780 179 63 secundum
1280 2780 149 63 rectae
1385 2780 179 63 rationis
1519 2780 179 63 dictamen
1653 2780 104 63 est
1712 2780 224 63 procreatus,
1876 2780 45 63 &

238 2832 279 58 delectabiliter
471 2832 93 58 in
518 2832 140 58 actus
611 2832 109 58 sui
673 2832 171 58 habitus
797 2832 186 58 quilibet
937 2832 248 58 progreditur.
1139 2832 93 58 In
1185 2832 202 58 vnoquoque
1341 2832 124 58 enim
1418 2832 155 58 habitu
1527 2832 124 58 sunt
1605 2832 171 58 propria
1729 2832 171 58 quaedam
1837 2832 78 58 bo¬-

241 2871 90 63 na
286 2871 75 63 &
316 2871 181 63 iucunda:
452 2871 90 63 at
497 2871 90 63 in
542 2871 181 63 veritate
677 2871 166 63 habenda
798 2871 196 63 studiosus
948 2871 211 63 antecellit
1114 2871 135 63 quasi
1204 2871 150 63 regula
1309 2871 75 63 &
1339 2871 166 63 illorum
1460 2871 166 63 mensura
1580 2871 196 63 existens.
1730 2871 150 63 lustus
1821 2871 90 63 enim

235 2917 111 60 est
299 2917 111 60 lex
362 2917 190 60 animata,
505 2917 158 60 quinto
615 2917 222 60 Ethicorum.
790 2917 206 60 Voluptate
948 2917 206 60 multitudo
1107 2917 190 60 imperita
1249 2917 222 60 decipitur:
1424 2917 127 60 quae
1503 2917 143 60 licet
1598 2917 111 60 non
1661 2917 111 60 sit
1725 2917 143 60 bona,
1804 2917 111 60 tamen

244 2973 119 52 bona
319 2973 179 52 apparet.
453 2973 134 52 Multi
542 2973 74 52 &
572 2973 194 52 signanter
721 2973 149 52 praui,
825 2973 208 52 voluptatem
989 2973 194 52 sequuntur
1138 2973 164 52 tamquam
1257 2973 149 52 bonum:
1361 2973 164 52 dolorem
1480 2973 119 52 vero
1555 2973 164 52 tamquam
1674 2973 134 52 malum
1748 2973 164 52 exhorrent

240 3015 87 61 &
274 3015 244 61 aufugiunt.
467 3015 87 61 ⁋
501 3015 157 61 Circa
606 3015 244 61 voluntatem
798 3015 244 61 dubitatur,
990 3015 175 61 Primo,
1113 3015 122 61 per
1183 3015 140 61 quid
1270 3015 157 61 agens
1375 3015 87 61 a
1410 3015 227 61 proposito
1584 3015 105 61 ab
1637 3015 175 61 agente
1741 3015 175 61 naturali

241 3062 224 60 differat.
413 3062 207 60 Secundo,
569 3062 121 60 per
638 3062 138 60 quid
724 3062 207 60 voluntas
879 3062 104 60 in
931 3062 155 60 actum
1035 3062 138 60 suum
1121 3062 155 60 exit.
1225 3062 190 60 Tertio,
1363 3062 104 60 an
1414 3062 155 60 malum
1518 3062 173 60 potest
1639 3062 138 60 esse
1708 3062 207 60 voluntatis

250 3105 209 64 obiectum.
411 3105 177 64 Quarto,
540 3105 97 64 an
588 3105 193 64 voluntas
733 3105 193 64 cuilibet
878 3105 177 64 iudicio
1007 3105 193 64 rationis
1152 3105 97 64 se
1200 3105 226 64 conformare
1377 3105 81 64 &
1410 3105 193 64 cuilibet
1555 3105 97 64 se
1603 3105 226 64 difformare
1764 3105 145 64 potest.

235 3152 84 63 ⁋
269 3152 101 63 Ad
319 3152 168 63 primam
437 3152 269 63 dubitationem
656 3152 269 63 respondetur,
875 3152 135 63 quod
959 3152 202 63 potentia
1111 3152 236 63 rationalis
1296 3152 118 63 est
1363 3152 152 63 agens
1464 3152 168 63 potens
1582 3152 168 63 suapte
1700 3152 168 63 natura
1801 3152 118 63 actum

236 3213 186 62 elicere
372 3213 85 62 &
405 3213 119 62 non
473 3213 203 62 elicere,
625 3213 186 62 omnibus
761 3213 169 62 causis
879 3213 186 62 positis
1015 3213 102 62 ad
1066 3213 152 62 actum
1167 3213 254 62 requisitis,
1370 3213 119 62 deo
1438 3213 169 62 parato
1557 3213 102 62 ad
1607 3213 271 62 productionem
1810 3213 119 62 actus
