2376 3602
450 262 124 60 ipsi
528 262 186 60 peccant,
668 262 93 60 si
714 262 233 60 ignorantiae
900 262 124 60 sunt
978 262 171 60 causae.
1102 262 202 60 Probatur:
1257 262 124 60 quia
1334 262 155 60 nullus
1443 262 171 60 punitur
1567 262 124 60 nisi
1644 262 109 60 pro
1706 262 124 60 actu
1784 262 109 60 qui
1846 262 109 60 est
1908 262 93 60 in
1954 262 124 60 eius
2016 262 109 60 facul

461 309 134 64 tate
545 309 168 64 situs:
663 309 118 64 sed
730 309 134 64 homo
814 309 118 64 pro
881 309 185 64 talibus
1015 309 201 64 punitur:
1166 309 185 64 igitur.
1301 309 269 64 Consequentia
1519 309 151 64 patet
1620 309 118 64 cum
1687 309 185 64 maiore.
1821 309 185 64 Minorem
1955 309 168 64 probat
2073 309 101 64 in

448 356 174 64 quiens,
575 356 221 64 temulentos
749 356 174 64 duplici
875 356 142 64 poena
970 356 237 64 afficiendos
1160 356 142 64 leges
1255 356 221 64 decernunt:
1429 356 221 64 principium
1603 356 127 64 enim
1682 356 95 64 in
1730 356 142 64 ipsis
1825 356 127 64 est,
1904 356 111 64 cum
1967 356 95 64 in
1999 356 142 64 ipsorum

457 409 108 56 sit
518 409 201 56 facultate
673 409 217 56 ebrietatem
844 409 170 56 vitare,
967 409 124 56 quae
1045 409 155 56 quidem
1153 409 217 56 ignorantia
1323 409 108 56 est
1385 409 139 56 causa
1478 409 186 56 perperam
1618 409 170 56 agendi.
1741 409 201 56 Similiter
1896 409 170 56 puniunt
2020 409 108 56 eos
2067 409 77 56 qui

464 445 223 62 delinquunt
640 445 223 62 ignorantia
815 445 144 62 eorum
911 445 128 62 quae
991 445 144 62 scire
1087 445 128 62 sunt
1166 445 192 62 obnoxii,
1310 445 96 62 vt
1358 445 128 62 sunt
1438 445 160 62 aliqua
1549 445 144 62 eorum
1645 445 128 62 quae
1725 445 96 62 in
1773 445 176 62 legibus
1901 445 255 62 includuntur,
2092 445 48 62 &

468 498 127 59 quae
548 498 175 59 cognitu
675 498 175 59 facilia
802 498 143 59 sunt:
898 498 80 59 &
930 498 255 59 consimiliter
1136 498 95 59 in
1184 498 143 59 aliis
1280 498 95 59 in
1327 498 159 59 quibus
1439 498 111 59 per
1502 498 255 59 negligentiam
1709 498 239 59 ignoratione
1900 498 239 59 delinquunt:
2075 498 64 59 si

465 546 158 57 quidem
576 546 95 57 in
623 546 142 57 eorum
718 546 205 57 potestate
876 546 111 57 est
939 546 237 57 diligentiam
1129 546 205 57 adhibere:
1287 546 79 57 &
1318 546 126 57 sunt
1397 546 142 57 tales
1492 546 111 57 qui
1555 546 237 57 diligentiam
1745 546 174 57 legibus
1871 546 253 57 cognoscendis
2061 546 79 57 non

462 597 202 50 adhibent.
618 597 171 50 Proinde
742 597 124 50 haec
820 597 155 50 opinio
929 597 109 50 est
991 597 140 50 falsa
1084 597 124 50 quae
1162 597 155 50 dicit:
1271 597 124 50 nemo
1349 597 109 50 est
1411 597 93 50 in
1457 597 140 50 aliis
1551 597 233 50 voluntarie.
1737 597 171 50 Insuper
1862 597 109 50 qui
1924 597 140 50 cuius
2002 597 124 50 studio

475 636 119 58 sese
549 636 193 58 addicunt,
698 636 74 58 &
728 636 89 58 in
772 636 89 58 eo
817 636 223 58 perseuerant
995 636 178 58 operando
1129 636 104 58 sic
1188 636 193 58 dissolute
1337 636 178 58 viuentes
1470 636 89 58 vt
1515 636 134 58 tales
1604 636 163 58 euadant
1723 636 74 58 &
1753 636 163 58 iniusti
1871 636 74 58 &
1886 636 238 58 intemperantes,

462 684 206 47 sibiipsis
621 684 143 47 causa
716 684 127 47 sunt
795 684 174 47 delicta
921 684 190 47 faciendi
1064 684 143 47 potui
1159 684 95 47 ac
1206 684 206 47 similibus
1365 684 143 47 rebus
1460 684 253 47 indulgentes:
1666 684 158 47 quales
1777 684 127 47 enim
1856 684 127 47 sunt
1919 684 206 47 operationes

463 730 136 58 circa
554 730 167 58 singula
675 730 136 58 tales
766 730 182 58 euadunt.
902 730 106 58 Hoc
963 730 106 58 est
1024 730 227 58 operationes
1205 730 136 58 circa
1296 730 167 58 singula
1418 730 167 58 faciunt
1539 730 136 58 tales
1630 730 242 58 habitualiter
1827 730 152 58 qualia
1933 730 121 58 sunt
1994 730 136 58 ipsorum

461 776 157 59 opera:
571 776 94 59 vt
618 776 94 59 si
665 776 188 59 citharam
806 776 219 59 pulsarent,
978 776 219 59 citharoedi
1150 776 188 59 euadunt.
1291 776 125 59 Quod
1369 776 219 59 perspicuum
1541 776 110 59 est
1604 776 110 59 his
1666 776 110 59 qui
1729 776 125 59 ludo
1807 776 110 59 aut
1870 776 157 59 alicui
1979 776 125 59 arti
2042 776 94 59 stu-

466 822 149 54 dent:
566 822 248 54 perseuerant
764 822 132 54 enim
847 822 99 54 in
897 822 215 54 operando,
1062 822 166 54 deinde
1178 822 182 54 habitus
1311 822 99 54 in
1360 822 116 54 eis
1426 822 182 54 genitus
1559 822 116 54 eos
1625 822 99 54 ad
1675 822 182 54 similia
1807 822 149 54 opera
1890 822 248 54 promptificat:

471 870 112 46 ita
535 870 96 46 vt
583 870 112 46 cum
647 870 208 46 voluptate
807 870 256 46 perseuerent,
1015 870 96 46 vt
1063 870 160 46 videre
1175 870 112 46 est
1239 870 96 46 in
1287 870 224 46 hominibus.
1464 870 224 46 deploratae
1640 870 208 46 malitiae,
1800 870 128 46 quia
1880 870 128 46 alea
1960 870 144 46 totos
2040 870 96 46 dies

465 915 164 58 ludunt
580 915 99 58 ac
629 915 246 58 patrimonium
826 915 230 58 prodigunt.
1007 915 197 58 Ignorare
1154 915 148 58 autem
1253 915 181 58 habitus
1384 915 99 58 ex
1434 915 181 58 actibus
1565 915 164 58 fieri,
1680 915 148 58 nimis
1779 915 181 58 hebetis
1910 915 115 58 est
1976 915 181 58 hominis
2091 915 49 58 &

472 959 160 65 obtusi.
589 959 189 65 Praeterea
734 959 73 65 a
763 959 160 65 ratione
879 959 160 65 alienum
996 959 102 65 est
1054 959 145 65 dicere
1156 959 116 65 actu
1228 959 218 65 iniuriantem
1403 959 131 65 nolle
1490 959 116 65 esse
1563 959 189 65 iniustum,
1708 959 145 65 naeque
1810 959 247 65 intemperanter
1999 959 145 65 viuentem

470 1003 119 62 esse
544 1003 238 62 intemperatum
738 1003 253 62 habitualiter,
946 1003 89 62 ei
990 1003 89 62 si
1035 1003 119 62 quis
1109 1003 104 62 non
1168 1003 178 62 ignorans
1302 1003 119 62 agit
1376 1003 89 62 ea
1421 1003 89 62 ex
1465 1003 149 62 quibus
1569 1003 104 62 est
1629 1003 178 62 iniustus
1763 1003 208 62 voluntarie
1926 1003 104 62 sit
1971 1003 163 62 iniustus.

506 1048 141 59 Circa
600 1048 125 59 hanc
678 1048 157 59 partem
788 1048 172 59 literae
913 1048 219 59 dubitatur,
1086 1048 157 59 Primo,
1195 1048 94 59 an
1242 1048 188 59 ebrietas
1384 1048 110 59 sit
1446 1048 204 59 peccatum.
1603 1048 188 59 Secundo,
1744 1048 94 59 an
1791 1048 141 59 facta
1885 1048 219 59 ebrietatis
2042 1048 94 59 ten-

478 1105 132 57 pore
560 1105 132 57 sint
642 1105 165 57 homini
757 1105 263 57 imputabilia.
971 1105 181 57 Tertio,
1103 1105 99 57 an
1153 1105 198 57 voluntas
1301 1105 165 57 suorum
1416 1105 165 57 actuum
1531 1105 115 57 sit
1597 1105 214 57 effectrix
1762 1105 82 57 &
1795 1105 181 57 domina.
1959 1105 99 57 Ad
1992 1105 132 57 primam

464 1150 258 52 dubitationem
674 1150 258 52 respondetur,
883 1150 129 52 quod
964 1150 97 52 si
1012 1150 129 52 homo
1093 1150 226 52 ebrietatem
1270 1150 97 52 ex
1319 1150 226 52 ignorantia
1496 1150 242 52 inuincibili
1690 1150 210 52 incurrat,
1851 1150 113 52 non
1915 1150 177 52 peccat.
2044 1150 113 52 Sed

471 1197 115 58 pro
536 1197 165 58 illius
652 1197 198 58 ampliori
800 1197 231 58 enodatione
982 1197 198 58 ponuntur
1130 1197 297 58 propositiones,
1377 1197 165 58 quarum
1493 1197 148 58 Prima
1591 1197 132 58 est.
1674 1197 181 58 Aliquis
1806 1197 198 58 interdum
1938 1197 181 58 efficitur

473 1242 160 60 ebrius
585 1242 128 60 sine
665 1242 112 60 sua
729 1242 160 60 culpa.
841 1242 144 60 patet
936 1242 96 60 ex
984 1242 240 60 praecedente
1176 1242 272 60 propositione.
1400 1242 176 60 Secunda
1528 1242 240 60 propositio.
1720 1242 176 60 Aliquis
1847 1242 192 60 scienter
1975 1242 160 60 incurrit

462 1285 227 63 ebrietatem
640 1285 130 63 sine
721 1285 113 63 sua
786 1285 162 63 culpa.
899 1285 211 63 probatio.
1061 1285 194 63 Quispiam
1207 1285 130 63 eget
1288 1285 259 63 euacuatione,
1499 1285 97 63 vt
1548 1285 178 63 vomitu,
1677 1285 130 63 aluo
1758 1285 113 63 qui
1823 1285 113 63 est
1888 1285 243 63 incurabilis
2066 1285 65 63 ob

468 1338 178 54 venenum
597 1338 276 54 praesentaneum
824 1338 97 54 ab
873 1338 97 54 eo
922 1338 178 54 sumptum
1051 1338 113 54 vel
1116 1338 146 54 alium
1213 1338 162 54 morbum
1327 1338 162 54 aliter
1440 1338 259 54 incurabilem.
1651 1338 146 54 Casus
1748 1338 113 54 est
1813 1338 227 54 contingens
1991 1338 97 54 vt
2024 1338 113 54 supr-

477 1372 144 56 pono,
573 1372 112 56 his
637 1372 208 56 stantibus
797 1372 224 56 argumentor
973 1372 128 56 sic.
1053 1372 192 56 Socrates
1197 1372 112 56 est
1261 1372 176 56 positus
1389 1372 144 56 inter
1485 1372 128 56 duo,
1565 1372 160 56 vtpote
1677 1372 96 56 de
1725 1372 128 56 vita
1805 1372 192 56 seruanda
1949 1372 80 56 &
1981 1372 96 56 de
2013 1372 112 56 temu-

469 1429 158 52 lentia
580 1429 205 52 euitanda,
737 1429 126 52 quae
816 1429 142 52 locum
911 1429 158 52 alteri
1021 1429 142 52 parti
1116 1429 95 52 in
1163 1429 126 52 casu
1242 1429 126 52 dat.
1321 1429 174 52 igitur.
1448 1429 158 52 Tertia
1558 1429 237 52 propositio.
1747 1429 205 52 Incurrere
1905 1429 221 52 ebrietatem
2063 1429 63 52 ex

468 1472 215 50 ignorantia
637 1472 200 50 vincibili
791 1472 108 50 vel
852 1472 185 50 scienter
991 1472 123 50 sine
1068 1472 231 50 rationabili
1253 1472 139 50 causa
1345 1472 108 50 est
1407 1472 200 50 peccatum,
1560 1472 77 50 &
1591 1472 246 50 exprobabile.
1791 1472 92 50 Qu
1838 1472 108 50 sit
1899 1472 185 50 peccatum
2022 1472 108 50 patet

465 1520 128 56 quia
545 1520 112 56 est
609 1520 287 56 intemperantia.
848 1520 96 56 Qi
896 1520 112 56 sit
960 1520 239 56 exprobabile
1151 1520 160 56 patet,
1263 1520 128 56 quia
1343 1520 96 56 ab
1391 1520 176 56 omnibus
1518 1520 176 56 vinosus
1646 1520 255 56 abominabilis
1854 1520 80 56 &
1870 1520 255 56 flagitiosissi-

465 1567 114 50 mus
530 1567 81 50 a
562 1567 146 50 vulgo
660 1567 227 50 reputatur.
838 1567 162 50 Contra
952 1567 195 50 secundam
1098 1567 276 50 propositionem
1326 1567 227 50 obiicitur,
1505 1567 146 50 Primo
1602 1567 130 50 sic.
1683 1567 146 50 Talis
1781 1567 146 50 facit
1878 1567 146 50 actum
1960 1567 162 50 intempe-

462 1610 178 55 rantiae,
596 1610 104 55 cum
655 1610 104 55 sit
714 1610 133 55 extra
803 1610 178 55 mensuram
936 1610 237 55 sobrietatis.
1129 1610 178 55 Secundo,
1262 1610 89 55 si
1307 1610 119 55 homo
1381 1610 178 55 priuaret
1514 1610 133 55 alium
1603 1610 163 55 ratione
1722 1610 119 55 plus
1796 1610 178 55 peccaret
1929 1610 119 55 quam
2003 1610 104 55 eum
2048 1610 74 55 pe-

466 1659 146 58 cunia
563 1659 211 58 priuando:
726 1659 81 58 &
759 1659 114 58 non
824 1659 146 58 minus
921 1659 163 58 quoque
1035 1659 163 58 peccat
1149 1659 98 58 se
1198 1659 114 58 sua
1263 1659 163 58 ipsius
1377 1659 179 58 ratione
1507 1659 211 58 priuando:
1670 1659 179 58 igitur.
1800 1659 98 58 Ad
1848 1659 179 58 priorem
1962 1659 163 58 rationem

473 1705 198 63 respondeo
625 1705 168 63 negando
747 1705 122 63 quod
823 1705 152 63 faciat
930 1705 137 63 actum
1021 1705 290 63 intemperantiae.
1265 1705 122 63 Bene
1341 1705 152 63 quidem
1448 1705 137 63 esset
1540 1705 137 63 extra
1631 1705 183 63 mensuram
1768 1705 229 63 sobrietatis
1951 1705 122 63 nisi
2012 1705 122 63 ratio-

471 1753 177 61 nabilis
599 1753 144 61 causa
696 1753 241 61 excusatoria
888 1753 225 61 occurreret
1065 1753 209 61 Moraliter
1225 1753 160 61 itaque
1338 1753 193 61 loquendo
1482 1753 96 61 in
1530 1753 177 61 materia
1659 1753 241 61 sobrietatis
1851 1753 160 61 manet:
1963 1753 144 61 solum
2044 1753 96 61 quod

471 1800 224 53 vulgariter
647 1800 192 53 loquendo
790 1800 112 53 est
854 1800 176 53 ebrius.
982 1800 96 53 Ad
1030 1800 192 53 secundam
1174 1800 192 53 rationem
1317 1800 192 53 dicitur,
1461 1800 128 53 quod
1541 1800 192 53 dormiens
1685 1800 160 53 priuat
1797 1800 96 53 se
1845 1800 176 53 ratione
1972 1800 96 53 ad
2004 1800 128 53 tempus

468 1837 125 79 sine
546 1837 187 79 peccato:
686 1837 109 79 sic
749 1837 78 79 &
780 1837 140 79 iste,
873 1837 202 79 signanter
1029 1837 93 79 si
1076 1837 140 79 inter
1169 1837 156 79 amicos
1278 1837 156 79 maneat
1387 1837 109 79 qui
1450 1837 109 79 eam
1512 1837 93 79 ab
1559 1837 234 79 exequutione
1746 1837 125 79 mali
1823 1837 218 79 impediunt.
1979 1837 156 79 Caeterum

470 1892 203 65 quicumque
626 1892 140 65 extra
720 1892 234 65 latitudinem
907 1892 234 65 sobrietatis
1095 1892 109 65 est
1157 1892 156 65 ebrius
1266 1892 219 65 moraliter,
1438 1892 140 65 licet
1532 1892 109 65 sit
1594 1892 156 65 mentis
1704 1892 172 65 compos.
1828 1892 203 65 Potestque
1985 1892 125 65 esse
2047 1892 78 65 mo-

471 1938 144 51 dicus
567 1938 208 51 excessus,
727 1938 80 51 &
759 1938 112 51 sic
822 1938 144 51 esset
918 1938 176 51 veniale
1046 1938 208 51 peccatum,
1206 1938 112 51 aut
1270 1938 160 51 magnus
1381 1938 96 51 ad
1429 1938 176 51 mortale
1557 1938 160 51 crimen
1669 1938 240 51 sufficiens.
1892 1938 96 51 At
1940 1938 192 51 dubitas,
2068 1938 64 51 an

467 1982 212 63 assiduitas
633 1982 91 63 ex
679 1982 166 63 veniali
800 1982 151 63 letale
906 1982 197 63 efficiat.
1057 1982 242 63 Respondetur,
1254 1982 121 63 quod
1329 1982 197 63 neutiquam
1480 1982 182 63 paritate
1617 1982 136 63 data:
1707 1982 91 63 si
1753 1982 166 63 praeuia
1874 1982 136 63 parua
1949 1982 182 63 temulentia

476 2030 103 58 sit
535 2030 192 58 venialis,
683 2030 162 58 secunda
801 2030 162 58 pariter
919 2030 133 58 talis
1007 2030 118 58 erit
1081 2030 74 58 &
1110 2030 162 58 tertia,
1228 2030 74 58 &
1258 2030 103 58 sic
1317 2030 251 58 consequenter.
1523 2030 133 58 Verum
1612 2030 88 58 si
1656 2030 221 58 debilitatem
1833 2030 162 58 cerebri
1951 2030 192 58 cognoscat
2084 2030 44 58 &

471 2080 302 55 promptitudinem
723 2080 101 55 ad
773 2080 269 55 temulentiam:
992 2080 117 55 iam
1059 2080 185 55 ratione
1193 2080 151 55 nouae
1294 2080 201 55 notitiae
1445 2080 185 55 veniale
1579 2080 101 55 in
1629 2080 185 55 mortale
1764 2080 269 55 conuertitur.
1999 2080 117 55 Circa

471 2119 194 69 secundam
616 2119 258 69 dubitationem
826 2119 194 69 ponuntur
971 2119 290 69 propositiones,
1213 2119 161 69 quarum
1326 2119 145 69 Prima
1422 2119 129 69 est.
1503 2119 194 69 Occidens
1648 2119 97 69 in
1697 2119 210 69 ebrietate
1858 2119 129 69 quam
1939 2119 129 69 sine
2003 2119 113 69 culpa

472 2169 199 54 incurrit,
625 2169 107 54 non
686 2169 168 54 peccat.
808 2169 153 54 Patet,
915 2169 122 54 quia
991 2169 138 54 talis
1083 2169 138 54 actus
1175 2169 107 54 est
1236 2169 260 54 inuoluntarius
1450 2169 76 54 &
1480 2169 138 54 nullo
1572 2169 122 54 modo
1648 2169 92 54 in
1694 2169 199 54 potestate
1847 2169 138 54 viri:
1939 2169 122 54 ergo
2015 2169 92 54 ei
2061 2169 92 54 ad

462 2216 174 53 culpam
583 2216 122 53 non
653 2216 244 53 imputatur.
844 2216 191 53 Secunda
984 2216 261 53 propositio.
1192 2216 209 53 Occidens
1349 2216 104 53 in
1401 2216 226 53 ebrietate
1575 2216 226 53 culpabili
1749 2216 139 53 quam
1836 2216 122 53 per
1888 2216 244 53 poenitudinem

462 2262 236 62 emendauit,
647 2262 118 62 non
715 2262 185 62 peccat.
849 2262 219 62 probatur,
1017 2262 151 62 talis
1118 2262 135 62 ante
1203 2262 236 62 homicidium
1388 2262 219 62 commissum
1556 2262 168 62 culpam
1674 2262 269 62 praecedentem
1892 2262 135 62 quae
1977 2262 101 62 ad
2010 2262 118 62 homi-

467 2310 154 57 cidium
575 2310 108 57 est
636 2310 247 57 antecedenter
837 2310 232 57 castigauit:
1023 2310 124 57 ergo
1100 2310 108 57 non
1162 2310 170 57 peccat.
1285 2310 154 57 Tertia
1393 2310 232 57 propositio,
1578 2310 185 57 loquendo
1717 2310 93 57 de
1764 2310 139 57 ebrio
1856 2310 108 57 qui
1918 2310 139 57 nihil
1995 2310 124 57 ratio-

474 2353 122 55 nis
543 2353 156 55 habet
647 2353 122 55 qui
717 2353 260 55 temulentiam
925 2353 104 55 ex
977 2353 156 55 culpa
1081 2353 122 55 non
1151 2353 208 55 emendata
1307 2353 243 55 incurrebat
1498 2353 122 55 est
1567 2353 156 55 maior
1672 2353 208 55 ambages.
1828 2353 174 55 Beatus
1949 2353 139 55 enim
2019 2353 104 55 Tho-

464 2402 116 59 mas
531 2402 165 59 partem
646 2402 265 59 affirmatiuam
862 2402 248 59 insequitur,
1060 2402 132 59 quae
1143 2402 132 59 mihi
1226 2402 116 59 non
1292 2402 182 59 placet.
1424 2402 215 59 Propterea
1590 2402 99 59 ad
1639 2402 165 59 partem
1755 2402 215 59 negatiuam
1904 2402 215 59 argumentor,

469 2450 142 50 Primo
564 2450 126 50 sic.
643 2450 221 50 Homicidium
817 2450 95 50 in
864 2450 205 50 ebrietate
1022 2450 158 50 factum
1133 2450 111 50 non
1196 2450 111 50 est
1259 2450 253 50 voluntarium,
1464 2450 126 50 ergo
1543 2450 111 50 non
1607 2450 111 50 est
1670 2450 237 50 imputabile.
1859 2450 95 50 At
1907 2450 142 50 dicis
2002 2450 111 50 est
2049 2450 79 50 vo-

460 2495 105 56 lum
520 2495 150 56 tarium
625 2495 90 56 in
670 2495 105 56 sua
730 2495 150 56 causa:
834 2495 165 56 poterat
954 2495 120 56 enim
1029 2495 135 56 illud
1119 2495 195 56 euitasse.
1269 2495 180 56 Replico,
1403 2495 120 56 illo
1478 2495 120 56 dato
1553 2495 180 56 sequitur
1688 2495 120 56 quod
1763 2495 135 56 actus
1852 2495 180 56 exterior
1987 2495 165 56 aliquid

466 2547 187 54 malitiae
606 2547 109 54 vel
669 2547 202 54 bonitatis
824 2547 140 54 super
918 2547 140 54 actum
1011 2547 187 54 elicitum
1151 2547 187 54 poneret.
1291 2547 218 54 Consequens
1462 2547 109 54 est
1524 2547 171 54 falsum,
1649 2547 109 54 cum
1711 2547 140 54 solum
1804 2547 233 54 naturaliter
1991 2547 93 54 ad
2022 2547 109 54 actum

479 2588 184 57 elicitum
617 2588 200 57 sequitur.
770 2588 246 57 Consequentia
970 2588 138 57 tamen
1062 2588 154 57 patet.
1170 2588 123 57 quia
1247 2588 138 57 actus
1339 2588 184 57 operatus
1477 2588 108 57 est
1538 2588 169 57 volitus
1661 2588 92 57 in
1707 2588 108 57 sua
1769 2588 154 57 causa:
1876 2588 169 57 igitur.
1984 2588 138 57 Secundo

467 2634 122 58 sic.
543 2634 184 58 Sequitur
681 2634 122 58 quod
757 2634 184 58 dormiens
895 2634 76 58 &
926 2634 92 58 ad
971 2634 199 58 matutinum
1124 2634 184 58 officium
1262 2634 92 58 ad
1308 2634 122 58 quod
1384 2634 168 58 tenetur
1507 2634 107 58 non
1568 2634 184 58 surgens,
1706 2634 168 58 peccat:
1828 2634 214 58 consequens
1996 2634 107 58 est
2042 2634 92 58 fal-

463 2686 127 60 sum,
543 2686 127 60 quia
622 2686 111 60 non
686 2686 111 60 est
749 2686 143 60 situm
845 2686 95 60 in
892 2686 127 60 eius
972 2686 207 60 potestate
1131 2686 191 60 surgere.
1274 2686 95 60 Et
1321 2686 143 60 forte
1417 2686 143 60 dicis
1512 2686 143 60 dedit
1607 2686 159 60 operam
1719 2686 111 60 rei
1782 2686 175 60 licitae
1909 2686 207 60 dormiens,
2053 2686 79 60 nec

470 2727 100 51 in
520 2727 117 51 hoc
587 2727 217 51 peccauit.
754 2727 184 51 Contra,
888 2727 167 51 saltem
1005 2727 201 51 sequitur
1156 2727 100 51 si
1206 2727 134 51 ibat
1289 2727 201 51 dormitum
1440 2727 184 51 tempore
1573 2727 201 51 indebito
1724 2727 134 51 tunc
1807 2727 117 51 non
1874 2727 184 51 surgens
2008 2727 100 51 ad
2041 2727 84 51 ma-

463 2773 176 64 tutinum
591 2773 208 64 peccabit.
751 2773 176 64 Tertio,
879 2773 160 64 nullus
991 2773 144 64 vnico
1087 2773 176 64 peccato
1215 2773 224 64 irritatus,
1390 2773 160 64 duobus
1502 2773 192 64 peccatis
1646 2773 160 64 peccat
1758 2773 112 64 per
1822 2773 176 64 aliquid
1950 2773 128 64 mere
2014 2773 112 64 natu-

466 2825 130 58 rale
547 2825 130 58 quod
628 2825 113 58 non
693 2825 113 58 est
758 2825 97 58 in
806 2825 211 58 facultate
968 2825 113 58 sua
1033 2825 162 58 situm:
1147 2825 113 58 sed
1211 2825 130 58 iste
1292 2825 130 58 ante
1373 2825 146 58 necem
1471 2825 130 58 erat
1552 2825 194 58 peccator
1698 2825 146 58 solum
1795 2825 146 58 vnico
1892 2825 178 58 peccato
2006 2825 113 58 temu-

461 2868 189 63 lentiae,
603 2868 157 63 postea
713 2868 110 63 non
776 2868 126 63 plus
854 2868 157 63 vtitur
964 2868 173 63 ratione
1090 2868 126 63 quam
1169 2868 173 63 bellua:
1295 2868 173 63 igitur.
1420 2868 204 63 Roboratur
1578 2868 157 63 maior.
1688 2868 110 63 Non
1751 2868 126 63 enim
1829 2868 126 63 alia
1908 2868 94 63 de
1955 2868 142 63 causa
2034 2868 94 63 pol-

458 2915 151 58 lutio
559 2915 202 58 nocturna
710 2915 185 58 homini,
845 2915 118 58 non
912 2915 202 58 mputatur
1063 2915 101 58 in
1114 2915 168 58 somno,
1231 2915 118 58 nec
1299 2915 151 58 actus
1399 2915 168 58 libere
1517 2915 202 58 elicitus
1668 2915 101 58 in
1719 2915 286 58 continuatione
1937 2915 185 58 naturali.

471 2962 167 64 Propter
593 2962 107 64 has
653 2962 76 64 &
684 2962 152 64 multas
790 2962 137 64 alias
882 2962 183 64 rationes
1019 2962 122 64 quae
1095 2962 152 64 facile
1201 2962 152 64 adduci
1308 2962 152 64 queunt
1414 2962 152 64 partem
1521 2962 198 64 negatiuam
1673 2962 152 64 teneo,
1779 2962 198 64 videlicet
1931 2962 122 64 quod
1992 2962 122 64 ebrius

467 3011 152 50 nihil
569 3011 203 50 rationis
721 3011 169 50 habens
839 3011 254 50 temulentiam
1043 3011 102 50 ex
1093 3011 152 50 culpa
1195 3011 118 50 non
1263 3011 203 50 emendata
1415 3011 220 50 incurrens
1584 3011 186 50 tempore
1720 3011 254 50 ebrietatis,
1923 3011 118 50 non
1974 3011 152 50 peccat.

508 3052 164 54 Contra
624 3052 263 54 conclusionem
837 3052 197 54 secundam
985 3052 247 54 argumentor.
1183 3052 148 54 Licet
1281 3052 164 54 doleam
1396 3052 99 54 de
1446 3052 230 54 temulentia
1627 3052 115 54 aut
1692 3052 132 54 eius
1775 3052 148 54 causa
1873 3052 181 54 antequi
1988 3052 132 54 ebrie-

461 3104 105 56 tas
521 3104 179 56 accedat,
655 3104 149 56 nihilo
760 3104 134 56 tamen
849 3104 134 56 minus
939 3104 179 56 peccatum
1073 3104 105 56 est
1133 3104 164 56 futurum
1253 3104 179 56 scilicet
1387 3104 209 56 homicidium
1551 3104 134 56 cuius
1641 3104 119 56 ipse
1716 3104 105 56 sum
1775 3104 149 56 actor,
1880 3104 194 56 propterea
2014 3104 105 56 talis

465 3157 175 50 occisio
592 3157 127 50 mihi
672 3157 254 50 imputabitur.
878 3157 191 50 Secundo,
1021 3157 95 50 si
1069 3157 159 50 seruum
1180 3157 127 50 meum
1260 3157 159 50 mittam
1371 3157 191 50 occidere
1514 3157 207 50 Platonem,
1673 3157 95 50 et
1721 3157 95 50 me
1768 3157 143 50 facti
1864 3157 207 50 poenitet,
2007 3157 111 50 cele-

457 3197 120 75 rem
525 3197 188 75 equitem
662 3197 137 75 post
747 3197 154 75 illum
850 3197 188 75 mittens
986 3197 102 75 ne
1038 3197 222 75 flagitium
1209 3197 239 75 perpetret,
1396 3197 85 75 &
1431 3197 188 75 interim
1567 3197 137 75 ipse
1653 3197 205 75 occidit,
1806 3197 205 75 innocens
1943 3197 188 75 occiditur
