2371 3596
206 244 83 73 &
240 244 199 73 iniuste,
389 244 149 73 cuius
488 244 249 73 iniustitiae
688 244 116 73 ego
754 244 116 73 sum
820 244 133 73 fons
903 244 83 73 &
936 244 166 73 origo:
1053 244 182 73 proinde
1185 244 249 73 culpabilis.
1384 244 182 73 Amplius
1517 244 116 73 meo
1583 244 166 73 famulo
1700 244 149 73 mando
1782 244 100 73 pul¬-

212 307 120 58 sare
287 307 196 58 Ciceronem
438 307 196 58 districte
588 307 166 58 vetando
708 307 90 58 ne
754 307 135 58 illum
844 307 196 58 trucidet:
994 307 166 58 famulus
1115 307 135 58 illum
1205 307 226 58 interficit,
1386 307 105 58 ego
1446 307 105 58 sum
1506 307 241 58 irregularis.
1701 307 150 58 itaque
1792 307 90 58 man¬-

208 353 166 57 datarii
329 353 151 57 scelus
434 353 121 57 mihi
510 353 136 57 fonti
600 353 181 57 sceleris
736 353 241 57 imputabitur.
932 353 121 57 Haec
1007 353 106 57 non
1068 353 211 57 stringunt:
1233 353 151 57 fateor
1339 353 106 57 pro
1399 353 151 57 futuro
1505 353 166 57 scelere
1626 353 226 57 committendo
1792 353 90 57 con¬-

208 398 151 57 tritio
313 398 105 57 est
374 398 256 57 insufficiens,
585 398 105 57 sed
645 398 105 57 cum
705 398 166 57 auerser
826 398 75 57 &
856 398 166 57 execrer
976 398 151 57 causam
1082 398 211 57 ebrietatis
1247 398 121 57 meae
1323 398 181 57 futurae,
1458 398 121 57 feci
1534 398 121 57 quod
1609 398 136 57 potui
1699 398 151 57 futura
1790 398 90 57 mors

207 446 187 58 quicquid
348 446 218 58 contigerit
519 446 125 58 mihi
597 446 125 58 haud
675 446 250 58 imputabitur,
878 446 172 58 tametsi
1003 446 187 58 innocens
1143 446 218 58 occidatur:
1315 446 156 58 illius
1424 446 125 58 mors
1502 446 125 58 mihi
1580 446 109 58 eam
1642 446 218 58 detestanti
1798 446 78 58 non

199 487 239 64 imputabitur
390 487 96 64 ad
438 487 143 64 nouam
534 487 175 64 culpam.
661 487 175 64 Attamen
789 487 191 64 forensis
932 487 143 64 iudex
1028 487 191 64 capitali
1172 487 207 64 supplicio
1331 487 96 64 me
1379 487 112 64 pro
1443 487 128 64 illo
1522 487 207 64 homicidio
1682 487 175 64 puniet,
1793 487 96 64 quia

207 548 152 48 illius
313 548 121 48 eram
389 548 167 48 author.
510 548 152 48 Simili
616 548 121 48 modo
692 548 91 48 si
737 548 182 48 emiserim
874 548 197 48 periculum
1025 548 91 48 ex
1071 548 121 48 arcu
1147 548 76 48 &
1177 548 182 48 antequam
1313 548 167 48 sagitta
1434 548 182 48 Socratem
1571 548 167 48 occidat
1692 548 152 48 doleam
1783 548 91 48 siue

213 589 170 51 occidat
336 589 123 51 siue
413 589 108 51 non
475 589 93 51 in
521 589 170 51 crimine
645 589 108 51 non
706 589 123 51 sum.
783 589 77 51 ⁋
814 589 170 51 Contra.
938 589 108 51 hoc
999 589 108 51 est
1061 589 154 51 contra
1169 589 231 51 Aristotelem
1354 589 93 51 in
1401 589 154 51 litera
1509 589 185 51 dicentem
1648 589 139 51 ebrio
1725 589 154 51 debentur

199 636 177 56 duplices
332 636 266 56 increpationes.
554 636 177 56 Secundo,
687 636 89 56 ex
731 636 222 56 conclusione
908 636 177 56 sequitur
1041 636 118 56 homo
1115 636 118 56 quod
1189 636 103 56 per
1248 636 177 56 peccatum
1381 636 74 56 a
1410 636 192 56 praecepto
1558 636 148 56 diuino
1647 636 236 56 deobligabitur.

203 681 212 52 Consequens
369 681 106 52 est
430 681 257 52 inconveniens.
641 681 151 52 Tertio
747 681 212 52 argumentor
913 681 151 52 contra
1019 681 227 52 probationem
1201 681 91 52 de
1246 681 121 52 actu
1322 681 212 52 exteriori.
1488 681 121 52 Ille
1564 681 181 52 malitiam
1700 681 76 52 &
1715 681 166 52 bonitatem

206 732 139 56 actui
298 732 200 56 interiori
452 732 231 56 superaddit,
637 732 123 56 esto
714 732 123 56 quod
791 732 231 56 naturaliter
976 732 92 56 ab
1022 732 92 56 eo
1069 732 216 56 imperatur.
1238 732 200 56 Assumptum
1392 732 139 56 patet
1485 732 262 56 quadrifariam.
1700 732 154 56 Primo,
1793 732 77 56 di¬-

194 775 144 55 uersi
290 775 191 55 decalogi
433 775 303 55 praeceptionibus
689 775 128 55 illi
768 775 144 55 actus
864 775 255 55 prohibentur,
1071 775 112 55 Non
1135 775 160 55 furtum
1247 775 175 55 facies,
1374 775 80 55 &
1406 775 112 55 non
1470 775 239 55 concupisces
1662 775 112 55 rem
1709 775 160 55 proximi.

202 822 103 50 Tum
261 822 176 50 secundo,
393 822 147 50 melius
496 822 103 50 est
555 822 118 50 illi
629 822 103 50 qui
687 822 132 50 capit
776 822 235 50 Eucharistiam
967 822 118 50 quam
1040 822 118 50 illi
1114 822 103 50 qui
1172 822 147 50 capere
1275 822 132 50 vult,
1364 822 103 50 non
1422 822 191 50 capiendo.
1569 822 103 50 Tum
1628 822 162 50 tertio,
1746 822 118 50 tunc
1805 822 73 50 non

199 868 142 58 esset
294 868 174 58 necesse
420 868 205 58 celebrare
578 868 205 58 matutinum
736 868 110 58 aut
799 868 205 58 vesperas,
957 868 110 58 tum
1020 868 142 58 actus
1115 868 189 58 interior
1257 868 110 58 sit
1320 868 110 58 ita
1383 868 142 58 bonus
1477 868 142 58 sicut
1572 868 189 58 binarius
1698 868 174 58 vtriusque

199 907 152 59 actus.
305 907 107 59 Tum
366 907 168 59 quarto,
488 907 183 59 Socrates
625 907 168 59 faciens
747 907 213 59 interiorem
915 907 107 59 cum
975 907 198 59 exteriore
1128 907 137 59 facit
1219 907 107 59 duo
1280 907 137 59 mala,
1371 907 152 59 quorum
1478 907 137 59 actus
1569 907 183 59 interior
1706 907 107 59 est
1752 907 122 59 aequa¬-

201 961 107 54 lis
262 961 138 54 actui
354 961 184 54 Platonis
491 961 92 54 vt
537 961 230 54 supponitur:
721 961 122 54 ergo
798 961 184 54 Socrates
935 961 122 54 plus
1012 961 153 54 peccat
1119 961 122 54 quam
1196 961 153 54 Plato.
1303 961 77 54 ⁋
1333 961 92 54 Ad
1379 961 153 54 primum
1486 961 245 54 respondetur,
1685 961 122 54 quod
1762 961 138 54 illud

197 1002 156 57 dictum
306 1002 93 57 ex
353 1002 156 57 Pitaco
462 1002 109 57 vno
524 1002 156 57 septem
633 1002 202 57 sapientum
789 1002 233 57 Aristoteles
975 1002 187 57 recitat.
1115 1002 140 57 patet
1209 1002 171 57 secundo
1333 1002 249 57 Politicorum.
1535 1002 171 57 Secundo
1660 1002 109 57 est
1722 1002 140 57 sermo
1800 1002 62 57 de

194 1052 145 61 ebrio
291 1052 177 61 vulgari
419 1052 193 61 nonnihil
564 1052 193 61 rationis
709 1052 177 61 habente
838 1052 113 61 qui
903 1052 97 61 in
951 1052 177 61 loquela
1080 1052 225 61 blaterando
1257 1052 177 61 delirat
1386 1052 113 61 vel
1450 1052 161 61 nutat,
1563 1052 177 61 parieti
1692 1052 113 61 aut
1740 1052 129 61 baculo

194 1103 248 56 adhaerendo.
393 1103 182 56 Tertio,
525 1103 198 56 interdum
674 1103 182 56 minores
806 1103 165 56 culpae
922 1103 198 56 acerbius
1071 1103 264 56 reprimuntur,
1285 1103 149 56 fures
1385 1103 132 56 enim
1467 1103 99 56 in
1517 1103 149 56 trino
1616 1103 149 56 furto
1699 1103 165 56 repertos

191 1147 186 67 patibulo
331 1147 233 67 suspendunt,
517 1147 109 67 non
579 1147 140 67 autem
672 1147 233 67 simoniacos,
859 1147 186 67 moechos,
998 1147 78 67 &
1029 1147 171 67 caetera
1153 1147 93 67 id
1200 1147 155 67 genus:
1308 1147 171 67 propter
1433 1147 264 67 procliuitatem
1650 1147 93 67 ad
1696 1147 124 67 mala
1758 1147 109 67 illam

191 1195 137 57 noxam
282 1195 167 57 acriter
404 1195 167 57 Pitacus
525 1195 167 57 sapiens
647 1195 182 57 puniuit.
784 1195 167 57 Nusquam
905 1195 167 57 gentium
1027 1195 137 57 maior
1118 1195 213 57 offenditur
1285 1195 213 57 vinolentia
1453 1195 122 57 quam
1529 1195 91 57 in
1574 1195 152 57 Lesbo,
1681 1195 137 57 cuius
1757 1195 106 57 Myti¬-

199 1248 123 54 lene
276 1248 108 54 est
337 1248 170 54 ciuitas
461 1248 216 54 potissima,
631 1248 93 54 si
677 1248 185 54 alicunde
816 1248 170 54 crimina
939 1248 231 54 inualescant
1124 1248 154 54 maiori
1232 1248 201 54 acrimonia
1387 1248 139 54 atque
1479 1248 216 54 vigilantia
1649 1248 123 54 sunt
1711 1248 154 54 arcenda.

249 1292 169 57 Quarto,
372 1292 169 57 dicitur
495 1292 139 57 magis
587 1292 92 57 ad
633 1292 216 57 propositum
803 1292 246 57 distinguendo
1003 1292 154 57 illam:
1111 1292 139 57 ebrio
1203 1292 185 57 debentur
1342 1292 185 57 duplices
1480 1292 277 57 increpationes,
1711 1292 123 57 vnus
1773 1292 92 57 enim

197 1344 157 55 sensus
307 1344 126 55 est:
386 1344 204 55 Carpendus
543 1344 110 55 est
606 1344 110 55 pro
669 1344 220 55 temulentia
842 1344 79 55 &
873 1344 142 55 etiam
968 1344 157 55 peccat
1078 1344 94 55 in
1125 1344 142 55 opere
1219 1344 173 55 tempore
1345 1344 220 55 ebrietatis
1518 1344 157 55 facto,
1628 1344 79 55 &
1660 1344 142 55 illum
1738 1344 126 55 sensum

202 1382 134 65 nego.
291 1382 134 65 Alius
381 1382 149 65 sensus
485 1382 119 65 est,
559 1382 119 65 argu
633 1382 134 65 endus
723 1382 104 65 est
782 1382 223 65 dupliciter.
961 1382 134 65 Primo
1050 1382 119 65 puer
1124 1382 208 65 ebrietate,
1288 1382 74 65 &
1318 1382 104 65 non
1377 1382 134 65 solum
1466 1382 119 65 puer
1541 1382 89 65 ea
1585 1382 104 65 sed
1645 1382 104 65 pro
1704 1382 134 65 damno
1779 1382 89 65 quod

208 1435 272 51 verisimiliter
432 1435 160 51 potest
544 1435 176 51 proximo
672 1435 192 51 inferre.
816 1435 128 51 Sunt
896 1435 128 51 enim
976 1435 160 51 aliqui
1088 1435 112 51 qui
1152 1435 144 51 ebrii
1248 1435 192 51 porcorum
1392 1435 128 51 more
1472 1435 208 51 dormiunt.
1632 1435 96 51 De
1680 1435 112 51 his
1744 1435 112 51 non
1792 1435 80 51 est

203 1476 197 63 timendum,
355 1476 137 63 solum
446 1476 106 63 vno
506 1476 167 63 peccato
628 1476 182 63 peccant.
765 1476 106 63 Sed
825 1476 91 63 si
871 1476 121 63 illo
947 1476 167 63 tempore
1068 1476 121 63 quis
1144 1476 152 63 rabiem
1250 1476 167 63 quandam
1372 1476 197 63 incurrere
1524 1476 137 63 solet
1615 1476 182 63 secundum
1736 1476 137 63 verisi¬-

203 1522 138 61 milem
294 1522 183 61 iacturam
432 1522 122 61 eius
508 1522 183 61 peccatum
646 1522 92 61 in
692 1522 199 61 ebrietate
845 1522 229 61 mensurandum
1028 1522 122 61 est.
1105 1522 183 61 Effectus
1242 1522 168 61 sequens
1365 1522 92 61 ad
1410 1522 138 61 actus
1502 1522 245 61 praecedentis
1686 1522 183 61 grauitatem

197 1574 135 54 nihil
287 1574 196 54 operatur:
438 1574 105 54 sed
498 1574 150 54 damnum
603 1574 256 54 verisimiliter
814 1574 181 54 sequens,
949 1574 166 54 iudicio
1070 1574 196 54 prudentum
1220 1574 135 54 actum
1310 1574 241 54 praecedentem
1506 1574 196 54 aggrauat.
1656 1574 90 54 In
1702 1574 105 54 quo
1747 1574 120 54 membro

200 1619 120 59 iste
275 1619 120 59 nunc
350 1619 150 59 libens
455 1619 90 59 ad
500 1619 150 59 primam
605 1619 210 59 ebrietatem
770 1619 255 59 includeretur,
980 1619 120 59 scit
1054 1619 90 59 ad
1099 1619 120 59 suam
1174 1619 225 59 temulentiam
1354 1619 180 59 iacturam
1489 1619 135 59 posse
1579 1619 150 59 sequi,
1669 1619 195 59 quemadmodum

207 1676 104 50 est
267 1676 89 50 de
311 1676 224 50 proiiciente
490 1676 164 50 lapidem
609 1676 104 50 per
669 1676 194 50 fenestram
818 1676 89 50 in
863 1676 149 50 vicum,
967 1676 119 50 siue
1042 1676 164 50 occidat
1161 1676 119 50 siue
1235 1676 119 50 non.
1310 1676 209 50 aequaliter
1474 1676 149 50 peccat
1578 1676 134 50 coram
1667 1676 119 50 deo.
1727 1676 134 50 Quinto,

199 1698 154 76 expono
306 1698 138 76 illam
398 1698 261 76 propositionem
613 1698 123 76 sic.
690 1698 215 76 dupliciter
859 1698 230 76 increpantur
1043 1698 77 76 &
1074 1698 215 76 puniuntur,
1243 1698 92 76 ab
1289 1698 215 76 hominibus.
1458 1698 246 76 Legumlatores
1657 1698 123 76 enim
1719 1698 138 76 possunt

196 1760 140 55 tales
290 1760 140 55 actus
383 1760 155 55 punire
491 1760 93 55 vt
538 1760 171 55 homines
662 1760 248 55 deterreantur
864 1760 78 55 a
895 1760 171 55 talibus
1019 1760 202 55 flagitiis
1174 1760 109 55 cum
1237 1760 140 55 tales
1330 1760 140 55 actus
1423 1760 124 55 sint
1500 1760 202 55 spontanei
1640 1760 233 55 antecedenter.

203 1803 91 59 Ad
248 1803 182 59 secundum
385 1803 167 59 concedo
506 1803 197 59 sequelam:
658 1803 76 59 &
688 1803 136 59 patet
779 1803 91 59 ad
825 1803 152 59 oculum
931 1803 91 59 de
976 1803 121 59 illo
1052 1803 106 59 qui
1113 1803 106 59 per
1173 1803 273 59 intemperantiam
1401 1803 152 59 morbum
1507 1803 182 59 incurrit
1644 1803 91 59 in
1689 1803 152 59 fronte
1780 1803 91 59 qua¬-

202 1847 227 64 dragenarii
380 1847 195 64 ieiunii,
526 1847 178 64 ratione
656 1847 146 64 cuius
753 1847 81 64 a
786 1847 178 64 ieiunio
916 1847 260 64 deobligatur.
1127 1847 97 64 Ad
1175 1847 195 64 tertium,
1321 1847 130 64 nego
1402 1847 227 64 assumptum.
1581 1847 114 64 fit
1646 1847 227 64 prohibitio
1808 1847 65 64 ob

196 1902 161 63 aliquos
313 1902 234 63 existimantes
504 1902 132 63 actum
591 1902 205 63 interiorem
752 1902 102 63 non
811 1902 117 63 esse
884 1902 146 63 malum.
986 1902 88 63 Ad
1030 1902 176 63 secundam
1162 1902 234 63 probationem,
1352 1902 161 63 concedo
1469 1902 205 63 assumptum,
1630 1902 102 63 hoc
1688 1902 102 63 est
1732 1902 132 63 virtute

199 1948 152 58 operis
305 1948 167 58 operati
427 1948 91 58 in
473 1948 244 58 sacramentis:
671 1948 137 58 etiam
762 1948 107 58 est
823 1948 198 58 relaxatio
975 1948 152 58 poenae
1082 1948 91 58 in
1127 1948 152 58 veniis
1234 1948 167 58 ponendo
1356 1948 91 58 in
1401 1948 122 58 esse
1477 1948 228 58 conditionem
1660 1948 91 58 in
1706 1948 152 58 veniis
1797 1948 76 58 in¬-

205 1982 174 64 clusam.
332 1982 95 64 Ad
379 1982 174 64 tertiam
505 1982 126 64 nego
584 1982 205 64 sequelam.
742 1982 111 64 Non
806 1982 126 64 stat
885 1982 142 64 virum
979 1982 158 64 habere
1090 1982 142 64 actum
1185 1982 205 64 efficacem
1343 1982 221 64 celebrandi
1516 1982 126 64 quin
1595 1982 190 64 celebret
1722 1982 142 64 secluso

198 2036 245 58 impedimento.
396 2036 153 58 Potest
503 2036 138 58 tamen
595 2036 153 58 habere
702 2036 138 58 actum
794 2036 229 58 inefficacem
977 2036 138 58 etiam
1069 2036 229 58 categoricum
1253 2036 107 58 qui
1314 2036 107 58 non
1375 2036 183 58 sufficit
1512 2036 260 58 celebrationem
1711 2036 153 58 imperare

200 2084 93 63 vt
246 2084 139 63 piger
339 2084 124 63 vult
416 2084 77 63 &
447 2084 108 63 non
509 2084 139 63 vult,
601 2084 124 63 vult
678 2084 154 63 quidem
787 2084 263 63 inefficaciter
1003 2084 77 63 &
1034 2084 108 63 non
1096 2084 124 63 vult
1173 2084 247 63 efficaciter,
1374 2084 139 63 sicut
1466 2084 93 63 de
1513 2084 139 63 pigro
1605 2084 232 63 scholastico
1775 2084 93 63 mane

192 2134 168 53 conante
314 2134 183 53 surgere.
451 2134 92 53 Ad
497 2134 168 53 quartum
619 2134 183 53 dicitur,
756 2134 122 53 quod
833 2134 107 53 cum
894 2134 137 53 actus
985 2134 183 53 exterior
1122 2134 229 53 naturaliter
1305 2134 198 53 imperetur
1458 2134 92 53 ab
1504 2134 198 53 interiore
1656 2134 107 53 non
1717 2134 122 53 plus
1778 2134 92 53 illi

205 2179 219 64 imputabitur
381 2179 132 64 quoad
468 2179 146 64 culpam
571 2179 117 64 quam
644 2179 88 64 si
688 2179 132 64 solus
775 2179 175 64 interior
907 2179 190 64 poneretur
1053 2179 175 64 paritate
1185 2179 132 64 data.
1272 2179 88 64 Si
1316 2179 132 64 actus
1404 2179 175 64 elicitus
1535 2179 161 64 ratione
1652 2179 132 64 actus
1725 2179 132 64 exterio

189 2233 104 57 ris
249 2233 223 57 intendatur.
427 2233 104 57 lam
486 2233 163 57 caetera
605 2233 119 57 sunt
679 2233 178 57 imparia:
813 2233 178 57 quocirca
946 2233 89 57 si
991 2233 178 57 quispiam
1125 2233 89 57 in
1169 2233 163 57 mortali
1288 2233 178 57 existens
1422 2233 134 57 mente
1511 2233 178 57 perpetim
1644 2233 178 57 capiatur
1763 2233 104 57 prpe¬-

193 2278 114 51 tuo
258 2278 98 51 in
307 2278 146 51 culpa
404 2278 195 51 manebit.
551 2278 81 51 ⁋
583 2278 98 51 Ad
632 2278 179 51 tertiam
762 2278 260 51 dubitationem
974 2278 244 51 respondetur
1169 2278 260 51 affirmatiue.
1380 2278 146 51 Patet
1478 2278 244 51 authoritate
1657 2278 195 51 philosophi

199 2319 88 57 in
243 2319 161 57 litera:
360 2319 161 57 alioqui
477 2319 176 57 voluntas
609 2319 102 57 non
667 2319 132 57 esset
755 2319 146 57 libera
858 2319 73 57 &
887 2319 146 57 suorum
989 2319 146 57 actuum
1092 2319 161 57 domina.
1209 2319 73 57 ⁋
1238 2319 146 57 Contra
1340 2319 132 57 illud
1428 2319 190 57 obiicitur
1574 2319 146 57 Primo,
1662 2319 190 57 intellectus

190 2366 139 61 actus
282 2366 92 61 ad
328 2366 215 61 voluntatis
497 2366 139 61 actum
590 2366 154 61 actiue
698 2366 215 61 concurrit,
867 2366 123 61 ergo
944 2366 139 61 actus
1036 2366 215 61 voluntatis
1206 2366 92 61 ab
1252 2366 154 61 agente
1359 2366 185 61 naturali
1498 2366 231 61 producitur:
1683 2366 123 61 ergo
1744 2366 108 61 talis

202 2419 132 56 actus
291 2419 103 56 non
349 2419 103 56 est
408 2419 147 56 liber.
511 2419 162 56 Secundo
629 2419 118 56 sic.
703 2419 162 56 aliquis
821 2419 132 56 actus
909 2419 206 56 voluntatis
1071 2419 103 56 est
1130 2419 118 56 mere
1203 2419 221 56 naturaliter
1380 2419 177 56 elicitus
1512 2419 118 56 siue
1586 2419 236 56 continuatus,
1763 2419 88 56 quod

196 2462 269 62 quintupliciter
420 2462 224 62 ostenditur.
599 2462 134 62 Primo
688 2462 90 62 de
733 2462 119 62 actu
808 2462 164 62 elicito
927 2462 90 62 in
972 2462 179 62 instanti
1106 2462 119 62 quem
1181 2462 179 62 voluntas
1315 2462 104 62 non
1375 2462 149 62 potest
1479 2462 149 62 subito
1583 2462 194 62 resecare,
1718 2462 134 62 alioqui

189 2512 172 54 meritum
314 2512 109 54 aut
377 2512 203 54 demeritum
533 2512 172 54 haberet
658 2512 94 54 in
705 2512 187 54 quolibet
845 2512 172 54 tempore
970 2512 172 54 quantum
1095 2512 141 54 libet
1189 2512 156 54 paruo,
1298 2512 109 54 cum
1361 2512 94 54 in
1408 2512 156 54 libera
1517 2512 266 54 continuatione
1736 2512 94 54 in
1767 2512 78 54 quo

196 2551 133 65 libet
285 2551 177 65 instanti
418 2551 118 65 post
492 2551 148 65 primum
595 2551 103 65 non
654 2551 133 65 minus
743 2551 192 65 mereretur
890 2551 103 65 aut
949 2551 177 65 peccaret
1082 2551 118 65 quam
1156 2551 89 65 in
1200 2551 148 65 primo.
1304 2551 103 65 Tum
1363 2551 177 65 secundo,
1496 2551 89 65 si
1540 2551 177 65 Socrates
1658 2551 192 65 efficaciter

203 2605 132 51 velit
292 2605 162 51 aliquem
409 2605 147 51 finem,
512 2605 147 51 vtpote
615 2605 206 51 sanitatem:
777 2605 74 51 &
806 2605 221 51 intellectus
983 2605 162 51 iudicet
1100 2605 132 51 solum
1189 2605 118 51 tale
1262 2605 162 51 medium,
1380 2605 147 51 vtpote
1483 2605 176 51 potionem
1615 2605 162 51 amaram,
1718 2605 147 51 necessa¬-

194 2644 120 61 rium
269 2644 105 61 pro
329 2644 135 61 talis
418 2644 135 61 finis
508 2644 269 61 consequutione,
732 2644 179 61 voluntas
867 2644 90 61 de
911 2644 224 61 necessitate
1091 2644 120 61 vult
1166 2644 120 61 tale
1240 2644 164 61 medium.
1360 2644 105 61 Tum
1420 2644 164 61 tertio,
1539 2644 90 61 si
1584 2644 224 61 efficaciter
1748 2644 120 61 volens

205 2695 106 54 vna
265 2695 242 54 vniuersalem,
462 2695 182 54 subsumat
599 2695 106 54 sub
659 2695 121 54 illa
735 2695 167 54 minorem
856 2695 106 54 per
917 2695 242 54 intellectum:
1114 2695 182 54 voluntas
1250 2695 242 54 necessitatur
1447 2695 91 54 ad
1492 2695 242 54 consequentis
1674 2695 197 54 volitionem.

205 2739 93 57 vt
252 2739 155 57 volens
361 2739 233 57 efficaciter
547 2739 140 57 omnem
640 2739 202 57 peruersum
795 2739 124 57 esse
872 2739 155 57 bonum,
981 2739 78 57 &
1012 2739 186 57 iudicans
1152 2739 186 57 Socratem
1291 2739 124 57 esse
1369 2739 217 57 peruersum,
1539 2739 186 57 voluntas
1679 2739 93 57 de
1710 2739 155 57 necessi¬-

187 2787 122 53 tate
263 2787 259 53 consequentiae
476 2787 122 53 vult
552 2787 183 53 Socratem
689 2787 122 53 esse
765 2787 152 53 bonum.
872 2787 107 53 Tum
933 2787 168 53 quarto,
1055 2787 91 53 ex
1101 2787 213 53 connexione
1268 2787 213 53 voluntatis
1436 2787 107 53 cum
1496 2787 183 53 appetitu
1634 2787 213 53 sensitiuo,
1801 2787 91 53 in

202 2834 201 55 voluntate
356 2834 186 55 surripit
496 2834 139 55 actus
589 2834 155 55 subito
697 2834 108 55 qui
759 2834 108 55 est
821 2834 155 55 malus,
929 2834 139 55 primo
1022 2834 155 55 primus
1130 2834 139 55 actui
1223 2834 263 55 sensualitatis
1440 2834 294 55 proportionatus,
1688 2834 124 55 quem
1750 2834 108 55 actum

199 2878 178 58 voluntas
333 2878 134 58 habet
422 2878 134 58 actui
511 2878 253 58 sensualitatis
720 2878 253 58 respondentem,
928 2878 89 58 vt
973 2878 134 58 vulgo
1062 2878 178 58 dicitur.
1196 2878 104 58 Tum
1255 2878 164 58 quinto,
1374 2878 104 58 dei
1434 2878 193 58 intuitiua
1582 2878 164 58 notitia
1687 2878 178 58 voluntatem

194 2935 95 51 in
242 2935 127 51 eius
321 2935 158 51 amorem
431 2935 158 51 rapit.
542 2935 111 51 Tum
605 2935 158 51 sexto,
716 2935 127 51 vnus
795 2935 142 51 actus
890 2935 221 51 voluntatis
1064 2935 206 51 imperatur
1222 2935 95 51 ab
1270 2935 127 51 alio
1349 2935 253 51 naturaliter.
1554 2935 79 51 ⁋
1586 2935 95 51 Ad
1634 2935 158 51 primum
1728 2935 127 51 (licet

190 2974 90 59 ab
235 2974 195 59 aliquibus
385 2974 90 59 an
430 2974 225 59 intellectio
609 2974 90 59 ad
654 2974 135 59 actus
744 2974 210 59 voluntatis
909 2974 195 59 concurrat
1058 2974 210 59 dubitetur)
1223 2974 165 59 concedo
1343 2974 150 59 illud:
1448 2974 105 59 sed
1508 2974 105 59 non
1568 2974 180 59 sequitur
1687 2974 165 59 propterea

196 3022 136 54 actum
287 3022 212 54 voluntatis
453 3022 121 54 esse
528 3022 212 54 naturalem.
694 3022 106 54 Nam
755 3022 136 54 actus
846 3022 212 54 voluntatis
1012 3022 76 54 a
1042 3022 196 54 charitate
1193 3022 151 54 infusa
1299 3022 76 54 &
1329 3022 91 54 ab
1374 3022 151 54 habitu
1480 3022 196 54 acquisito
1631 3022 227 54 producitur,
1797 3022 76 54 qui

193 3066 124 56 sunt
270 3066 170 56 agentia
394 3066 217 56 naturalia:
564 3066 108 56 nec
626 3066 201 56 propterea
781 3066 186 56 sequitur
920 3066 124 56 quod
998 3066 139 56 tales
1090 3066 139 56 actus
1183 3066 108 56 non
1245 3066 124 56 sunt
1323 3066 170 56 liberi.
1447 3066 93 56 Ad
1493 3066 170 56 secundi
1617 3066 201 56 argumenti
1772 3066 124 56 sin¬
1834 3066 46 56 i

186 3124 140 54 gulas
280 3124 233 54 obiectiones
466 3124 186 54 strictim
605 3124 233 54 respondero.
792 3124 217 54 Concedendo
962 3124 140 54 illam
1056 3124 279 54 continuationem
1288 3124 109 54 pro
1350 3124 186 54 tempore,
1490 3124 140 54 actus
1583 3124 233 54 naturaliter
1754 3124 124 54 liberi

185 3165 125 55 erat
264 3165 78 55 a
295 3165 220 55 principio.
468 3165 188 55 voluntas
609 3165 110 55 est
671 3165 157 55 libera
781 3165 110 55 sub
844 3165 204 55 limitibus
1001 3165 157 55 certis
1111 3165 235 55 constituta.
1299 3165 110 55 Non
1361 3165 157 55 potest
1471 3165 94 55 ad
1518 3165 125 55 eius
1597 3165 141 55 nutum
1691 3165 125 55 suos
1754 3165 125 55 actus.

183 3203 204 68 resecare,
340 3203 110 68 nec
403 3203 157 68 habere
513 3203 141 68 actum
607 3203 235 68 cuiuscumque
795 3203 235 68 intentionis
983 3203 94 68 in
1030 3203 157 68 gradu.
1140 3203 94 68 Ad
1187 3203 188 68 secundum
1328 3203 78 68 &
1359 3203 173 68 tertium
1485 3203 173 68 concedo
1610 3203 141 68 tales
1704 3203 141 68 actus
1783 3203 94 68 esse
