2367 3644
484 272 173 76 vitium
605 272 243 76 parabitur.
796 272 225 76 Probatio,
969 272 139 76 quia
1056 272 156 76 etiam
1160 272 173 76 homini
1281 272 139 76 malo
1367 272 156 76 eadem
1471 272 225 76 competunt
1645 272 121 76 tam
1714 272 208 76 respectu
1870 272 173 76 actuum
1991 272 139 76 quam
2061 272 121 76 finis

484 344 105 58 Si
536 344 175 58 igitur
658 344 175 58 nostra
781 344 175 58 sponte
903 344 210 58 virtutes
1060 344 227 58 habeantur
1235 344 192 58 ipsorum
1374 344 210 58 habituum
1532 344 122 58 nos
1602 344 245 58 quodammodo
1794 344 227 58 concausae
1968 344 175 58 sumus:
2073 344 105 58 quia

483 390 154 58 actus
586 390 240 58 efficimus:
775 390 206 58 finemque
929 390 103 58 ex
981 390 103 58 eo
1032 390 189 58 ponimus
1169 390 154 58 talem
1272 390 137 58 quia
1358 390 120 58 nos
1427 390 154 58 tales
1530 390 172 58 sumus.
1650 390 154 58 Vitia
1753 390 137 58 sane
1839 390 172 58 sponte
1959 390 103 58 ab
1993 390 189 58 hominibus

485 437 218 63 parantur.
653 437 184 63 Similes
787 437 134 63 enim
871 437 134 63 sunt
955 437 235 63 vtrorumque
1139 437 151 63 modi.
1239 437 168 63 Postea
1357 437 151 63 facit
1457 437 218 63 epilogum,
1625 437 184 63 dicens,
1759 437 235 63 communiter
1943 437 168 63 igitur
2044 437 134 63 dictum

489 484 113 60 est
553 484 97 60 de
602 484 242 60 virtutibus:
796 484 81 60 &
828 484 145 60 genus
925 484 162 60 ipsum,
1038 484 113 60 hoc
1103 484 113 60 est
1167 484 194 60 virtutis
1313 484 113 60 est
1377 484 242 60 mediocritas
1571 484 81 60 &
1603 484 194 60 habitus.
1749 484 97 60 Et
1797 484 81 60 a
1830 484 162 60 quibus
1943 484 194 60 virtutes
2072 484 113 60 emer¬-

501 525 126 56 gunt
580 525 79 56 &
611 525 204 56 principia
769 525 157 56 agendi
879 525 157 56 nostra
989 525 126 56 esse
1067 525 94 56 in
1115 525 204 56 potestate
1272 525 220 56 collocata,
1445 525 79 56 &
1476 525 157 56 sponte
1586 525 142 56 fieri
1681 525 94 56 vt
1728 525 142 56 ratio
1822 525 236 56 efflagitat.
2011 525 142 56 Verum
2105 525 110 56 non

486 580 221 56 similiter
656 580 170 56 nostra
775 580 170 56 sponte
893 580 187 56 habitus
1029 580 85 56 &
1063 580 153 56 actus
1165 580 170 56 fiunt:
1284 580 136 56 quia
1368 580 153 56 horum
1470 580 153 56 sumus
1572 580 170 56 domini
1691 580 153 56 (modo
1793 580 305 56 circumstantias
2030 580 153 56 noueri¬-

488 623 135 52 mus)
573 623 186 52 semper:
708 623 186 52 Illorum
843 623 135 52 vero
927 623 135 52 post
1011 623 270 52 generationem
1231 623 186 52 minime,
1366 623 203 52 habituum
1518 623 135 52 vero
1602 623 236 52 principii,
1788 623 118 52 hoc
1855 623 118 52 est
1923 623 152 52 clare
2024 623 186 52 dicendo

488 671 150 54 sumus
588 671 166 54 domini
705 671 233 54 principii,
888 671 116 54 hoc
954 671 116 54 est
1021 671 200 54 originis
1170 671 216 54 principii
1337 671 216 54 habituum,
1503 671 116 54 hoc
1570 671 116 54 est
1636 671 150 54 sumus
1736 671 166 54 domini
1852 671 166 54 actuum
1969 671 116 54 qui
2035 671 133 54 sunt
2102 671 83 54 ha¬-

489 719 157 50 bituum
599 719 220 50 principia.
772 719 220 50 Singulorum
945 719 173 50 additio
1070 719 110 50 non
1133 719 110 50 est
1196 719 141 50 nota,
1290 719 110 50 hoc
1353 719 110 50 est
1416 719 173 50 additio
1542 719 173 50 partium
1667 719 188 50 habitus,
1809 719 110 50 non
1872 719 110 50 est
1934 719 141 50 nota.
2029 719 173 50 quemad¬

497 769 155 58 modum
600 769 86 58 &
635 769 104 58 in
687 769 190 58 aduersa
825 769 259 58 valetudine,
1032 769 86 58 &
1067 769 104 58 in
1118 769 190 58 hominis
1257 769 121 58 aut
1326 769 190 58 quercus
1464 769 225 58 cremento.
1637 769 104 58 At
1688 769 138 58 nunc
1775 769 242 58 repetentes
1965 769 104 58 de
1999 769 173 58 singulis

492 811 192 51 dicamus.
636 811 112 51 hoc
700 811 112 51 est
764 811 96 51 in
812 811 240 51 particulari
1004 811 176 51 quaenam
1132 811 128 51 sunt
1212 811 80 51 &
1244 811 144 51 circa
1341 811 128 51 quae
1421 811 176 51 obiecta
1549 811 224 51 versantur,
1725 811 80 51 &
1757 811 112 51 quo
1821 811 144 51 etiam
1917 811 144 51 modo.
2013 811 96 51 Ex
2045 811 128 51 quibus

498 858 80 54 &
530 858 144 54 illud
626 858 144 54 simul
721 858 175 54 emergit
849 858 80 54 &
881 858 160 54 fiuet,
993 858 128 54 quot
1072 858 128 54 sint
1152 858 144 54 ipsae
1248 858 207 54 virtutes.
1407 858 144 54 Atque
1503 858 96 54 de
1551 858 239 54 fortitudine
1742 858 160 54 primum
1854 858 191 54 dicamus.
1998 858 160 54 aliqui
2093 858 80 54 non

499 906 154 58 inepte
606 906 169 58 tertium
730 906 154 58 librum
837 906 108 58 hic
899 906 185 58 claudunt
1038 906 77 58 &
1068 906 200 58 speciatim
1222 906 92 58 de
1269 906 216 58 virtutibus
1438 906 92 58 in
1484 906 154 58 quarto
1592 906 216 58 loquuntur.
1761 906 92 58 At
1807 906 92 58 ne
1854 906 123 58 alii
1931 906 139 58 libri
2023 906 139 58 super
2100 906 77 58 se¬-

505 953 174 72 cundum
626 953 209 72 turgeant
783 953 226 72 communior
957 953 122 72 via
1026 953 104 72 in
1078 953 278 72 liberalitate
1304 953 191 72 quartum
1443 953 209 72 inchoat.
1600 953 104 72 Et
1652 953 139 72 quia
1739 953 104 72 in
1791 953 122 72 hoc
1861 953 122 72 non
1930 953 122 72 est
2000 953 156 72 magna
2087 953 104 72 vis,

500 994 316 57 communiorem
752 994 168 57 viam
837 994 273 57 imitabimur.

494 1037 84 79 ⁋
528 1037 219 79 Dubitatur
696 1037 151 79 circa
797 1037 151 79 finem
898 1037 151 79 huius
999 1037 202 79 capitis.
1150 1037 168 79 Primo,
1268 1037 118 79 non
1335 1037 202 79 possumus
1486 1037 202 79 remouere
1638 1037 84 79 a
1671 1037 151 79 nobis
1772 1037 185 79 habitus
1907 1037 219 79 vitiosos,
2058 1037 118 79 sicut

504 1101 110 51 nec
567 1101 141 51 ipsum
661 1101 172 51 morbum,
786 1101 188 51 secundum
927 1101 251 51 philosophum:
1131 1101 125 51 ergo
1209 1101 157 51 semper
1319 1101 94 51 in
1366 1101 110 51 eis
1429 1101 219 51 manebimus:
1601 1101 125 51 quod
1680 1101 110 51 est
1742 1101 266 51 inconveniens.
1962 1101 188 51 Secundo,
2103 1101 110 51 non

503 1137 190 66 possumus
646 1137 143 66 actum
741 1137 95 66 ad
789 1137 143 66 nutum
884 1137 206 66 resecare.
1043 1137 143 66 Patet
1138 1137 95 66 de
1185 1137 127 66 actu
1265 1137 95 66 ex
1312 1137 159 66 dictis
1423 1137 190 66 superius
1566 1137 111 66 pro
1630 1137 175 66 tempore
1757 1137 206 66 naturalis
1899 1137 270 66 continuationis:

491 1190 132 52 ergo
573 1190 115 52 non
639 1190 148 52 habet
737 1190 214 52 discrimen
902 1190 99 52 ab
951 1190 181 52 habitu,
1083 1190 165 52 contra
1198 1190 263 52 Aristotelem.
1412 1190 165 52 Tertio
1527 1190 230 52 dubitatur,
1708 1190 99 52 an
1757 1190 165 52 semper
1872 1190 165 52 volens
1988 1190 165 52 causam
2086 1190 99 52 vult

501 1238 209 52 effectum,
662 1238 97 52 vt
710 1238 193 52 Socrates
855 1238 129 52 vult
936 1238 209 52 indulgere
1097 1238 161 52 gulae:
1210 1238 129 52 ergo
1290 1238 129 52 vult
1371 1238 129 52 esse
1451 1238 258 52 intemperans,
1661 1238 81 52 &
1693 1238 129 52 vult
1773 1238 129 52 esse
1854 1238 161 52 malus.
1967 1238 161 52 Quarto
2063 1238 113 52 dubi¬-

494 1281 153 60 tatur,
601 1281 92 60 an
647 1281 123 60 homo
723 1281 230 60 negligentia
907 1281 107 60 sit
969 1281 138 60 malus
1061 1281 153 60 nullum
1168 1281 138 60 actum
1260 1281 214 60 eliciendo.
1428 1281 123 60 Pars
1505 1281 184 60 negatiua
1643 1281 199 60 coloratur
1796 1281 123 60 sic:
1873 1281 153 60 nullum
1980 1281 138 60 actum
2056 1281 123 60 volun¬-

507 1328 142 52 tatis
602 1328 126 52 tunc
680 1328 157 52 habet,
791 1328 126 52 ergo
869 1328 110 52 non
932 1328 126 52 erit
1011 1328 220 52 voluntarie
1184 1328 157 52 malus.
1294 1328 79 52 ⁋
1326 1328 94 52 Ad
1373 1328 157 52 primum
1483 1328 252 52 respondetur,
1688 1328 126 52 quod
1767 1328 126 52 homo
1845 1328 142 52 habet
1940 1328 189 52 dominium
2066 1328 110 52 super

498 1378 132 54 actus
586 1378 190 54 oppositos
733 1378 102 54 sui
791 1378 176 54 habitus,
923 1378 117 54 quos
996 1378 88 54 si
1040 1378 161 54 iugiter
1157 1378 73 54 &
1186 1378 220 54 efficaciter
1362 1378 161 54 eliciet
1479 1378 102 54 per
1538 1378 132 54 actum
1626 1378 205 54 voluntatis
1787 1378 88 54 in
1831 1378 146 54 tertio
1933 1378 161 54 tempore
2050 1378 117 54 suum
2109 1378 73 54 ha¬-

505 1422 142 57 bitum
600 1422 221 57 euacuabit.
774 1422 127 57 Item
853 1422 127 57 post
932 1422 253 57 poenitudinem
1138 1422 174 57 quinimo
1264 1422 127 57 ante
1344 1422 253 57 poenitentiam
1549 1422 174 57 malorum
1676 1422 158 57 actuum
1787 1422 174 57 habitus
1913 1422 142 57 nulli
1992 1422 190 57 imputatur,

501 1472 111 56 nec
565 1472 111 56 est
628 1472 174 56 amplius
755 1472 143 56 malus
850 1472 285 56 imputabiliter.
1088 1472 95 56 At
1135 1472 95 56 si
1183 1472 127 56 quis
1262 1472 95 56 in
1310 1472 159 56 gratia
1421 1472 190 56 discedat
1563 1472 127 56 illi
1643 1472 174 56 habitus
1770 1472 190 56 inutiles
1912 1472 79 56 a
1944 1472 111 56 deo
2007 1472 95 56 in
2039 1472 127 56 patria

499 1519 221 58 euelluntur,
676 1519 162 58 tametsi
794 1519 177 58 peruersi
926 1519 162 58 habitus
1044 1519 88 58 in
1088 1519 147 58 stygia
1191 1519 147 58 palude
1294 1519 118 58 siue
1368 1519 88 58 in
1412 1519 162 58 inferno
1529 1519 177 58 maneant:
1662 1519 132 58 nulli
1750 1519 132 58 tamen
1839 1519 118 58 mali
1912 1519 162 58 habitus
2030 1519 88 58 in
2059 1519 118 58 patria

493 1570 207 52 manebunt,
652 1570 175 52 quoniam
780 1570 111 52 ibi
843 1570 175 52 quisque
971 1570 111 52 est
1034 1570 95 52 in
1082 1570 159 52 gratia
1193 1570 80 52 &
1225 1570 159 52 bonus.
1337 1570 111 52 Non
1400 1570 111 52 est
1464 1570 207 52 totaliter
1623 1570 127 52 idem
1703 1570 95 52 de
1750 1570 191 52 corporis
1894 1570 191 52 languore
2037 1570 80 52 &
2053 1570 127 52 habitu

488 1613 141 61 malo:
582 1613 94 61 at
629 1613 172 61 habitus
754 1613 188 61 vitiosus
895 1613 94 61 si
942 1613 109 61 non
1004 1613 219 61 remoueatur
1176 1613 156 61 homini
1286 1613 188 61 officit,
1426 1613 125 61 bono
1505 1613 203 61 resistit:
1661 1613 141 61 sicut
1755 1613 156 61 virtus
1864 1613 156 61 vitio,
1974 1613 188 61 inclinat
2114 1613 94 61 ad

494 1666 134 52 malum
583 1666 134 52 sicut
673 1666 149 52 virtus
777 1666 89 52 ad
822 1666 149 52 bonum,
926 1666 74 52 &
956 1666 179 52 excaecat
1089 1666 223 52 intellectum
1268 1666 89 52 in
1313 1666 223 52 agibilibus.
1491 1666 179 52 Superius
1625 1666 119 52 enim
1700 1666 208 52 monstratum
1863 1666 104 52 est
1923 1666 119 52 quod
1997 1666 134 52 omnis
2072 1666 104 52 malus

498 1700 100 63 est
555 1700 185 63 ignorans.
697 1700 71 63 ⁋
725 1700 85 63 Ad
768 1700 171 63 secundam
896 1700 228 63 dubitationem
1081 1700 228 63 respondetur,
1266 1700 114 63 quod
1337 1700 142 63 citius
1437 1700 171 63 possumus
1565 1700 128 63 actum
1650 1700 114 63 quam
1722 1700 157 63 habitum
1835 1700 185 63 euellere,
1978 1700 100 63 nec
2035 1700 114 63 ipse
2092 1700 85 63 ten¬-

500 1750 126 63 pore
579 1750 204 63 naturalis
736 1750 282 63 continuationis
971 1750 110 63 est
1034 1750 141 63 nobis
1128 1750 251 63 imputabilis.
1332 1750 78 63 ⁋
1363 1750 94 63 At
1410 1750 157 63 dicis,
1520 1750 94 63 si
1567 1750 126 63 homo
1646 1750 173 63 incidat
1771 1750 94 63 in
1818 1750 141 63 odium
1912 1750 126 63 dei,
1991 1750 110 63 non
2053 1750 110 63 est
2116 1750 94 63 in

498 1799 118 50 eius
572 1799 192 50 facultate
720 1799 133 50 situm
808 1799 192 50 poenitere
956 1799 74 50 &
986 1799 118 50 deum
1059 1799 192 50 diligere:
1207 1799 74 50 &
1237 1799 103 50 sic
1296 1799 103 50 est
1355 1799 103 50 cum
1414 1799 133 50 extra
1503 1799 148 50 statum
1606 1799 192 50 merentium
1754 1799 162 50 tempore
1872 1799 103 50 quo
1931 1799 162 50 ratione
2034 1799 148 50 potitur.

506 1842 241 62 Respondetur,
702 1842 121 62 quod
777 1842 226 62 continuatio
958 1842 196 62 naturalis
1109 1842 181 62 repugnat
1245 1842 136 62 actui
1335 1842 196 62 opposito,
1486 1842 136 62 sicut
1577 1842 136 62 actus
1667 1842 151 62 liber:
1773 1842 75 62 a
1803 1842 196 62 principio
1954 1842 121 62 idem
2029 1842 136 62 actus
2105 1842 75 62 nu¬-

510 1896 115 56 mero
582 1896 101 56 qui
639 1896 87 56 in
683 1896 130 56 primo
769 1896 173 56 instanti
899 1896 115 56 erat
971 1896 144 56 liber,
1072 1896 159 56 tempore
1187 1896 260 56 continuationis
1404 1896 101 56 est
1461 1896 202 56 naturalis.
1620 1896 159 56 Nolitio
1735 1896 101 56 dei
1793 1896 115 56 esse
1865 1896 101 56 non
1923 1896 202 56 compatitur
2067 1896 101 56 voli¬-

508 1938 153 56 tionem
615 1938 168 56 eiusdem
737 1938 245 56 naturaliter:
936 1938 107 56 sed
997 1938 122 56 homo
1074 1938 153 56 potest
1181 1938 107 56 mox
1242 1938 153 56 habere
1350 1938 138 56 actum
1441 1938 184 56 reflexum
1579 1938 122 56 quod
1656 1938 138 56 illud
1747 1938 138 56 odium
1839 1938 92 56 ei
1885 1938 214 56 displicet,
2054 1938 77 56 &
2069 1938 107 56 velle

499 1987 137 60 ipsum
590 1987 107 60 non
651 1987 137 60 esse,
743 1987 76 60 &
773 1987 107 60 sic
834 1987 244 60 poenitentiam
1033 1987 153 60 subit,
1140 1987 76 60 &
1170 1987 229 60 poenitudine
1353 1987 183 60 sceleris
1491 1987 290 60 imputabilitatem
1735 1987 168 60 abolet.
1857 1987 76 60 ⁋
1887 1987 168 60 Quaeris
2009 1987 137 60 quare
2086 1987 76 60 ne¬-

504 2033 144 62 quimus
604 2033 130 62 actum
691 2033 144 62 subito
791 2033 187 62 resecare,
935 2033 130 62 sicut
1022 2033 130 62 ipsum
1108 2033 201 62 producere.
1266 2033 130 62 Ratio
1353 2033 115 62 est,
1425 2033 115 62 quod
1497 2033 115 62 ille
1569 2033 115 62 suae
1641 2033 216 62 corruptioni
1813 2033 201 62 renititur:
1972 2033 173 62 cuilibet
2087 2033 86 62 enim

501 2087 108 54 rei
562 2087 169 54 insitum
685 2087 108 54 est
747 2087 231 54 corruptioni
932 2087 108 54 sui
993 2087 216 54 reluctari:
1163 2087 92 54 at
1209 2087 123 54 eius
1286 2087 231 54 productioni
1471 2087 154 54 nullum
1578 2087 108 54 est
1640 2087 231 54 reluctamen.
1825 2087 139 54 Anima
1917 2087 216 54 cuiustibet
2071 2087 108 54 actus

500 2128 109 52 est
563 2128 156 52 capax.
672 2128 78 52 ⁋
703 2128 94 52 Ad
750 2128 172 52 tertiam
875 2128 250 52 dubitationem
1078 2128 234 52 respondetur
1265 2128 203 52 negatiue.
1421 2128 125 52 Nemo
1499 2128 125 52 enim
1577 2128 187 52 respicit
1717 2128 94 52 ad
1764 2128 140 52 malum
1857 2128 172 52 volens,
1982 2128 109 52 hoc
2045 2128 109 52 est
2091 2128 94 52 con¬-

501 2175 175 61 muniter
629 2175 128 61 bene
708 2175 191 61 sequitur
852 2175 96 61 de
900 2175 128 61 lege
980 2175 112 61 dei
1043 2175 207 61 ordinata,
1203 2175 191 61 Socrates
1347 2175 207 61 cognoscit
1506 2175 112 61 non
1570 2175 128 61 suam
1650 2175 128 61 ergo
1729 2175 175 61 peccat:
1857 2175 128 61 vult
1937 2175 223 61 antecedens
2096 2175 80 61 cum

486 2230 193 58 opposito
630 2230 273 58 consequentis.
855 2230 209 58 Similiter
1016 2230 160 58 Thomas
1128 2230 209 58 Britannus
1288 2230 160 58 pergit
1401 2230 96 58 in
1449 2230 257 58 continentem,
1657 2230 128 58 ergo
1738 2230 177 58 nauigat
1866 2230 177 58 aequor.
1978 2230 193 58 antecedens

489 2268 126 54 vult
568 2268 79 54 &
600 2268 110 54 non
663 2268 173 54 oportet
789 2268 142 54 velle
883 2268 236 54 consequens:
1073 2268 142 54 sicut
1167 2268 95 54 in
1214 2268 173 54 exemplo
1340 2268 173 54 communi
1467 2268 189 54 Socrates
1608 2268 205 54 poenitet,
1766 2268 126 54 ergo
1845 2268 205 54 peccauit:
1987 2268 189 54 antecedens

491 2320 100 55 est
548 2320 157 55 volitum
662 2320 72 55 &
691 2320 100 55 non
748 2320 215 55 consequens.
920 2320 100 55 Sed
977 2320 86 55 si
1020 2320 243 55 consequentiam
1220 2320 129 55 velit
1306 2320 114 55 esse
1378 2320 129 55 bonam
1464 2320 114 55 vult
1535 2320 215 55 consequens.
1707 2320 186 55 Similiter
1850 2320 215 55 efficaciter
2022 2320 143 55 volens
2107 2320 72 55 an¬-

500 2357 175 58 tecedens
632 2357 131 58 licet
719 2357 189 58 solitarie
865 2357 131 58 nolit
952 2357 204 58 consequens
1112 2357 175 58 antequam
1244 2357 219 58 derelinquat
1418 2357 204 58 antecedens
1579 2357 117 58 vult
1651 2357 131 58 etiam
1739 2357 219 58 consequens:
1914 2357 87 58 vt
1957 2357 102 58 ego
2016 2357 102 58 sum
2074 2357 87 58 in
2103 2357 73 58 lu¬-

493 2412 94 56 to
540 2412 110 56 pro
603 2412 157 56 centum
713 2412 173 56 scutis:
839 2412 126 56 ergo
918 2412 110 56 ego
981 2412 110 56 sum
1044 2412 94 56 in
1091 2412 142 56 luto.
1185 2412 142 56 licet
1280 2412 189 56 Socrates
1421 2412 142 56 nolit
1515 2412 126 56 esse
1594 2412 94 56 in
1641 2412 126 56 luto
1720 2412 204 56 absolute,
1877 2412 142 56 tamen
1972 2412 173 56 adiecto
2097 2412 110 56 ma¬

498 2453 114 63 gno
563 2453 228 63 emolumento
742 2453 130 63 vult
824 2453 147 63 totum
922 2453 245 63 aggregatum.
1117 2453 130 63 Pari
1199 2453 130 63 modo
1280 2453 196 63 sequitur
1427 2453 196 63 Socrates
1574 2453 179 63 occidit
1704 2453 179 63 hominem
1835 2453 245 63 authoritate
2014 2453 163 63 propria:

495 2507 165 53 ideoque
615 2507 120 53 deum
690 2507 195 53 offendit.
840 2507 210 53 Antecedens
1004 2507 105 53 est
1064 2507 165 53 volitum
1184 2507 75 53 &
1214 2507 210 53 consequens
1379 2507 180 53 nolitum:
1514 2507 150 53 nihilo
1619 2507 135 53 tamen
1709 2507 135 53 minus
1798 2507 180 53 antequam
1933 2507 210 53 antecedens
2083 2507 90 53 con¬-

495 2553 165 57 cupitum
615 2553 165 57 deserat
736 2553 120 57 vult
811 2553 105 57 cum
871 2553 120 57 ipso
946 2553 195 57 indirecte
1096 2553 226 57 consequens.
1277 2553 105 57 Hic
1337 2553 135 57 autem
1427 2553 180 57 Socrates
1563 2553 180 57 poenitet
1698 2553 120 57 ergo
1773 2553 195 57 deliquit:
1923 2553 211 57 consequens
2074 2553 90 57 fuit

498 2596 92 54 ab
544 2596 92 54 eo
590 2596 168 54 volitum
712 2596 123 54 quod
789 2596 107 54 iam
850 2596 214 54 auersatur.
1018 2596 214 54 antecedens
1187 2596 153 54 obuiis
1294 2596 138 54 vlnis
1386 2596 230 54 amplexatur.
1570 2596 77 54 ⁋
1600 2596 92 54 Ad
1646 2596 168 54 quartam
1769 2596 245 54 dubitationem
1968 2596 168 54 concedo
2090 2596 107 54 ho¬

502 2646 133 57 minem
591 2646 133 57 posse
680 2646 118 57 esse
754 2646 133 57 malum
843 2646 104 57 per
902 2646 133 57 puram
991 2646 222 57 omissionem,
1169 2646 133 57 licet
1258 2646 148 57 nullum
1361 2646 133 57 actum
1450 2646 222 57 voluntarium
1628 2646 178 57 eliciat.
1761 2646 163 57 Poterat
1880 2646 118 57 enim
1954 2646 163 57 elicere
2072 2646 74 57 &
2087 2646 74 57 non

500 2695 189 56 elicere.
642 2695 205 56 propterea
800 2695 158 56 libere
910 2695 189 56 omittit.
1052 2695 95 56 Si
1100 2695 205 56 inferiori
1257 2695 189 56 superior
1399 2695 189 56 nonnihil
1541 2695 205 56 operandum
1699 2695 252 56 praeceptorie
1904 2695 205 56 iniungat,
2046 2695 126 56 potest

495 2736 172 54 inferior
624 2736 158 54 elicere
739 2736 129 54 actum
825 2736 129 54 hunc,
911 2736 115 54 nolo
983 2736 86 54 id
1026 2736 158 54 facere:
1141 2736 72 54 &
1170 2736 115 54 tunc
1242 2736 101 54 per
1300 2736 187 54 positiuum
1443 2736 129 54 actum
1530 2736 201 54 delinquit.
1688 2736 144 54 potest
1788 2736 129 54 tamen
1875 2736 172 54 voluntas
2004 2736 86 54 ex
2047 2736 101 54 sua
2090 2736 72 54 li¬-

493 2785 175 66 bertate
620 2785 159 66 nullum
732 2785 143 66 actum
827 2785 175 66 elicere
955 2785 111 66 pro
1018 2785 175 66 tempore
1146 2785 111 66 quo
1209 2785 111 66 est
1273 2785 191 66 obnoxius
1416 2785 143 66 actum
1512 2785 191 66 elicere:
1655 2785 80 66 &
1687 2785 127 66 tunc
1766 2785 127 66 pure
1846 2785 191 66 omissiue
1973 2785 191 66 delinquit.

505 2833 85 66 ⁋
539 2833 222 66 Dubitatur
710 2833 188 66 quomodo
846 2833 153 66 totus
948 2833 188 66 habitus
1085 2833 119 66 est
1153 2833 153 66 notus
1255 2833 85 66 &
1289 2833 119 66 non
1358 2833 188 66 partium
1494 2833 188 66 additio
1630 2833 102 66 vt
1682 2833 102 66 in
1733 2833 188 66 aduersa
1869 2833 256 66 valetudine.
2074 2833 85 66 ⁋
2091 2833 85 66 Du¬-

493 2884 176 56 bitatur
621 2884 128 56 item
701 2884 176 56 quomodo
829 2884 256 56 intelligitur
1037 2884 160 56 illud:
1149 2884 192 56 habituum
1293 2884 144 56 sumus
1390 2884 224 56 quodammodo
1566 2884 224 56 concausae.
1742 2884 80 56 ⁋
1774 2884 96 56 Ad
1822 2884 176 56 priorem
1950 2884 144 56 harum
2030 2884 144 56 dubita¬-

503 2925 151 56 tionem
608 2925 226 56 respondetur
789 2925 120 56 quod
864 2925 75 56 a
894 2925 211 56 posteriore
1060 2925 105 56 per
1120 2925 181 56 effectus
1256 2925 166 56 habitus
1376 2925 151 56 magnus
1482 2925 226 56 innotescit,
1662 2925 105 56 per
1722 2925 181 56 impulsum
1858 2925 181 56 adactus,
1993 2925 135 56 sicut
2069 2925 90 56 mor¬-

497 2974 117 54 bus:
570 2974 102 54 sed
629 2974 131 54 licet
716 2974 117 54 haec
789 2974 117 54 caro
862 2974 146 54 grossa
964 2974 161 54 sallita
1081 2974 204 54 difficilis
1242 2974 219 54 digestionis
1417 2974 131 54 semel
1504 2974 102 54 esa
1563 2974 102 54 non
1621 2974 219 54 percipiatur
1796 2974 146 54 morbum
1898 2974 102 54 est
1957 2974 190 54 ingerere,
2088 2974 73 54 vel

501 3018 134 66 huius
591 3018 164 66 fructus
710 3018 194 66 comestio:
859 3018 134 66 tamen
948 3018 179 66 successu
1083 3018 149 66 quando
1187 3018 104 66 est
1247 3018 194 66 notabilis
1396 3018 194 66 discrasia
1545 3018 134 66 illud
1634 3018 268 66 deprehendetur:
1858 3018 134 66 Parua
1947 3018 164 66 ablatio
2067 3018 75 66 a
2081 3018 75 66 bo¬-

488 3070 92 56 na
534 3070 230 56 valetundine
717 3070 199 56 sanitatis
871 3070 107 56 non
932 3070 230 56 percipitur:
1116 3070 92 56 si
1162 3070 123 56 quis
1238 3070 153 56 fuerit
1345 3070 199 56 robustus,
1498 3070 138 56 cuius
1590 3070 199 56 sanitatis
1744 3070 184 56 latitudo
1881 3070 107 56 est
1943 3070 153 56 magna,
2034 3070 123 56 paruum

500 3117 170 57 nociuum
623 3117 108 57 est
685 3117 123 57 illi
762 3117 277 57 imperceptibile
993 3117 92 57 vt
1039 3117 123 57 mihi
1116 3117 92 57 in
1162 3117 154 57 viridi
1270 3117 154 57 aetate
1378 3117 92 57 de
1424 3117 185 57 fructuum
1563 3117 139 57 ampla
1655 3117 216 57 comestione
1825 3117 200 57 contigit:
1979 3117 154 57 quando
2072 3117 92 57 vero

495 3158 206 57 sanitatis
654 3158 190 57 latitudo
796 3158 111 57 est
859 3158 174 57 pusilla
986 3158 158 57 paruum
1097 3158 174 57 nociuum
1224 3158 111 57 mox
1287 3158 238 57 valetudinem
1477 3158 143 57 (quia
1572 3158 111 57 est
1635 3158 158 57 parua)
1746 3158 111 57 ext
1810 3158 174 57 inguit,
1936 3158 79 57 &
1968 3158 158 57 paruum
2063 3158 95 57 mor¬-

500 3206 109 75 bum
563 3206 156 75 creat.
672 3206 78 75 ⁋
704 3206 94 75 Ad
751 3206 235 75 posteriorem
938 3206 266 75 dubitationem,
1157 3206 172 75 tenendo
1282 3206 203 75 potentiam
1439 3206 109 75 non
1501 3206 219 75 concurrere
1673 3206 203 75 immediate
1830 3206 94 75 ad
1877 3206 188 75 habitum,
2017 3206 125 75 quod
2080 3206 78 75 est

501 3256 218 68 probabile.
673 3256 172 68 dicetur
798 3256 125 68 quod
876 3256 140 68 sumus
970 3256 203 68 concausae
1126 3256 203 68 mediatae:
1282 3256 125 68 quia
1360 3256 156 68 causae
1453 3256 172 68 effectus.
