2550 3300
619 228 1243 339 Irca quartum li
606 324 1242 387 brum quaeritur utrum haptismus ritae
615 381 1245 459 susceptus conferat graram bapti
617 435 1241 499 ato: Uidetur quod non: quia si sic: se
590 486 1227 567 iquaeretur quod paruulus haptiatus
293 556 1233 619 et adultus etiam baptinatus: qua personaliter meru
278 604 1236 663 it: aequaliter praemiaretur de lege statuta. consequens est
276 659 1238 715 falsum: quia nullum praemium debetur paruulo nisi
271 716 1235 794 propter meritum christi: cuius particeps futurus est
281 778 1229 843 per susceptionem sacramenti: sed meritum passionis
278 826 1237 898 christi aequele est omnibus in christo renatis: ergo tantum
278 887 1236 951 prticipabit de eo adultus quae meruit: sicut par
288 946 1245 1002 vulus qui numquam meruit. et pter hoc alieund habet de
288 1002 1230 1080 merito suo personali per casum argumenti. ergo
276 1058 1236 1136 si aequaliter praemiaretur: sequitur quod inaequaliter boni
287 1115 1243 1185 aequaliter forent a deo praemiati. consequentiam primam pro-
281 1163 1245 1245 bo: quia capio gratiam in aliquo pruulo baptieato
281 1228 1235 1277 existentem: et gratiam aliam in anima adulti: iste gre
288 1276 1231 1352 sunt eiusdem speciei: ergo sunt compabiles. ex vii
281 1340 1241 1404 phy ergo manifestum e quod si alfa sit maior: gratia
287 1391 1248 1453 adulti excedet aliam: quaero igitur utrum in infinitum
286 1452 1242 1507 an finitae: Si in infinitum: tunc ille adultus in infini
280 1507 1242 1563 tum esset magis acceptus deo: et sic in infinitum ma
287 1564 1247 1628 gits praemiandus. si finitae tantum: ergo gratia adulti potest
293 1617 1255 1693 diminui quiusque foret omnino aequalis gre paruuli.
290 1669 1256 1738 Pono ergo quod istae adultus peccet: et resipiscat cum
296 1732 1250 1796 gratia miori quod prius. et iterum peccet: et resipiscat
299 1779 1254 1849 cum miori gratia quod prius. et sic consequenter: donec aequele
284 1836 1247 1907 praecise graram heat sicut pruulus: et decedat: et sic
294 1900 1250 1958 patet propositum. Similiter si gratia adulti non excedat
296 1948 1259 2013 gratiam paruuli nisi finitae tantum: sit quod in triplo gratia
296 2005 1249 2071 exempli excedat: tunc capio alium adultum qui mi-
296 2067 1249 2129 nus meruit praecise in triplo: ergo ille et peruulus
299 2122 1257 2180 aequaliter praemiabuntur. S Secundo ad principale
302 2164 1254 2221 si sic: ergo duo pruuli baptiati inaequaliter
295 2220 1262 2292 praemiarentur de lege statuta. consequens falsum: quia cum
295 2285 1263 2339 totum praemium sit eis debitum de merito passio-
299 2333 1256 2395 nis christi: et illud est aqualiter cone vtrique
295 2396 1271 2451 nulla ur inter eos ponenda differentia praemiorum
312 2451 1263 2507 et hoc dicit magister libro ii dist xxxii in fine. Aine
298 2500 1271 2565 ante haptismum a corpore discedentes parem penam
304 2552 1271 2612 et post baptismum stati aequalem coronam sortiutur
316 2611 1274 2670 Consequentiam probo quinque modis. Primo sic:
318 2673 1274 2730 capio duos pruulos inaequales in naturali
320 2724 1272 2787 bus: sic quod anima unius sit multo nobilior quam anima
314 2779 1266 2851 alterius. et arguo sic. sacistrum aequaliter operatur
305 2836 1281 2906 gratiam in anima utriusque: ergo cum actus activorum sint
305 2900 1280 2955 in patiente disposito ii de anima sequitur quod in
318 2940 1271 3020 anima nobiliori plus causatur de gratia. Confirma
324 3004 1278 3073 tur. nam deus sic contulit in angelis in sua prma
314 3049 1263 3130 creatione gratiam secundum differentia naturalium: ergo
317 3116 1281 3183 maior patet et minor secundum magisrum libro ii distintio iiii
1289 212 2241 284 Secundo sic . capio duos peruulos qui simul baptiem
1288 274 2247 332 tur et confirmentur: statis unus et non alter decedat
1291 319 2263 387 sine merito ulteriori personali: tunc manifestum
1289 379 2262 442 est quod si sacra conferant gratiam: ergo ille qui est confirma
1298 433 2247 498 tus / maiorem gratiam hemnbit: ergo et maiorem gloriam.
1294 484 2248 564 consequentiam probo: quia est magis a deo acceptus. Ter
1283 540 2256 611 tio probo eandem consequentiam : capio unum pruulum ba
1294 600 2259 675 ptieatum a pagano in articulo necessitatis si
1291 658 2252 723 ne quacumque solenitate congrua: tantum habitis
1286 710 2266 779 illis quae sunt de necessitate et de suba sacri. et
1283 780 2255 834 capio unum alium baptinatum cum fide in ecclia
1298 824 2250 890 christianorum a viro scto: et cum omnibus circumstan
1298 885 2252 946 tiis requisitis ad solennitatem: sicut sunt cate-
1288 932 2261 1011 chismus: et exorcismus: cereus: chrisma: et huiusmoni.
1295 988 2267 1075 quaero igitur utrum istis peruulis infundetur aequelis gra
1292 1052 2266 1123 in baptismo an non: si non: habeo propositum. si
1297 1107 2253 1171 sic: ergo frustra fierent omnia talia. Quarto sic. ca
1288 1174 2246 1246 pio unum puulum circumcisum: et alium pruulum ba
1298 1216 2258 1291 ptieatum: quarum vfquam est saluatus: quaero vtrum isti
1306 1275 2262 1355 hosuent aequele praemium an non: si sic: ergo tantam gratiam con
1292 1329 2268 1403 tulit circumcisio sicut baptismus consequens falsum et contra
1300 1394 2261 1456 magistrum li iiii vbi dicit quod baptismus est perfectior
1294 1444 2261 1513 quod fuit circumcisio: quia in ea non dabatur gratia ad
1300 1498 2271 1571 bnen operandum nec augmentum gre habite in adul
1296 1564 2262 1627 tis: sed solum peccata dimittebantur. Unde et Abrae
1309 1606 2276 1675 tamen fuit signum: et nihil boniotulit exterius: sicut
1308 1661 2271 1731 icitur in fine illius caplier. si non hount aequele praemium: ergo
1300 1727 2265 1788 nec habuerunt in praesenti aequelem gratiam: ergo dabatur
1309 1778 2273 1843 uni peruulo plus quam alteri: quod est propositum. Quin
1298 1826 2278 1899 to patet eadem consequentia: quia peruulus decedens assumetur
1299 1900 2267 1956 ad aequalitatem alicuius ordis agelorum: ergo aequaliter
1313 1951 2265 2019 praemiabitur cum agelo qui actualiter meruit. eo Ter-
1307 1995 2268 2066 tio ad princi. si sic: haptismus foret aliqua modo causa
1301 2055 2265 2116 effectiva gre: et sic creatura posset creare . com
1309 2107 2276 2179 sequens falsum conseqentia patet: quia vel efficit alquid: vel
1310 2172 2280 2237 nihil. si nihil: ergo non efficit gratiam: ergo non est cau
1314 2220 2283 2283 sa gre. conseqentia patet gratia macerie: quia non est causa mate
1312 2276 2273 2339 rialis nec formalis nec finali: ergo si nullo modo est
1312 2332 2278 2395 ficit: nullo modo causat. si aliquid efficit in anima de
1313 2387 2271 2465 gratia: ergo caust. Confirmatur: quia baptismus creat in
1323 2452 2274 2507 anima characterem: ergo caunt veram rem in anima. Confirma
1317 2499 2268 2563 tur: quia vel in sacris noue legis est aliquo virtus infu-
1323 2552 2275 2619 sa vel nulla. si nulla: non videntur nobiliora quam
1326 2604 2270 2670 sactra veteris legis. et consequens est falsum quia comniter
1326 2662 2286 2731 dicitur quod sacra noue legis continent et efficiunt quod
1322 2724 2285 2788 figurant. si sic: ergo in syllabis platis a baptian-
1316 2775 2283 2848 te foret aliqua virtus speruealu. vel ergo tota in qualibet per
1326 2828 2274 2897 te: vel tota in omnibus: et prs in parte. Si primum: ergo pro
1325 2883 2292 2955 lata praema syllaba forme sacramentalis statim
1327 2947 2288 3008 caretur gratia per illam virtutem: quia agit quantum potest: et
1329 2996 2292 3056 statim cessat agere. Similiter ponatur quod sacerdos
1318 3054 2288 3114 incipiat dicere. ETgo te baptivo: et non dicat
1328 3104 2316 3196 plus: sequitur quod bapti atum foret: quia gratia esset.
