2550 3300
326 187 1261 252 christi. Quinto ad principale. si sic : hoc fe
330 249 1261 306 ret per consecrationem: sed consecratio non fit nis
324 293 1269 361 sacerdos intendat consecrare: ergo requiritur inten
317 347 1272 411 tio sacerdotis. Pono ergo quod sacerdos habeat
314 412 1277 468 coram se octo hostias: de quibus non intendat conse
316 467 1278 522 crare nisi duas: et ita cogitet poenes se sic du
306 518 1262 578 as tantum de istis volo consecrare. quo posito: quaero
321 579 1264 641 utrum consecrauit an non: Si non. Contra. hic est
312 628 1264 697 forma debita et materia / et intentio faciendi quod
315 687 1251 747 eccliia facere consueuit: ergo etc. Item si non: hoc non i
318 739 1257 803 ret nisi quia intentio talis ur generalis vel vaga
306 803 1268 858 vel indeterminata: sed hoc non impedit. nam da
306 859 1272 915 to quod sacerdos intendat distinctae consecrare hanc
304 908 1254 972 hostiam: oparet necessario concedere quod ipse inten-
305 980 1264 1035 dit consecrare infinitas partes istius hostiae
315 1021 1254 1083 distincte. quod non potest intendere distinctae: cum
299 1084 1261 1147 non possit consecrare unam vna intentione: et post
312 1139 1264 1195 aliam alia intentione. et sic in infinitum. igitur suffi
309 1203 1237 1259 cit generalis intentio et indistincta. Similiter sacer
306 1251 1257 1314 dos comnmuniter die pasce consecrat multas vel cen
312 1308 1261 1379 tum vel mille: sed non potest simul cogitare de quali
293 1364 1254 1427 bet distincte. igitur sufficit intentio generalis.
304 1420 1264 1478 Si dicatur quod consecrauit. Contra. tamtum duas de
302 1476 1260 1531 istis intendebat consecrare: sed non est maior ratio
308 1526 1246 1607 quare has duas consecrauit quam illas. igitur vel con
311 1592 1254 1650 secrauit omnes: vel nullas. non omnes: quia intende
306 1644 1245 1707 batu contrarium illius. Item pono aliquem sacerdotem
300 1699 1257 1760 qui credit continuum componi ex indivisibilibus:
306 1755 1242 1819 et henat coram se unam hostiam: quam credit esse comn
293 1812 1236 1879 positam ex quinque indivisibilibus praecise: et volo quod
302 1868 1254 1923 ipse intendat consecrare hodie unum indivisibi
297 1921 1242 1986 le: et cras secundum: tertia die tertium: ita quod quinto
297 1972 1233 2035 die vult quod tota hostia sit consecrata. isto po
300 2030 1242 2090 sito: quaero vtrum consecrauit an non: si non. Con
288 2093 1249 2147 tra intendebat consecrare panem: et protulit verba
300 2140 1249 2203 sacralia. ergo consecrauit. vel fiat argumentum
287 2197 1242 2258 de vna hostia divisa in quinque partes: et sic eo-
297 2252 1234 2326 dem modo procedatur de quinque diebus. Si concedatur quod
297 2313 1243 2371 consecrauit. Contra. nunquam intendebat consecra
288 2364 1245 2427 re aliquam partem istius: igitur numquam intendebat conse
287 2420 1236 2498 crare hanc hostiam: antecedens patet: quia hoc hostia non con-
297 2485 1243 2542 ponitur ex indivisibilibus in rei veritate. Item
296 2524 1242 2595 nullum panem intendebat consecrare: quia nullum in
298 2588 1230 2643 divisibile est panis: sed tantum indivisibile inter
288 2652 1230 2711 dit consecrare. ergo etc. Item habeat aliquis sacer-
299 2700 1240 2755 dos coram se unum panem: et intendat consecrare me
293 2759 1221 2825 dietatem propinquiorem sibi: qui dicatur patria pars pro
281 2812 1235 2873 portionabilis: et consequenter tertiam quintam et septi
288 2875 1237 2923 mam: et sic de aliis partibus proportionabilibus de
288 2924 1230 2974 notatis vel demostratis a numero impari. et
293 2974 1230 3035 nullo modo anrias intendat consecrare. quo posito: se
285 3018 1243 3100 quitur quod ille consecrauit infinitas hostias: qua
288 3092 1231 3162 rumquilibet distat ab alia per unum panem ita quod
1337 188 2290 278 inter quascumque intercipitur unus panis. et sequi-
1330 260 2296 323 tur similiter quod istae fecit infinitos panes in actu:
1331 307 2284 379 quirum quilibet est alteri discontinuus et disiuctus:
1333 377 2281 439 ita quod inter quascumque et quoscumque mediat unus homo
1329 427 2295 491 quia christus. Similiter isto posito pono quod aliquis tam
1331 483 2289 554 gat partem superficialem remotioris partis: quaero
1337 532 2296 602 utrum tangat corpus christi an non: si sic: ergo est
1328 587 2283 654 dare ultimam partem proportionabilem secundum ta-
1331 642 2286 715 lem denotationem. consequens est falsum: igitur. si non:
1328 708 2286 776 ergo tangit panem. ergo in quacumque parte pa
1331 764 2292 835 nis versus illam superficiem est alia pars propot
1328 812 2283 882 tionabilis proportione denotata a numero
1323 866 2284 931 impari: vt patet: ergo tangit partem consecratam
1365 927 2270 992 Praeterea sit aliquis sacerdos hereticus: qua
1320 988 2271 1051 velit consecrare de carne. sicut legitur quod qui-
1325 1042 2274 1104 dam voluerunt consecrare de pane et de caseo.
1323 1100 2276 1163 et decipiatur unus talis. Et fit panis illud quod
1307 1147 2289 1219 existimat esse carnes: et dicat verba consecra-
1316 1212 2274 1283 tionis. qunaeritur utrum conficit an non: Si non.
1317 1267 2279 1322 Contra. nihil impedit nisi forte intentio erro
1316 1329 2271 1388 nea: sed illa non impedit. Probo: quia intendit con
1313 1375 2280 1441 secrare hoc: et hoc est panis: ergo panem con
1311 1436 2277 1507 secrat. Si dicatur quod sic. Contra. tantum intendit
1310 1492 2268 1554 consecrare carnem: ergo non intendit consecrare
1307 1548 2266 1610 panem. Et vltra. ergo non intendit consecrare
1308 1607 2265 1675 hoc. Item pono quod sacerdos consecrat omnes pa
1311 1659 2269 1722 nes in vna fenestra vnius panetarii: et postea
1314 1711 2265 1777 furetur illas species. et tunc si agatur contra eum
1307 1772 2268 1831 quod furatus est panes suos: numquid potest lici-
1299 1828 2258 1891 te negare: videtur quod sic: quia certum est quod hoc
1295 1887 2249 1947 est falsum: et licet negare falsum. Item ca
1303 1940 2262 2010 piat sacerdos in die pasce pro centum pa
1304 1996 2256 2057 rochianis unam summam hostiarum: ubi no-
1296 2051 2252 2107 uit esse centum hostias et amplius: sed nesci-
1307 2108 2250 2164 at quot ultra: et intendat solum consecrare centum
1296 2164 2256 2231 proferens super hostias formam consecrandi: quae
1299 2220 2256 2285 ro vtrum consecrat an non: et est eadem forma quae
1301 2272 2262 2331 prius. vltra intendat sic: volo consecrare
1290 2336 2240 2397 omnes istas hostias si tot habeam parochia
1294 2379 2244 2444 nos. Item si intentio requiritur: ergo qui
1293 2436 2236 2499 libet communiter in elevatione habet dubitare ar
1298 2489 2251 2555 sit hostia consecrata an non. Et si absolute
1284 2548 2256 2611 adorat: videtur peccare: quia adorat adoratione
1287 2596 2250 2667 latriae rem de qua dubitat an sit adoranda
1285 2662 2235 2732 ergo videtur quod quilibet habet adorare sub con-
1295 2708 2236 2780 ditione . consequens est falsum: et contra ri-
1281 2763 2231 2824 tum ecclesie. Sexto ad principale si sic: er-
1289 2831 2229 2894 go dictum Ambrosu foret falsum. et poni
1293 2884 2238 2951 tur a magistro libro quarto distinctione. rum
1295 2933 2246 2987 capi. ii. Nihil falsi putandum est esse in sa-
1293 2987 2229 3051 crificio veritatis. quia forma consecrandi est
1283 3050 2237 3110 propositio falsa. probo: quia cum sacerdos di-
1289 3100 2247 3179 cit : hoc est corpus meum. quaero quid demonsirat
