2550 3300
318 188 1251 243 nati ab aliquo epso qui non esset ordinatus
315 240 1240 299 seu haptivatus. durum inquam esset dicere quod
320 300 1255 369 tales non absoluerent ne consecrarent: quia sic
318 347 1257 408 peccatores essent defraudati: et multa inconve-
318 408 1255 464 nientia possent sequi. et ideo vel opet dicere
321 460 1251 531 quod consecrarent: vel quod in illo homine consecrat ips
323 511 1252 585 beus: et sic sine ministro conficeretur sacrm. quod
312 571 1258 641 istorum sit verius: sine reuelatione sciri non potest
378 626 1255 691 Quarto videndum est qualiter tramsmutatio
317 676 1257 740 differat ab aliis trasmutationibus. differt
314 739 1257 811 autem in quatuor. Primo quia nihil conversi ma
318 793 1248 850 net sub vtroque termio. Secundo quia illud in quod
320 852 1264 908 panis conuertitriur scilicet corpus christi in nullo
329 901 1254 976 augetur nec mutatur. Tertio quod proprieloquen-
323 959 1242 1035 do nihil hic mutatur: quia nihil se habet aliter quom
333 1019 1261 1086 prius. nisi dicatur quod corpus christi mutatur lo
324 1076 1258 1147 caliter improprie: vt mutari localiter nihil di
327 1132 1250 1187 cat plus nisi aliquod corpus esse de nouo vbi
327 1187 1245 1264 prius non erat. non tamen localiter vel circumscripti
330 1246 1260 1307 ve ubi prius non erat localiter: vel locum dimit
323 1301 1250 1363 tere ubi prius erat localiter. Sed manife
324 1351 1255 1419 stum est quod panis non mutatur: sicut patet inducen-
312 1419 1248 1475 do omnes spens mutationis: nisi dicatur corrumpi
318 1466 1263 1531 sed hoc dici non potest: quia in corruptione mate
321 1523 1257 1587 ria non mutatur: sed manet sub alia forma
312 1581 1248 1650 Quarto differt ab aliis mutationibus: quia
318 1635 1248 1698 omnia accidentia post transsubstantiationem
321 1692 1244 1739 manent. quod non est in aliis trasmutationibus
317 1748 1250 1803 ex quo patet quod accidentia subarum materialium
318 1794 1249 1869 sunt alia et distincta ab ipsis substantiis: non
312 1851 1244 1915 tamen hoc semper tenui: quia aliquando dicebam opposi-
305 1908 1244 1985 tu cid est quod albu non potest fieri nigrum nisi per corru
312 1964 1243 2026 ptionem sube: vel per motum localem sube vel sub
299 2023 1245 2084 stantiarum: sicut in mixtionibus quod vna mixtio
303 2083 1243 2146 causat unum colorem et alia alium: tamen potest dici quod
311 2134 1252 2203 post consecrationem nihil manet ibidem continue
305 2194 1241 2252 et reguliter: sed intentiones solum et spens acciden
317 2236 1254 2306 tium. vnde solebant vocari spes panis et vini: et
314 2299 1248 2355 non qualitates post consecrationem. et ideo sen-
296 2347 1258 2419 sus vtitur spebus pro rebus: et sic iudicat idem
297 2412 1258 2475 manere: nihil tamen dico hic assertivae. Quin-
296 2468 1258 2531 to restat soluere quosdam casus circa istam ma
296 2516 1258 2591 teriam. Ponatur ergo quod aliquis sacerdos obli-
302 2562 1249 2643 gatur ad unam missam spamliter pro a postea est ob
299 2637 1255 2699 ligatus ad aliam pro b. nunquid per unam missam
317 2691 1249 2755 potest pro vtroque liberari: Dico primo ad formam
296 2736 1257 2811 quaestionis. secundo ad intentionem. De primo sine di
318 2796 1249 2876 stinctione dico quod non: quia casus est quod sit primo
296 2847 1260 2922 ad unam missam obligatus: et postea ad aliam:
296 2914 1257 2972 Unde arguo sic. nullus obligatus ad quatuor
296 2965 1256 3027 imissas potest sufficienter soluere duas cele
296 3019 1261 3092 ibrando: sed ille per casum est obligatus ad duas
296 3064 1262 3163 missas: ergo caor patet: quia si non: eadem ratione si
1321 204 2259 259 esset obligatus ad tres: posset sufficienter sol-
1310 260 2265 315 nere celebrando vnam tantum. et pari ratione si ad
1323 316 2255 379 mille. quod est omnino irrationabile: quia sic obliga-
1314 363 2268 435 tus ad quaecumque anniversaria vel ad quas
1322 420 2255 473 cumque annuatim celebrandas / satisfacere pos
1313 471 2266 547 set per unam missam. Si tamen ponatur quod obligatur
1307 531 2257 594 duabus personis a et b: sub hac forma quod vni
1319 589 2268 645 cuique dicat: sic et non aliter legam tibi vnam le
1314 643 2262 707 ctionem. tunc casus mutatus est: et possum sa-
1317 699 2271 763 tisfacere per unam: quia non obligo me ad duas le
1307 763 2262 820 ctiones: sed duabus personis. Sed pono aliam for
1317 813 2262 875 mam. Si ponatur quod sacerdos obliget se ad
1314 868 2261 924 dicendum quinque missas principaliter pro anima
1323 923 2250 1000 Petri: et aliam pro anima Ioannis: nunquid potest sa
1314 981 2256 1040 tisfacere per unam missam pro vtraque anima: et vi-
1317 1035 2253 1099 detur quod non. Ad quaestionem didentisa expono quid
1311 1092 2252 1170 voco missam celebrare principaliter pro aliquo.
1320 1151 2260 1211 et videtur mihi quod celebrare principaliter / est
1310 1203 2253 1261 applicare missam Ioanni: quod sit quaedam sa
1317 1264 2250 1323 tisfactio apud deum pro anima Ioannis: si indi-
1302 1320 2255 1398 geat. Dico ergo quod celebrare principaliter pro anima
1314 1369 2260 1452 Ioannis potest intelligi dupliter. Uno modo quod
1317 1435 2265 1491 intendat quod missa sua valeat multis: ita quod
1320 1491 2272 1547 velit satistacere pro multis : et simul intendat
1311 1546 2277 1607 quod plus valeat animae Ioannis quam alicui de
1313 1603 2267 1655 reliquis. et sic vere dicitur ad virtutem vocis quod ce
1314 1653 2259 1714 lebrat missam principaliter pro alio. Alio modo
1313 1716 2275 1785 quod applicet missam sic quod cedat animae Ioannis
1302 1772 2275 1827 in satisfactionem: et nulli alii cedat in satisfa-
1302 1821 2259 1883 ctionem: nec per modum satisfactionis: et isto
1299 1875 2267 1931 modo dico quod per unam non potest satisfa-
1310 1931 2256 1995 cere utrique. Contra. ponatur quod intendatur
1302 1996 2262 2063 celebrare aeque principaliter pro vtraque: tunc
1311 2046 2263 2107 pro neutra celebrat principaliter: quia aliud est
1305 2106 2264 2171 dicere ille celebrat principaliter pro vtraque: et
1304 2153 2267 2213 ille pro vtraque principaliter celebrat: quia prima
1304 2212 2249 2273 aequiualet isti: iste celebrat principaliter pro
1312 2260 2265 2331 istis: et hoc est possibile. et tunc non facit secundum
1311 2323 2263 2395 casum obligationis prius positae. secunda aequi
1301 2380 2275 2447 valet isti copulative: iste celebrat principali
1300 2436 2262 2498 ter pro isto: et iste celebrat principaliter pro illo
1308 2493 2265 2555 quod est impossibile facere per unam missam
1363 2540 2259 2611 Sic patet quid dicendum ad questionem
1310 2605 2254 2667 qua quaeritur an missa dicta pro multis tantum
1314 2659 2253 2722 valeat cuilibet eorum ac si spaliter celebraret
1305 2716 2247 2787 pro uno. et posito quod quilibet eorum indigeat.
1305 2772 2251 2835 Dico quod non: quia valor misse per modum satisfa
1308 2828 2248 2891 ctionis cedet cuilibet in partem satisfactio
1301 2884 2256 2943 nis apud deum secundum aequalem proportionem et secundum
1307 2932 2259 3003 numerum personarum: et per consequens quanto
1301 2988 2252 3051 plures fuerint: tanto unusquisque minus ha
1303 3043 2246 3106 bebit: quia valor misse est virtutis finitae existen-
1302 3101 2254 3187 ti in purgatorio. Si autem sussiceret vna
