2550 3300
317 210 1260 260 nis quos constituerunt patres: nemo iniuste
315 259 1254 315 vsurpat alienum etc. sed huiusmoni est quod confessi etc.
316 315 1264 379 Item idem ca. quod vero. Decreta sctorum canonum ne
309 374 1247 432 minem magis quam apostolicum conservare opet.
305 420 1250 482 Item capit.lo contra statuta. Contra statuta patrum
312 476 1248 547 condere aliquid vel mutare: nec huius quidem
305 532 1264 603 sedis potest auctoritas. Soluuntur haec omnia: et
308 588 1251 650 arguendo dicuntur: solutio incipit. xxv qui i
311 648 1253 712 his ita respondetur. vnde dicit sic. Sacrosancta mo
305 708 1250 763 mana ecclesia ius et auctoritatem canonibus
312 755 1251 826 impartit: sed non eis alligatur. et infra. Licet ergo
305 823 1241 888 contra generalia decreta spalia praevilegia indul
307 873 1248 939 gere: et spali beneficio concedere quod gnrali prohi-
305 929 1244 1002 betur decreto. Et infra. Quaecumque ergo de de
315 996 1254 1058 cimis vel quibussibet eccliasticis negotiis sa
311 1043 1251 1107 cris canonibus diffiniuntur: intelligeda sunt
308 1094 1256 1155 necessario servari: nisi auctoritas sid omane
315 1152 1242 1211 ecclie aliter fieri mandauerit vel permiserit
312 1211 1248 1267 Exemplum ad idem de facto exm de consang. et afiti
306 1262 1251 1324 non debet. vbi dicitur. Non debet reprehensibile iudica
311 1332 1254 1387 ri: si secundum varietatem temporum statuta quandoque va
312 1371 1238 1438 rientur hunana: praesertim cum vrgens necessitas
309 1430 1252 1490 vel euidens vtilitas id exposcit. vnde ordinatur
314 1483 1248 1554 quod prohibitio copule coniugalis non se extendat
302 1547 1250 1611 extra quartum gradum. patet xxxv. qui viii haec sa
315 1597 1251 1659 lubriter. et in aliis. Item sententia ifomane sedis
314 1652 1251 1719 potest in melius commutari xxxv qui ix sententiam.
312 1708 1254 1763 Et sic est finis huius opinionis. nec plura
308 1765 1248 1819 de praesenti quastione ad praesens. nonnulla tamen con-
309 1820 1206 1875 silia tangentur in sequenti: quae sit talis.
620 1869 1249 1985 Tru quilibet sa
619 1972 1242 2043 cerdos possit quaemlibet ab-
618 2034 1252 2099 soluere a quocumque peccato: Et
610 2076 1233 2156 videtur quod sic: quia quicumque habet clar-
607 2140 1236 2203 nes: habet potestatem totam ordinis
318 2196 1239 2262 per clavens est sufficiens ad absoluendum a quacumque
309 2256 1246 2307 peccato: ergo etc. Dicitur hic communiter quod ad absoluendum
307 2295 1248 2363 in foro conscientiae / requiritur duplex potestas. videli
315 2364 1250 2420 cet potestas ordinis: et potestas iurisdictionis: qua or
307 2420 1251 2475 dinatur aliquis ex commissione ut sit alteri subdi
300 2467 1257 2530 tus. Unde dicitur quod potestas iurisdictionis po
305 2529 1257 2586 test esse in aliquo sicut in archidiacono ad
309 2580 1257 2643 ligandum et soluendum in foro contentioso per sententiam
308 2644 1254 2699 exconicationis: in quo tamen non est potestas ordinis
318 2691 1259 2754 si non est sacerdos. Eodem modo dicunt illi quod po-
309 2749 1257 2811 testas ordinis potest separari a potestate iurisdi-
308 2811 1258 2875 ctionis. Unde sacerdos cui nullo modo est com
308 2863 1253 2932 missa cura animarum nec habet ex prvilegio quod pos-
309 2910 1246 2978 sit audire confessionem; nullam habet potestatem iuris.
321 2964 1255 3035 dictionis: nisi in certo casui videlicet in arti
311 3029 1254 3102 culo mortis. et idep licet claves habeat: habet
308 3079 1254 3146 tm eas ligatas propter defectu materiae subie
1317 210 2250 267 cte: sine qua claves non possunt in sacramentum
1311 263 2232 331 poenitentiae. Contra responsionem potest sic argui: quod
1310 326 2241 379 ista potestas iurisdictionis videtur introdu-
1305 379 2251 435 cta ab iis qui quaerunt plus emolumenta ten-
1303 429 2254 499 poralia quam fructum animarum. Arguitur sic. po-
1317 477 2253 547 testas ordinata in duos effectus subordi-
1311 541 2256 610 natos si potest in perfectiorem: potest in minus perfe
1301 608 2256 666 ctum: sed potestas sacerdotis est in corprus
1301 659 2246 729 christi verum. Et similiter ad operandum super corpus
1305 708 2254 771 christi musticum: puta ad absoluendum poenitem
1310 764 2260 827 tem in foro conscientiae: quod est in infinitum mi-
1305 811 2251 875 noris dignitatis. et illa potestas est suffici
1311 876 2243 939 ens ad primum effectum nobiliorem: ergo videtur
1311 924 2250 1003 quod sit sufficiens ad secundum. Consirmatur ratio: quaa
1308 996 2253 1052 in nouo et veteri testamento nunquam fit men-
1307 1043 2240 1099 tio de potestate iurisdictionis: quia tantum sacer-
1311 1092 2250 1162 dos legalis potuit exercere effectum circa
1298 1163 2250 1219 mundationem cuiussibet leprosi. Praeterea
1305 1211 2250 1275 potestas absoluendi fuit a christo data non solum
1302 1278 2256 1344 apostolis: immo etiam discipulis. Ioan xx. quando
1301 1324 2262 1394 dirit accipitae spiritumsctum etc. sed tanta potestas
1301 1388 2253 1442 ordinato datur hodie nunc: sicut christus dedit
1305 1444 2259 1500 eis tunc: alioquin minoris esset efficacie sa-
1302 1499 2252 1573 cramentum nunc quam tunc fuit. ergo cum non legatur
1311 1555 2250 1610 quod aliquam aliam potestatem iuridictionis expe
1308 1612 2250 1670 ctaverunt ab homine: videtur quod neque sacerdos
1310 1669 2259 1724 modo debet recipere aliquid partinens ad sacramen
1304 1715 2250 1778 tum post receptionem sacramenti. et per consequens nec
1305 1779 2244 1843 aliquam iurisdictionem ab homine post susceptio
1299 1827 2252 1907 nem ordinis. Confirmatur ista rtio: quia supra pa
1305 1883 2245 1947 pam nullus potest habere iurisdictionem: et tamen
1298 1939 2249 2011 potest peccare et absolui. Praeterea potestas iu-
1305 1994 2257 2059 risdictionis non videtur se extendere ad occulta
1308 2056 2254 2115 ed tantum ad publica: de quibus debet fieri iudi
1299 2107 2253 2171 cialis sententia: ergo saltem in occultis potest quali
1292 2148 2253 2219 bet sacerdos absoluere quemlibet. Confirma
1291 2212 2248 2284 tur. quia in nullo derogatur iudici publico vel
1311 2266 2251 2347 eius processui contra accusatum vel denuntia
1307 2323 2248 2388 tum: sive sit sacramentaliter absolutus sive
1295 2381 2244 2444 non: ipse non potest solumcorrigere conscientiam: sed
1302 2435 2245 2517 redintegrare iustitiam: et punire scandalum quod
1307 2492 2245 2555 reus intulit conitati peccando publicae. Dici
1305 2539 2246 2611 tur hic etiam consequenter quod non solum quilibet sacer-
1314 2590 2250 2667 dos nec quilibet curatus potest subditum suum ab-
1300 2644 2250 2723 soluere etiam in occultis a quocumque etc. Et hoc
1305 2716 2247 2780 pro tanto quia ex quo non habet iurisdictionem nisi
1298 2771 2248 2835 a superiore: ille superior pontiurisdictionem
1305 2828 2244 2899 restringere: et sibi specialiter casus aliquis reser
1311 2876 2248 2940 vare ad detestationem criminum etiam in occul-
1307 2931 2236 2999 tis. et talem opret fsacerdotem mittere ad epsum vel
1301 2982 2229 3051 eius poenitentiarium pro absolutione habenda. Contta. ce
1310 3033 2230 3115 latio confessionis seu confessorum est de necessita
1301 3092 2242 3187 te salutis ipsi confessori consevanda: ergo imnullo ca
