2550 3300
320 211 1259 275 aliquid impendere rei publicae quod plus vale-
318 267 1270 323 bit quod sua mors valeret: et licitae potest illud eli
320 323 1257 382 gere ergo si intendat corrigere vitam suam: et intra
321 380 1266 439 re religionem pro salute reipublicae: et potest li
314 428 1253 483 bere se iuvare per fugam sine iniuria: potest il-
317 483 1256 544 lud licitae eligere sine iniuria proximi. Di
321 540 1253 596 co autem quod si non possit fugere nisi interficien-
321 596 1248 658 do custodem suum: vel nisi quia custos suus postea
317 651 1260 715 suspendatur pro eo: non licet sic sibi fugere:
309 708 1254 770 quia non sunt facienda mala ut eueniant bona.
311 764 1248 822 Ioatio iii. Praeterea ponatur quod sit talis homo pro
314 822 1254 883 tuius morte fiat schisma in ecclesia: vel bellum
309 875 1254 931 inter duo regna: et hoc sibi verisimiliter comn
305 930 1254 995 stat. ergo si sine iniuria possit fugere: videtur
311 994 1253 1055 quod sibi liceat. Praeterea sit quod apparitores vel
305 1051 1244 1107 executores sententiae sint neglgentes et tar
301 1108 1253 1159 di. nunquid debet de necessitate salutis expe-
303 1155 1261 1219 ctare sub patibulo ut occidant eum: certum est
312 1219 1242 1290 quod non. Et ideo potest alicui videri quod talis ac
311 1276 1245 1339 teptatio mortis non debet esse nisi sub condi-
307 1331 1247 1397 tione iuris intellecta: volo subire mortem pro
307 1388 1246 1451 peccatis meis: nisi aliquid aliud possim face
299 1448 1259 1507 re pro eisdem. Praeterea esto quod aliquis damnetur ut
293 1492 1248 1571 fame occidatur: sicut fit de illis qui dicuntur po
302 1557 1236 1624 ni ad penitentiam apud laicos: si talis ha
296 1603 1249 1674 buerit panem: quaeritur nunquid potest commedere:
294 1668 1233 1730 certum est quod sic: immo forte tenetur: cum nullus
288 1716 1252 1792 teneatur occidere seipsum. ergo eodem modo hoc
297 1767 1236 1834 faciendum est in fuga. quod concedo pro nunc.
341 1831 1245 1892 Quarto ad principale si sic: tunc remissio
297 1883 1225 1956 culpe fieret per contritionem: quae est primam par
281 1941 1229 1999 penitentiae: sicut patet de peni. distintione prima
299 1995 1235 2064 diuersis capitulis: et per magistrum distion xvi
282 2044 1239 2107 lib. iiii. consequens est falsum: quia si sic : actus contii
287 2101 1226 2162 tionis foret melior et vtilior homini qui pecca
290 2163 1233 2214 vit: quam actus mart vrii et quicumque alius actus
282 2211 1227 2274 in chatitate factus. consequentia patet: quia plus boni com
281 2268 1241 2341 tfertur homini propter actum contritionis: quam propter
289 2324 1230 2386 aliquid aliud de lege statuta. hoc probatur sic.
289 2381 1234 2443 propter actum contritionis debetur homini vita aeter
281 2443 1231 2498 na: et remittitur poena aeterna. ergo duo bona infi
282 2491 1230 2555 nita dantur sibi pro actu tali: sed pro nullo alio
294 2548 1234 2619 existenti in charitate confertur homini tantum bonum patet
299 2604 1236 2669 quia si est in charitate: debetur sibi vita aeterna.
279 2667 1225 2727 ergo quod sibi tunc debetur: est melius quam quodcumque
296 2720 1221 2787 aliud ab illo quod postea sibi irrogabitur: vide
288 2761 1224 2826 licet intensior gloria: vel alquid sile. Similiter nihil
276 2826 1239 2882 tale potest sibi dari: quod sit ita bonum sicut remis
282 2876 1227 2939 sio poene aeterne: manifestum est. ergo etc.
342 2924 1218 2995 Quinto ad principale: si peccator teneretur sa
293 2983 1236 3048 tisfacere deo pro peccato: oporteret eum conteri de
294 3035 1222 3107 suo peccato. et per consequens magis deberet se velle non
288 3100 1228 3179 esse et adnihilari / quam recidivare in peccatum mor
1316 211 2280 291 tale. consequentia patet per Anselmus i. cur deus hom capitulo xxi et ii-
1318 284 2271 336 cur deus homo capitulo xii ubi docet quod si homo esset po
1314 324 2261 392 situs in ista necessitate: vel quod faceret aliquid
1318 381 2270 452 etiam modicum contra voluntatem divinam: vel
1320 445 2262 508 quod totus mundus et quicquid non est deus / ad-
1304 500 2256 563 nihilaretur: deberet potius eligere seipsum in ni-
1307 548 2254 619 hilum redigi quam peccare. hic dicitur a quibusdam
1313 611 2249 675 quod quilibet homo magis deberet eligere peccare
1313 667 2275 746 et in perpetua pena manerequam omnino non esse quae
1308 719 2250 794 ad corpus et quo ad animam: quod est adnihila
1310 780 2251 843 ri. Et hoc videtur probare Augustinus de libe. arbitrio.
1301 828 2246 907 c. xiii. per tres rationes. Primo sic. qui di
1304 900 2252 955 cit / mallem hoc quod illud: eligit aliquid non esse
1310 938 2236 1020 autem non est alquid: sed nihil. ergo nullo pa
1307 1009 2250 1075 cto potest aliquis eligere: quando eligit quod non est.
1367 1059 2248 1123 Secundo sic aut debuisti velle esse cum sis mi
1297 1114 2250 1179 ser: vel non esse: non esse quidem potius. Tunc
1298 1176 2252 1243 arguit Augustinus. si hoc velle debuisti: hoc
1298 1236 2249 1291 est melius: quod autem non est: melius esse non
1304 1292 2240 1362 potest. non ergo illud velle debuisti. Tertio
1288 1349 2247 1410 sic. quod quisquis eligit ratione petendum: cum ad
1298 1404 2254 1467 illud peruenerit: necesse est ut melior fiat.
1301 1459 2248 1523 melior autem esse non poterit / quinon erit. ne
1304 1516 2250 1573 mo ergo potest eligere ut non sit . verba Augu
1301 1563 2240 1627 stini sunt. et consequenter propter ista videtur multis
1304 1627 2252 1696 quod Augustinus nitatur probare ibi ex intentione quod homo
1289 1683 2252 1739 non potest appetere non esse. et quod includit con
1295 1739 2249 1795 tradictionem quod homo velit se adnihilari. et con
1298 1786 2241 1859 sequenter obiicitur de multis exemplis hominum
1290 1852 2244 1907 geatilium: qui nullam vitam post istam sperabant
1289 1908 2251 1969 qui seipsos interemerunt. sicut patet v de civi.
1289 1957 2250 2019 deui capitulo xviii de Curtio aequite Romano: et con
1292 2003 2243 2067 similibus. Rsnendet Augustinus quod quilibet talis inten-
1290 2068 2246 2131 debat quietem et quietus esse. et per consequens de
1295 2116 2244 2188 siderabat esse. Unde in fine capituli conclu-
1295 2167 2229 2243 dit quod nullo pacto fieri potest ut alicui libe
1293 2227 2228 2292 at non esse. Sed contra istum modum ponendi ar-
1284 2291 2223 2347 guo: et probo prio quod homo potest ex certa de
1290 2343 2235 2412 liberatione eligere se adnihilari. Secundo
1293 2404 2232 2464 quod hoc intendit Augustini in re ibidem. Tertio ap
1287 2461 2226 2523 plicabo verum intellectum dictis Augustinus ne vi
1278 2508 2232 2572 deantur habere contradictionem. Primo
1284 2564 2216 2619 arguo sic. omne illud quod potest iudicari esse me-
1284 2613 2223 2682 lius vel minus malum / siue a ratione recta si
1281 2677 2215 2742 ve errantae: potest conformiter eligi: sed adnihila
1272 2732 2204 2794 ri est huiusmoni et potest iudicari ab homine sive ratione
1274 2789 2208 2850 recta sive erronea iudicante quod ipsum adn-
1280 2836 2212 2911 hilari est minus malum quam esse miserum: ergo adnihi
1277 2895 2224 2963 lari potest a tali eligi. Maior patet: quia omnie quod in
1272 2948 2221 3011 telletus iudicat esse bonum vel melius vel mi
1274 3004 2232 3081 nus malum: potest voluntas eligere: tumn sit sum-
1266 3057 2212 3127 me libera. Unde contradictionem includit quod
1281 3117 2224 3188 voluntas sit libera: et non possit libere velle
