2550 3300
303 210 1268 260 lit : quam per absentiam speciei vel obiecti. Praeterea.
303 266 1241 309 hoc est de mente beati Augustini in de trinitate quod ad
302 317 1244 365 formandum actum cognitionis requiritur volun
302 373 1244 417 tas copulans parentem cum prole : quia aliter non es-
303 427 1245 475 set trinitas in illa productione. ergo non potest esse
294 483 1242 532 actualis cognitio: nisi sit voluntas copulans
294 538 1241 586 secundum eum. Patet ergo haec consequentia. voluntas creata
303 595 1248 642 est libera : ergo potest abscindere actum secundum intel
305 652 1248 695 lectus quando vult. Sed falsitas istius consequen
306 706 1253 749 tis ostenditur multipliciter. Primo sic. Si
309 762 1251 808 sic: ergo existens in igne comburente et agente
306 817 1245 862 in eum quantum potest: potest libere abscindere
309 874 1254 916 actum intelligendi illam combustionem et per consequens fa
306 930 1248 975 cere quod non aduerteret eam. Si dicatur quod non se-
312 987 1253 1030 quitur: quia illa combustio est passio sensus : et sen
311 1045 1254 1086 sus possunt necessitari per obiecta. Contra. quaero
315 1100 1254 1143 de actuali intellectione istius pene: vtrum potest
306 1158 1254 1200 eam voluntas abscindere an non: Si sic: ergo homo
311 1213 1260 1255 potest intelligere se non esse in poena. Praeterea
308 1272 1254 1312 stante sensu exteriori in actu suo : et imagi-
312 1322 1266 1368 natione non impedita: necessario causatur intel
317 1381 1266 1425 lectio respectu eiusdem obiecti: sicut experi-
312 1440 1263 1480 mentum satis docet. Praeterea aliquod obiectum
318 1494 1266 1537 cum certis circumstantiis et certis dispositioni-
317 1551 1250 1591 bus est maioris virtutis ad causandum et con
311 1604 1268 1645 tinuandum intellectionem: quam voluntas ad ab-
311 1662 1260 1702 scindendum. ergo tali obiecto posito in sui opti
317 1716 1265 1756 ma dispositione: non potest voluntas ipsius intel
311 1772 1266 1812 lectionem interrumpere. consequentia patet. probo antecedens. quia
311 1825 1254 1866 voluntas non est nisi potentiae vel virtutis
318 1879 1257 1924 finitae ad abscindendum intellectionem obie
308 1936 1263 1979 cti : quod sit a . Si a sit virtutis finitae: et mino-
308 1991 1262 2031 ris virtutis ad continuandum vel causandum
311 2046 1254 2089 intellectionem sui: ergo virtus voluntatis ab-
315 2100 1257 2143 scissiva excedit virtutem obiecti contiuativam
324 2157 1253 2199 sive intellectionis in aliquo certo excessu.
321 2210 1259 2250 Uolo ergo quod deus causet aliquod obiectum exce
327 2265 1270 2308 dens virtutem a obiecti secundum excessum quo vir
330 2320 1257 2362 tus voluntatis excedit virtutem a: et sit illud
317 2376 1268 2419 obiectum b. tunc per casum virtus b et virtus volun
318 2433 1271 2476 tatis sunt aequales: ergo voluntas non potest
326 2488 1269 2533 impedire actionem b. ergo intellectionem ipsius
320 2544 1263 2587 b non poterit voluntas abscindere. si ponatur
324 2599 1281 2644 ergo voluntas creata: non potest abscindere quam
329 2639 1272 2693 cumque intellectionem intellectus. Quarto ad
329 2713 1272 2758 principale sic. si sic: ergo voluntas potest velle contra
350 2769 1275 2812 quodcumque iudicium rationis libere: et se confor
336 2824 1275 2866 mare cuilibet iudicio rationis. consequens falsum quo
339 2879 1278 2921 ad vtramque partem. Falsitas primae partis patet
348 2934 1275 2973 sic. quia voluntas potest libere velle contra quodcumque
342 2987 1274 3027 iudicium rationis. posito ergo quod ratio sortis dictet
344 3042 1271 3085 sorti: quod ex quo potest velle contra omne iudicium rationis:
330 3099 1281 3147 debeat velle contra omne iudicium rationis: et sit il-
1304 212 2262 263 lud dictamen sortis a tunc arguo sic volun
1311 268 2268 317 tas sortis potest contra omne iudicium suum velle ergo potest
1317 321 2249 370 velle contra a quia a est vnum iudicium. consequentia patet ab vni
1313 375 2252 424 versali ad vnam suam singularem consequens est falsum
1310 432 2262 480 quia si potest velle: igitur ponatur in esse: et sequitur
1310 487 2255 535 duo contradictoria esse simul vera. videlicet quod sor
1307 541 2274 591 tes velit conformiter isti iudicio : et quod non ve
1304 598 2267 646 lit conformiter isti iudicio. probo quia per te vult
1314 654 2256 702 contra omne iudicium rationis: sed a est iudicium quo di-
1320 711 2267 756 ctatur quod debet velle contra omne iudicium rationis: ergo vult
1323 767 2265 810 conformiter isti iudicio. sed quod non velit conformi
1316 823 2255 868 ter: probatio. quia sequitur. vult contra omne iudicium rationis
1322 877 2264 922 et hoc iudicium dictat quod debet velle contra omne iudicium
1320 933 2258 982 rationis: ergo non vult conformiter isti iudicio:
1313 991 2277 1036 ergo si vult conformiter isti iudicio: non vult
1319 1048 2265 1093 conformare se iudicio. ergo ad primam partem
1317 1105 2271 1150 primi consequentis sequitur duo contradictoria simul esse
1323 1161 2268 1206 vera. Secundo probo quod secunda pars sit falsa scilicet
1317 1218 2265 1263 ista voluntas potest libere se conformare cuilibet
1326 1275 2259 1320 iudicio rationis: et hoc potest probari per eandem ratio-
1316 1330 2268 1377 nem. Sed aliter arguo sic. posito quod ratio dictet
1331 1387 2275 1432 voluntati quod nihil sit ab ea volendum citra a:
1314 1444 2265 1489 sit a dies crastinus. quaero vtrum voluntas potest
1320 1501 2268 1545 se conformare isti iudicio an non: si non : hoc est
1319 1559 2273 1602 propositum. si sic: contra. conformat se isti iudicio:
1319 1613 2279 1656 ergo vult se conformari isti iudicio. et vltra. ergo
1326 1670 2277 1710 vult aliquid citra a. et vltra. ergo non conformat se
1326 1722 2274 1767 isti iudicio. Dicitur hic quod conformat se isti iudi
1329 1776 2271 1822 cio: sed non volendo. Unde haec consequentia non valet: confor
1319 1830 2278 1876 mat se isti iudicio: ergo vult conformiter isti iu-
1326 1885 2280 1930 dicio: quia istud iudicium non est de volendo: sed de
1323 1941 2271 1986 non volendo. et ideo non volendo fit conformiter isti
1326 1995 2265 2049 iudicio. Sed contra istud arguitur sic. si ponatur quod
1326 2050 2271 2095 istud dictamen praescindatur seu principiatur sorti a
1319 2105 2270 2150 deo et detur consequenter ista responsio: sequitur quod rectitu
1329 2160 2277 2205 do voluntatis male diffinitur a venerabili An
1329 2214 2274 2260 selmo de libero arbitrio capitulo viii Nam arguitur sic. ista volun-
1322 2271 2268 2316 tas conformat se isti praecepto diuino: et sic se habet
1325 2326 2274 2373 sicut deus praecepit eam se habere. ergo est recta. sed per respon
1320 2383 2282 2430 sionem pro nunc nihil vult. ergo est recta quando nihil
1335 2437 2274 2484 vult. et tunc arguo vltra. haec voluntas nihil
1334 2494 2273 2539 vult: ergo non vult quod deus vult eam velle: et hoc vo
1338 2550 2286 2598 luntas est recta et meretur: ergo seruat rectitudi-
1338 2604 2273 2653 nem: et tamen non vult quod deus vult eam velle: ergo re
1325 2659 2282 2709 ctitudo voluntatis non est voluntatem velle quod
1335 2713 2274 2761 deus vult eam velle: nec servare rectitudinem vo
1341 2770 2284 2819 luntatis est vnicuique velle quod deus vult eam vel
1328 2827 2270 2877 le: cuius oppositum dicit ibidem Anselmus. Praeterea
1335 2886 2289 2930 probo quod voluntas non potest libere se conformare
1341 2936 2271 2979 cuilibet iudicio rationis: quia pono quod ratio dictet
1335 2991 2276 3037 alicui quod magis debet velle proximum suum damna-
1337 3048 2264 3093 ri quam seipsum peccare mortali: et sit ille sortes
1338 3111 2277 3154 gratia exempli: et dictet quod magis debet velle pla
