2550 3300
333 188 1274 251 cit: ergo omnes aequaliter beatificabuntur: quia na-
323 247 1275 307 turalis appetitus omnim satiabitur. Consirmatur
330 300 1276 363 ista ratio. quia in Lino est naturalis appetitus ad
321 355 1275 427 habendam tantam gloriam quantam habet beata vergo: sed
311 407 1267 467 Linus non peccat si se conformet appetitui na-
305 468 1269 530 turali: volendo illud libere quod appetitus na-
308 524 1270 595 turalis: quia est a deo: ergo licet Lino appetere
312 579 1263 635 appetitu deliberativo gradum btitudinis
299 635 1254 706 btem vergis: sed quicquid licebit Lino appetere: iec
312 686 1266 774 habebit: ergo etc. Quinto arguo sic. omnes cogno
306 743 1263 810 scent deum aequaliter: ergo erunt aequaliter beati. consequentia patet
305 811 1255 873 quia haec est vita aeterna. Ioannes xvii antecedens probatio. quia
309 867 1267 923 obiectum quod est deus: est aequaliter praesens cuilibet:
312 916 1255 971 et potentia cuiussibet cognitiva potest deum co
293 971 1248 1043 gnoscere aequaliter sicut aliqua potentia cogni-
294 1027 1257 1089 tiva alterius. ergo aeque perfectum actum elicit. Quod
299 1092 1247 1154 autem obiectum sit aequaliter praesens videtur: quia qui
297 1133 1253 1203 libet videt ipsum intuitive: et betificae facie ad
299 1193 1249 1259 faciem: sicut sacra scriptura loquitur. et essen
288 1252 1236 1323 tia divina naturaliter repsentat quicquid repiur.
293 1307 1239 1369 tat. Similiter quod quilibet intelletus potest aequaliter
290 1364 1239 1427 cognoscere deum sicut alius patet sic quia si non:
294 1417 1245 1483 sit ille intelletus Lini quo non potest ita perfe-
297 1476 1232 1531 cte cognoscere deum sicut intellectus Petri
288 1532 1235 1587 Et pono quod deus faciat Linum viatorem: vel
294 1589 1242 1643 aliquem intellectum aequalem illi: non est cura:
288 1644 1254 1699 tunc intellectus Lini potest mereri si conseruetur in
297 1699 1233 1763 vita: tantum praemium quantum meruit Petrus. Et per
282 1755 1246 1810 rsponsionem non potest habere tantam cognitionem dei
284 1810 1239 1883 quantam habet Petrus: ergo plus potest mereri quam deus
276 1856 1237 1931 possit sibi dare: quod non apparet conveniens. ergo
276 1914 1242 1979 omnis intellectus potest cognoscere aequaliter deum
285 1964 1239 2032 sicut alius. Confirmatur ista ratio: quia omnis anima
282 2028 1236 2090 potest aequaliter deum diligere: ergo aequaliter intelli
276 2084 1246 2147 gere aens patet iii de anima ubi dicitur quod anima est
285 2140 1227 2196 quodammo omnia: et intelletus possibilis est im
291 2196 1224 2258 potentia ad omnia intelligibilia. Similiter quia omnis
279 2252 1222 2315 anima videtur esse aequaliter imago dei: ergo aeque ca-
281 2303 1232 2364 pax secundum Augustinum quia eo ipso mens imago dei est:
288 2359 1230 2419 quia capax eius est: et particeps eius potest esse
282 2420 1227 2486 xiiii de triao capitulo viii et xii et consequentia patet: quia partes
276 2467 1238 2528 imaginis possunt esse respectu dei. ergo si vna
287 2529 1236 2595 quaeque anima possit tantum deum diligere quantum
290 2580 1230 2650 naqueque alia: potest eum tantum cogscere. Sex
279 2633 1230 2698 to sic. quilibet beatus diligit deum toto corde.
282 2692 1242 2749 etc Et primo in patria implebitur praeceptum de
282 2743 1227 2811 dilectione dei secundum Augustinum de perfectione iu-
273 2804 1227 2859 stitiae: et allegat magister libro iii disit xxvi capitl
266 2860 1236 2930 vi ergo quilibet beatus potest aequaliter diligere cum
275 2907 1236 2970 alio. ergo omnes aequaliter fruentur deo. et per consequens omnes
281 2962 1229 3022 erunt aequaliter beati. Septimo sic. si Linus
281 3020 1233 3083 videt beatam virginem esse in gaudio maiori:
285 3078 1236 3154 et scit quod tanti gaudii foret capat: et quod tantum
1325 195 2288 266 guadium potuit meruisse: quia hoc non fuisset in-
1328 260 2279 315 possibile. quaero utrum appetit habere tantum
1329 307 2283 367 gaudium quantum gaudium meruisset an non:
1334 363 2276 436 Si primum: et omne quod appetitur a beato perti-
1328 411 2276 484 nens ad gaudium essentiale: habetur ab eo: ergo
1332 473 2277 533 habet tantum gaudium : quod est propositum. Si di-
1326 532 2282 582 catur quod non appetit habere gaudium ita inten-
1316 580 2282 646 sum: quia propter conformitatem voluntatis ad
1307 649 2264 699 iustitiam non plus vult habere quam habet. Contra. re-
1308 700 2280 767 cta ratio dictat sibi quod beata vergo plus diligit deum
1310 748 2265 820 quam ipse: et plus honorat deum quanto est bea-
1314 816 2281 875 tior: ergo si Linus non debet appetere beatitu
1311 869 2273 939 dinem: minus debet gaudere. quia minus diligit
1310 920 2265 980 deum quam beata virgo. Item quia videt quod natura
1307 972 2252 1035 sua plus posset beatificari et plus diligere
1306 1036 2250 1091 deum: ergo naturaliter hoc appetit. Confirma
1301 1091 2247 1148 tur per modum arguendi philosophi i metphysica si homines
1305 1148 2251 1212 omnes naturaliter scire desiderant: ergo nobiliorem
1295 1203 2260 1275 scinam magis desiderabunt. Octavo sic. qui
1301 1259 2248 1323 libet beatus sciet omnia quae deus fecit scienda
1295 1316 2252 1379 secundum Anselmus. prolo xv. sed omnes conclusiones sci-
1301 1373 2264 1435 biles fecit: et omnes propositiones intelligibiles et
1296 1437 2262 1495 veras fecit deus: ut essent quaedam scienda:
1298 1483 2257 1554 ergo quilibet beatus nouit omnia scibilia. ergo vnus
1305 1548 2256 1603 non plus quam alius: ergo sunt omnes aequaliter beati.
1293 1593 2250 1659 minor patet de se. Maior est Anselmus qui dicit
1301 1651 2256 1713 de septem beatitudinibus. Ieatuns est quo scinma
1299 1708 2266 1781 vel perfecta sapientia replebitur: eamquam fa
1302 1764 2256 1834 cie ad faciem intuebitur: quam dum ita prospere
1290 1818 2252 1876 rit: creaturae totius naturam videbit: quae in
1292 1867 2264 1937 deo melius quam in seipsa consistit. Tunc aetenim
1290 1924 2255 1994 iusti scient quae deus fecit scienda: tam ea quae
1293 1982 2253 2043 praeterita sunt quam ea quae sunt futura. ibi a
1284 2043 2255 2098 singulis animabus singuli cognoscentur: nec
1296 2100 2247 2171 quicquam omnino latebit: qua patria / qua gente-
1292 2156 2250 2211 qua stirpe quas editus fuerit: et quid etiam in vi-
1292 2204 2240 2278 ta sua fecerit. Ecce in hac auente habetur quod
1292 2259 2249 2322 quilibet beatus replebitur sapientia quae est
1295 2309 2253 2381 deus. ergo quilibet tantum capiet de illa sapia
1292 2372 2249 2427 quantum capere potest: quia alioquin non replebi
1284 2421 2251 2490 tur sapientia: sed omnis anima est aequaliter capax:
1293 2483 2246 2547 quia intellectus possibilis est omnia intelligere
1293 2525 2237 2604 Secundo dicit quod quilibet beatus scit omnia qua deus
1287 2583 2250 2659 fecit esse scienda tam praeterita quam futura
1280 2651 2239 2723 Ex quo sequitur quod omnes scient aequalia: et quod
1283 2700 2253 2764 omnes scient infinita: quia constat quod futurae co-
1283 2765 2243 2826 gitationes angelorum et hominum et gaudia
1283 2816 2234 2872 et locutiones aclaudes dei: et similiter txistitiae
1285 2868 2240 2931 et affictiones malorum erunt infinita: et infi
1283 2913 2238 2980 nita scibilia possunt de eis formari. Tertio
1283 2972 2247 3047 dicit quod nihil latebit illic quemquam. ergo ni-
1289 3025 2237 3090 hil quod unus sciet / latebit alium: quod est
1277 3076 2223 3155 propositum. Nono sic: omnes homines natura
