2550 3300
279 227 1235 286 modo accipitur iste terminus beatitudo pro
278 275 1223 343 visione matutinam essentiae divinae. et sic loquit
272 339 1233 389 saluator Ioannes xvii haec est vita aeterna etc. Ter
281 385 1239 444 tio modo accipitur beatitudo pro amore dei: vel
274 451 1226 515 pro fruitione dei clare visi. et sic loquitur Aug.
278 509 1226 563 de moribus ecclessie et Manicheorum libro i capitul
287 563 1229 618 xxiii. Perfrui sapientia increata est bene vive-
275 621 1244 667 re. Et primo de doctrina christia. Summa
284 663 1223 723 mercens est amore inherere deo. Quarto mod
274 724 1245 780 accipitur iste terminus beatitudo pro delectatione
283 781 1242 835 vel gaudio quod consequitur visionem dei claram. et
279 827 1227 896 sic loquitur Augustinus x. confels capitulo xiiii. Itam vita quitur
285 896 1238 955 pe est gaudium de veritate. Quinto modo accipi
283 1220 1256 1285 xviii secundum quendam modum quotandi. uvbi dicit quod
272 940 1235 1001 tur beatitudo pro aggregatione ex omnibus const
275 1005 1232 1059 tuentibus beatitudine. et sic loobtur Ioetius tertio
285 1059 1236 1125 de consoes. dicens quod batitudo est status bonorum
291 1113 1242 1179 omnim aggregatione perfectus. Sexto modo loquitur
287 1176 1242 1227 Anselmus libro suo de betitudinibus ii de concor capitul
295 1275 1236 1347 btitudo est sufficientia copetentium commodor
294 1339 1242 1396 sine omni indigentia. et haec descriptio plus mihi
295 1388 1238 1465 placet. hoc enim omnes homines accipiunt communiter-
296 1460 1244 1524 quod beatus est qui habet omne commodum quod sibi competere
290 1506 1253 1571 potest. sic ergo septem modis accipitur batitudo:
297 1558 1239 1636 pro deo: pro bene esse: pro visione dei: pro fruitio-
300 1615 1241 1676 ne dei: pro delectatione consequente: pro statu perfecto
297 1667 1249 1731 omnim bonorum: et pro sufficientia competentiv com
303 1725 1247 1787 modorum. Secundo iuxta illud sic formo hic
294 1780 1239 1851 aliquis conclusiones breviter. Et primam est. quod
310 1836 1239 1898 visio dei per essentiam non est beatitudo hominis:
299 1891 1245 1949 hoc probo quadrupliciter. Primo sic. cum
302 1948 1258 2012 visione dei per essentiam stat indigentia multo
299 2003 1253 2059 rum commodorum quae homo naturaliter appetit. stat
293 2067 1253 2118 enim cum visione dei clarissima pena sensus ma
293 2108 1256 2180 xima. sicut patuit in christo de facto. similiter mor-
306 2164 1250 2227 talitas: timor: poena. Secundo quia cum visionem
302 2220 1262 2283 dei clarissima stat tristitia: vel saltem carentia
293 2275 1251 2347 guadii cuiuslibet delectationis de potentia
306 2342 1248 2404 dei absoluta. Cuius probatio ess: quia delecta-
303 2386 1263 2455 tio est alia res a visione et posterior: quia a vi
305 2444 1259 2507 sione nata est causari. Tertio. quia deus potest vi
305 2500 1257 2563 sionem conservare: adnihilando dne gaudium in
302 2563 1259 2623 creatura vidente deum: sive sit angeius: sive sit
305 2612 1260 2675 homo. Quarto sic. cum clarissima visione der
299 2675 1253 2731 stat odium dei in vidente: si deus velit coage-
307 2730 1259 2795 re: ergo etc. Antecedens patet. nam posito quod deus
297 2791 1266 2843 essentiam suam ostenderet damnato: continuando
311 2836 1265 2898 in eo actum odiendi deum. tunc patet possibilitas
314 2891 1271 2947 assumpti. Secunda conclusio est: quod fruitio dei
299 2939 1265 3013 non est perfecta hominis beatitudo. Patet hoc pro-
305 3003 1271 3059 pter idem: quia cum fruitione dei stat multiplex
297 3052 1266 3119 indigentia et insufficientia eorum quae homo na-
298 3108 1271 3171 itus e appetere deordinate. Nam christus sum
1292 211 2259 274 me deo fruebatur: et tamen habuit indigentiam
1285 276 2255 332 multorum commodorum. Similiter secundum Augustinum Paulus
1295 323 2252 381 et Mo vses fruebantur deo: et tamen neuter eorum
1289 380 2250 440 habuit secum securitatem de beatitudine: nec
1283 443 2255 494 de immortalitate futura: quae sunt duo val
1292 488 2247 548 de appetibilia ab homine: ergo beatitudo non
1288 555 2256 605 consistit praecise in visione et in fruitione dei nec
1285 605 2264 660 in illis convenientibus: quia beatitudo excludit
1288 660 2253 715 omnem indigentiam competentium commodorum. et
1292 725 2250 772 cum fruitioe dei quae est quaedam operatio animae:
1290 772 2256 827 stat multiplex indigentia corporis et anime
1337 831 2251 883 Secundo patet idem: quia animae quae iam sunt beatem:
1288 892 2247 951 non sunt liberate ab omni indigentia compe-
1289 939 2271 1003 tentium commodorum: nec etiam angeli et tamen illi-
1302 996 2260 1059 deo fruuntur: et eum vident immediate. De anima
1288 1052 2254 1115 bus patet secundum Augustinum xii super Denm capitulo vii et al-
1301 1108 2253 1171 legat magister iiii i distintione xlitr capitulo v Aine inest
1308 1160 2250 1238 quidam appetitus corpus administrandi: quo
1295 1221 2255 1283 retardatur quodammodo ne pergat tota inte
1299 1275 2254 1339 tione in summum bonum: donec ille appetitus
1285 1332 2257 1394 conquiescat. De angelis per eandem rationem
1293 1388 2246 1451 dici potest quod appetunt adimpletionem nume-
1295 1460 2265 1506 ri praedestinatorum. et tunc augebitur eorum
1291 1503 2262 1563 beatitudo vn secundum istud nec anima christi nec
1304 1563 2271 1629 angeli nec aliqua creatura est adhuc perfe
1295 1622 2267 1676 cte beata: quia nulla creatura habet adhuc suffi-
1295 1667 2262 1732 cientiam omnim commodorum competentium. Ter-
1296 1732 2262 1787 tia conclusio est: quod gaudium vel delectatio de
1305 1780 2268 1836 deo viso non est beatitudo perfecta. Proba
1296 1836 2264 1891 tur per idem medium: quia cum tali gaudio stat in-
1314 1891 2271 1956 digentia competentium commodorum ipsi gaudem
1297 1948 2271 2003 ti patet de facto de christo. Mo vse et Paulo.
1359 2003 2271 2066 Quarta conclusio est: quod beatitudo aliquo
1301 2062 2252 2115 istorum trium modorum accepta non est finali
1310 2123 2262 2184 praemium iusti viatoris. hoc probatur sic. illud so
1313 2171 2262 2238 ium est finale praemium iusti hominis: quod ponit
1314 2228 2259 2283 eum in statu in quo habeat sufficientiam omnim
1313 2290 2274 2339 commodorum sine vlla indigentia alicuius com
1317 2334 2286 2396 modi sibi competentis: sed nullum preaemissorum trium:
1310 2397 2287 2451 nequam visio: neque fruitio: neque delectatio vel
1317 2444 2279 2511 gaudium de deo est huiusmoni: vt probatum est. Prae
1314 2500 2271 2573 terea repugnat homini quod sit viator: et praemietur
1317 2556 2281 2619 finaliter praemio totali: sed quodlibet istorum et
1313 2614 2280 2692 omnia fuerunt de facto in viatoribus patet de chri
1317 2659 2268 2723 sto Mso vse et Paulo. ergo etc. Quinta conclu
1314 2724 2256 2787 sio est: quod batitudo secundm descriptionem Ioeti
1308 2780 2265 2837 accepta non est finale praemium hominis vel ange
1316 2837 2277 2899 li. Patet hoc: quia talis beatitudo non convenit nisi
1331 2892 2271 2955 deo. Cuius probatio est: quia inter illa bona quo
1317 2955 2262 3011 rum aggregationem vocat beatitudinem: enume-
1319 3005 2272 3059 rat summam potentiam: quae non potest convenire
1328 3056 2268 3115 nisi deo. ibidem etiam concludit quod batitudo est di-
1326 3109 2286 3187 vinitas: et quod omnis beatus est deus per participatio
