2550 3300
249 203 1223 259 potest enim conuenienter responderi sortem vel lapi
257 260 1218 316 dem. Et ideo obiectum visionis dicitur res visa
284 308 1224 369 Ad primum argumentum dicendum est quod tota
263 356 1219 438 ista ratio fundatur super falsam imaginatio
260 420 1219 483 nem: quo ponit quod non est aliqua propositio men-
260 467 1222 539 talis: nisi illa quae est similitudo propositionis voca
251 524 1222 606 lis vel scripte. Unde ponit unam propositionem falsam:
252 588 1227 650 et super illam sibi ipsi concludit et nulli alteri. Unde
254 643 1228 706 negata hac propositione: omnis propositio mentalis est na
257 700 1215 773 turalis similitudo vocalis vel scripte: quae no
246 747 1225 819 hil valet. destruitur totum fundametum dicto
241 813 1216 884 rum suorum. Quod autem illud sit omnino contra rationem patet
254 855 1219 939 per Aristoteles i. peri hermenias. qui ponit propositionem
247 924 1215 987 componi ex naturalibus conceptibus et naturali
252 974 1207 1056 bus significationibus. Item hoc patet ex Augug.
257 1027 1216 1099 xv de trinia capitulo xii in fine. De visione scientiae
257 1089 1213 1149 visio cogitationis exoritur. quod est verbum
257 1145 1212 1210 lingue nullius: verbum verum de re vera. et posi
248 1213 1209 1278 ea in eodem li. Dignitur tamquam verbum necessa-
246 1259 1218 1315 rium quod nullius lingue sit taquam scientia de scia
254 1316 1209 1378 etc Et xxvii capitulo de paruis. Perueniendum est igitur
241 1372 1212 1434 ad illud verbum hominis: ad verbum rationalis ant
251 1427 1201 1491 mantis: ad verbum non de deo nate: sed a dec
249 1482 1213 1547 facte imaginis dei: quod nequam est prolatum in so
248 1540 1211 1603 no: neque cognitum in similibus quod alicuius
248 1588 1207 1665 lingue esset sic: sed omnia quaecumque significantur
239 1648 1222 1706 si significatio praecessit et gignitur: dicitur scina quae
252 1709 1221 1763 manet in animo quand eadem scia inveniridicitur sicuti
249 1764 1209 1819 est. idem habetur capitulo xxxiiii. et consequenter per totum librum
245 1811 1205 1876 Et Anselmus monoli. in multis locis. Ad secundum
254 1868 1212 1939 de puero dicendum quod format complexum per pha
257 1930 1212 1994 tasiam. sicut bruta non perfecte. Et sic patet idem
249 1980 1219 2052 de coruis et agnis sicut participant de pruden
245 2036 1209 2099 tia secundum Aristoteles i. Metaphy ita concedendum est
256 2100 1209 2163 quod componunt et dividiunt et formantr propositio
253 2148 1223 2202 nes non mentales: sed imaginatas. Contra
270 2196 1219 2271 secundum articulum arguitur idem socius: qui quidem
262 2258 1227 2308 articulus est talis: quod liberum arbitrium non
266 2309 1215 2370 sufficit ad determinandum intellectum hominis ad
253 2377 1223 2428 actum credendi: ita quod praecise non credat ali-
256 2428 1217 2483 quis aliquam propositionem esse veram: quia vult
266 2481 1221 2538 credere eam esse veram. Et ad istum intellectum
260 2535 1218 2595 dixi quod non est in libera potestate hominis cre-
263 2592 1222 2650 dere articulos fidei: sic quod solum imperium
263 2649 1215 2707 voluntatis sufficiat ad causandum actum f
257 2704 1214 2763 dei: sed actus fidei qui est credere: causatur
260 2767 1218 2830 ab aliquo alio quam a voluntate: sicut actus opr
257 2809 1224 2875 nandi vel sciendi. vnde sicut nullus opinatur ali
258 2875 1224 2931 quid esse verum praecise: quia vult sic opinari
258 2926 1215 2979 ita nullus credit aliquid esse verum praecise
263 2981 1224 3035 quia vult credere illud esse verum. et ideo di-
263 3036 1228 3093 xi quod non est in libera potestate hominis crede
269 3093 1230 3163 re articulum fidei esse verum quanod placet sibi:
1272 204 2250 267 et credere esse falsum quanod sibi placet. Unde
1277 267 2238 328 consequenter ad ista dixi quod potest probabiliter dici quod
1280 317 2247 385 homo non libere credit articulos fidei: sed
1283 363 2250 436 necessitatur ad credendum quando credit: licet in-
1280 425 2240 482 bono fidei concurrat gaudium vel delectatio
1278 483 2249 539 sive applausus mentalis de eo quod credit. Et
1277 532 2247 594 ideo loquendo uniformiter: similiter conce
1269 603 2247 663 ditur quod homo necessitatur ad sciendum quod trian
1277 647 2253 715 gulus habet tres per demonstrationem. Codem igi
1275 713 2248 763 tur modo loquendi concedo quod homo fidelis ne
1272 770 2250 819 cessitatur ad credendum quod deus est trinus et unus:
1274 826 2237 871 et ad testimonium multorum hominim quos repu
1271 869 2238 931 tat fide dignos: necessitatur homo adcredendum
1272 929 2225 987 dictum quod ipsi testificantur esse verum. Sed con
1265 989 2246 1043 tra illud arguit idem socius sic. Cua libere
1275 1044 2238 1113 credidit diabolo dicenti: eritis sicut dii scien
1271 1100 2244 1154 tes bonum et malum. Oentio. iii. igitur in potestate sua
1260 1156 2241 1211 fuit non credidisse: sed qua ratione libere cre-
1274 1215 2244 1267 didit dictum diaboli: potest quilibet homo credere
1267 1267 2232 1338 dictum dei. ergo in potestante cuiuscumque hominis est quod
1260 1317 2241 1379 libere credat articulos fidei. Primum ante-
1269 1380 2252 1436 cedens probatur: quia si eua non libere credidit sed
1261 1435 2235 1491 necessitata: ergo necessario peccauit. consequens fal
1271 1488 2238 1565 sum sicut patet. Confirmatu haec ratio: quia ipsa
1275 1539 2240 1603 pene sciuit quod deus dixerat oppositum: et scivit
1271 1604 2231 1659 quod deus fuit maioris auctoritatis quam diabo
1265 1652 2243 1715 lus. Secundo sic secundum aplistum. Iaio iiii abraam
1275 1716 2240 1770 meruit solo actu crededi. vnde aplus allegat
1272 1767 2242 1826 scripturam ODeni xvii dicente. Credidit Abraam
1271 1827 2251 1883 deo: et reputatum est ei ad iustitiam. et infra. di
1268 1883 2244 1953 cimus enim quia reputata est Abrae fides ad iu
1269 1930 2248 1988 stitiam. vnde vult quod ante circumcisionem fuit iu-
1265 1987 2238 2050 stus per solam fidem. et accepit circumcisionem sicut
1264 2045 2251 2100 signaculum: non sicut causam iustitiae praecedentis. sic
1262 2100 2240 2161 ut dicit etiam magiter sentio libro iiii dit i tunc potest
1268 2155 2246 2207 argui sic. Omnis actus quo homo meretur est li
1274 2209 2250 2267 ber: per actum credendi homo meretur: ergo actus ille est li
1274 2259 2241 2323 ber id est libere elicitus. Tertio sic. si aliquid
1277 2324 2240 2379 compelleret aliquem ad credendum : hoc maxime
1273 2371 2240 2435 dicendum est de miraculis: sed multi viden-
1281 2436 2250 2498 tes minacula non crediderunt: igitur miraculem.
1278 2492 2261 2551 non necessitant ad credendum. Quarto: quia
1275 2547 2232 2603 aliquam apostatant a fide: vel igitur hoc faciunt
1281 2604 2229 2660 voluntarie: et tunc credunt oppositum mere libe
1274 2651 2244 2715 re: quod est propositum: quia salte libere credunt fal
1281 2707 2239 2772 sum: vel faciunt hoc non libere sed necessita
1269 2772 2230 2835 ti: tunc non peccant: et sic hereticiet aposta-
1269 2828 2229 2891 te a fide tunc non peccarent. Quinto sic. tu
1265 2883 2240 2947 qui opinaris quod homo non libere credit: sed ne
1281 2941 2245 3002 cessitatus: aut credis hoc per rationem aut per
1269 2988 2229 3052 auctoritatem: neutrum poteris invenire: igitur
1274 3043 2245 3107 non credis hoc. Sed propiter istas rationes iste soci
1280 3100 2235 3186 us reuerendus tenet quod mere libere homo cxes
