2550 3300
252 220 1221 274 mam bonum: vel tantum bonum quantum tenetur dec
264 268 1236 323 velle. Dico quod per errorem vel ignorantiam invici
266 315 1226 380 bilem homo potest meritorie frui creatura quaecumque
269 372 1226 435 Unde ad argumenta. Ad primum quando arguitur
269 429 1234 491 ille fruitur diabolo: igitur diligit diabolum pro
273 492 1222 555 pter se. dico quod antecedens est distinguendum: eo quod
259 540 1235 603 frui potest accipi primo modo vel secundo modo. Si pri
266 595 1229 659 mo modo: antecedens est falsum: et consequentia est bona. Si se
263 652 1233 715 cundo modo: antecedens est verum et concessum a me: et consequentia
257 715 1241 771 non valet sicut patet: quia non sequitur Ioannes vult
253 763 1233 835 Iacobo summum bonum: igitur Ioannes dili-
266 819 1226 889 git Iacobum propastur se. Et quando arguitur: quocumque
257 881 1229 940 accipiatur frui: ur secundum Augustinum quod trui vtendis est
269 931 1242 986 pversitas summa. Ad probao. dico quod non: sed
275 984 1229 1051 scienter vtendis frui sive primo modo sive secundo
273 1041 1227 1124 modo: est parversitas et peccatum non autem frui secundo
267 1095 1233 1174 modo aliqua quo vti debet. Ad secundum quando quaeritur super
273 1157 1230 1222 posito quod Ioannes per errorem fruatur secundo mo
270 1212 1227 1275 diabolo quem putat esse christum dico quod mere
267 1268 1236 1330 tur. et quando dicitur: ergo est in charitate: concedo consequentiam
266 1324 1239 1395 et consequens. Et quando dicitur diligit diabolum super omnia: ergo
263 1381 1242 1451 peccat mortaliter. Potest dici negando consequentiam
281 1441 1246 1499 quia dilectio ista excusatur per errorem invincibilem
278 1491 1234 1555 in intellectu. Ad tertium quando dicitur quod talis er
272 1556 1242 1611 ror non excusaret eum in casu posito: quia error
273 1604 1236 1667 in articulis fidei nullum excusat. Potest di-
263 1660 1236 1723 ci quod immo in quobusdam articulis errans ex sim
272 1723 1238 1778 plicitate non peccat mortaliter. sicut si vetu
262 1772 1238 1827 la ex simplicitate crederet aepo suo praedican
267 1828 1229 1883 ti errorem circa aliquem articulum subtilem: talis
267 1890 1227 1954 non incurrit haeresim: sicut patet xxiiii qui iii quo
269 1939 1236 1994 in ecclesia. Similiter error quo talis errat: non e
272 1988 1232 2059 contra articulum fidei: immo stat talis error cum fide
263 2059 1233 2115 cuiuscumque articuli. et quando probatur quod sic: quia iste
259 2101 1234 2158 credit diabolumn esse deu: haec est distinguen-
269 2162 1232 2226 da secundum modum antiquum loquendi quod actus cre-
272 2215 1239 2276 dendi potest denotari transire in dictum vel in rem
269 2268 1240 2325 dicti: eodem modo quo solet haec distingui: ango
276 2324 1238 2379 los canere auditur a te. si per istam Ioannes cre-
267 2385 1235 2440 dit diabolum esse deum: denotetur quod actus cne
266 2444 1239 2497 dendi transeat in dictum: sensus est: haec est cre-
268 2491 1238 2547 dita a Ioanne: diabolus est deus. Si vero deno
270 2549 1250 2611 tetur quod actus credendi transeat in rem dicti: sensus
272 2604 1243 2659 est quod actus credendi transeat in propositionemscu
276 2652 1236 2715 ius subiectum supponit pro re qui est diabolus
270 2715 1236 2772 cuiusmodi est ista: iste est deus: demonstrato
278 2768 1238 2827 diabolo sic figurato: modo bene stant simul quod ali-
272 2836 1242 2899 quis credatur istam: iste est deus: et tamen quod credat
281 2881 1235 2939 mnem articulum fidei. Similiter posito quod christus
276 2931 1245 2995 dimisisset hunanitatem quam accepisiet de vir-
276 2995 1243 3054 ginechumanitate illa iam adulta: et latuisset
267 3044 1245 3108 hoc beatam virginem: certum est quod ipsa illum vt fi
275 3095 1234 3180 lium suum adorasset adoratione latrie: et per consequens
1296 214 2274 275 credidisset esse deum: et optasset sibi summum
1290 269 2266 325 honorem: et formasset tales affectiones menta-
1289 326 2258 392 les: diligo te propitur te: fruor te: licet errasset. et per
1292 380 2267 435 tales actus erroris tantum meruisset quantum me
1288 427 2259 491 ruit per affectiones ex notitiis veris et non erro
1299 487 2264 548 neis. Ad glomi. istius decreti dico quod habet intelli
1289 543 2264 611 gi de errore non invincibili. Ad quartum di
1285 611 2252 659 com quod talis non est dubius: sed credens determ
1289 660 2256 723 nate: licet erret. Sed contra dicta superius in applicam
1285 724 2254 779 do distinctionem de frui ad propositum: adhuc
1301 766 2253 827 potest argui quatuor mediis: quo solui possunt ex prae
1290 821 2243 882 dictis vel aliter: sicut placebit studenti. A
1299 882 2252 955 guo primo sic. quod casu illo posito scilicet quod si Ioan
1292 944 2252 1009 nes credat diabolum transiatum esse deum: quod tunc
1295 996 2256 1075 diligit eum proptur se: et ifruitur eo primo modo accipi
1293 1047 2256 1114 endo frui. Nam proponatur ista Ioanni stante ca
1299 1108 2263 1163 su: an Ioannes fruitur isto demonstrato diabo
1293 1164 2262 1220 lo: et accipiendo frui primo modo: certum est quod
1290 1220 2271 1285 Ioannes concederet istam: igitur licet in casu homini
1290 1276 2266 1338 assentire talibus propositionibus: fruor te: diligo
1295 1340 2272 1409 te proptur te: adoro te proptur te: opto beatificari per
1287 1396 2268 1451 te: et te esse rectorem gaudeo: quia tu es deus: de
1292 1444 2264 1499 mostrata pura creatura: sed omnes istae actiones
1299 1502 2258 1564 videntur ese fruitiones primo modo capiendo frui
1295 1556 2253 1618 igitur primo modo licet in casu frui creatura.
1325 1612 2261 1674 Praeterea: diligat idem Ioanm. postea deum con
1288 1668 2270 1724 similibus affectionibus omnino: tunc arguitur sic
1288 1724 2264 1784 consimilibus affectionibus omnino et aeque intense et
1286 1781 2262 1835 tantum bonum optando dilexit iste prius diabo
1289 1831 2266 1891 lum sicut modo diligit deum: sed nunc vere fruitur
1292 1890 2261 1962 deo: ergo vere prius fruebatur diabolo: primo modo
1290 1947 2256 2015 accipiendo ly frui. Praeterea videat aliquis
1283 2004 2264 2059 alius puta sortes diabolum sic transfiguratum: et
1286 2068 2251 2115 credat eum esse diabolum stante Ioanne in sua
1290 2116 2256 2171 opinione: deo permittente ipsum errare: comminam
1293 2172 2260 2227 te sorte Ioanni quod occidet eum si adoret eum: com
1299 2220 2268 2283 scientia Ioannis dictat sibi quod debet eum adorare
1296 2283 2268 2353 ponatur igitur quod sortes eum occidat pro illa ido-
1295 2334 2261 2391 lolatria: quaerit an Ioannes damnabitur: apparet
1289 2390 2267 2451 quod non: quia error fuit invincibilis: nec tenebatur
1295 2443 2271 2499 conscientiam deponere. ista igitur conscientia erro-
1286 2507 2261 2555 nea obligauit eum. Similiter adorauit eum propter
1289 2556 2279 2611 deum: putans se praestare obsequium deo. Prae-
1283 2618 2243 2675 terea quaero an possibile sit aliquem veraci
1296 2666 2262 2731 ter committere idololatriam: probatur quod non: vel
1283 2730 2253 2786 credit illud quod adorat esse deum vel creaturam
1296 2779 2256 2844 si deum: igitur intendit adorare deum: sed intentio
1293 2834 2262 2899 format actum: igitur non est idololatra. Similiter si
1296 2889 2253 2955 sic credit: et est error invicibilis: tenetur sic fa
1295 2940 2253 3001 cere. si non credat illud esse deum: igitur non
1283 3000 2259 3059 adorat corde sicut deum. igitur non vere colit
1293 3051 2249 3120 idolum. igitur non committit vaciter idololatram
1284 3108 2243 3179 sed fictae. igitur. non contingit aliquem veraciter
