2550 3300
287 198 1223 259 pus immediate ante instans a fuit malus.
281 253 1223 314 sit illud tempus b. Et arguitur sic. In b sunt
282 310 1223 366 diversae partes proportionabiles: ergo in aliqua
281 362 1223 422 parte ipsius b est bonus. ergo per totum b non
290 418 1230 475 fuit malus. ergo si fuit malus in prima me
275 474 1224 532 dietate b temporis: sequitur quod fuit bonus in alia
287 529 1223 589 medietate post illam. Et eodem modo convenit
285 586 1230 646 arguere quod non fuit finaliter bonus. Praeter
282 640 1224 702 ea sortes intendit actum meritorium usque ad in
275 697 1217 757 stans a: in quo moriatur. et arguitur sic. Iste in
278 756 1229 810 tedebat libere actum meritorium per totam horam:
275 809 1223 870 ergo non est dare maximum gradum meriti quem
281 865 1226 924 ipse habuerit. ergo cum praemium debeatur secundum
275 924 1217 982 gradum maximum: et nullus fuit gradus ma
282 978 1217 1036 ximus in sorte: quia quocumque gradu dato / post
285 1035 1221 1093 ea habuerit maiorem: sicut faciliter per casum
279 1094 1215 1150 deduceretur: ergo deus nesciet eum praemiare digne.
323 1152 1226 1207 Praeterea. sint duo homines sortes et plato:
275 1206 1229 1261 et mereantur per unam horam aequaliter: cuius ultimum
281 1263 1221 1317 instans sit a. et moriatur sortes in a. et vivat
272 1321 1226 1374 plato ulterius: sed non mereatur plus. isto ca
276 1377 1217 1429 su posito quaero an sortes et plato eodem modo praemia
272 1431 1217 1483 buntur an non: Si inaequaliter: cum plato non de
285 1489 1227 1540 beat habere minus aliqua ratione: sequitur quod ha
270 1543 1220 1596 bebit plus. Quod non debet habere minus manife
279 1599 1226 1651 ste apparet: quia aequaliter meruit: et diutius fu
273 1655 1209 1709 it in gratia. Si diceretur quod plus habebit de prae
267 1711 1211 1761 mio: quaero utrum praemium platonis tunc excedit
279 1765 1217 1821 praemium sortis in indivisibili an in divisibi
267 1819 1217 1873 li: Si in indivisibili: ergo pro instanti correspon
272 1875 1211 1929 det praemium divisibile. ergo qui in infinitis in
284 1931 1223 1986 stantibus meretur: foret dignus praemio infinito. et
282 1987 1214 2040 sic per consequens quicumque mereretur per aliquod tempus:
272 2044 1217 2096 foret dignus praemio infinito. Similiter aequale prae
275 2098 1220 2151 mium correspondet isti tempori et instanti. nam capio
284 2152 1214 2204 meritum platonis in tempore aliquo: quod sit b. et
276 2209 1211 2261 excessum meriti quem tu dicis eum habere ul
278 2263 1220 2314 tra sortem pro illo instanti a praecise: quem ponis
278 2319 1211 2373 excessum divisibilem qui sit c. tunc quaero utrum b
270 2376 1199 2428 est aquale c an non: si sic: habeo propositum quod
281 2429 1217 2484 aequale praemium correspondet platoni pro instan
282 2486 1220 2539 ti sicut pro certo tempore dato. si b non est aequale
281 2541 1214 2598 c: nec est minus: constat: quia sic meritum elicitum
281 2598 1217 2652 in instanti excederet meritum elicitum per tempus ab
275 2654 1214 2709 eodem conatu: ergo est maius. sed certum est quod
279 2708 1220 2764 non est maius nisi in proportione finita. Sit
287 2764 1206 2818 gratia exempli quod in triplo sit b maius c. vo
284 2821 1217 2873 lo tunc quod plato eliciat unum actum vel unum
278 2878 1220 2925 meritum in tempore in triplo minoris boni
290 2931 1223 2980 tatis quam est b. ergo illud meritum est aequel c.
288 2985 1226 3034 et tamen erit elicitum in tempore. ergo temporale meritum et in
293 3039 1223 3091 stantaneum erunt aequalia. Praeterea. suppono
297 3101 1224 3157 quod circumstantia bona finis diminuat peccatum.
1295 199 2246 241 Sint ergo duo homines scilicet sortes et plato: et
1299 253 2223 295 pono quod sortes occidat patrem suum gratis /
1292 306 2253 349 nullum bonum finem intendendo: et occidat plato
1302 361 2229 403 patrem suum propter bonum rei publicae. Isto po
1296 417 2235 460 sito probo quod sortes peccat peccato infinitae ma
1301 471 2244 514 litiae intensivae. Et arguo sic. sortes committit
1289 529 2228 570 peccatum in infinitum gravius platone: ergo com
1298 586 2231 626 mittit peccatum infinite malitiae. Antecedens
1289 640 2232 682 probo: quia sortes peccat in triplo gravius quam
1289 697 2231 738 plato: quia si sortes peccaret propter finem in du
1298 754 2225 795 plo minus bonum quam sit finis intentus a pla
1296 810 2229 850 tone: adhuc in duplo peccaret gravius pla
1286 865 2228 907 tone. et nunc peccat gravius quam tunc: quia constat quod
1290 923 2241 964 nullum bonum finem intendit: ergo peccat nunc
1286 977 2231 1023 plus quam in duplo gravius quam plato. Eadem ratio
1301 1037 2243 1080 ne probo quod in quadruplo peccat gravius: quia si
1293 1094 2238 1135 consimilem actum illi quem modo facit / faceret pro
1283 1151 2240 1192 pter finem in quadruplo minus bonum quam sit finis
1292 1208 2229 1249 nunc intentus a platone: adhuc in quadruplo
1292 1264 2234 1306 gravius peccaret platone. sed nunc peccat gra
1286 1320 2232 1363 vius quam tunc faceret: ergo nunc peccat in quadru
1296 1378 2229 1419 plo gravius. Et sic potest argui de quacumque
1292 1431 2232 1474 proportione finita. Et tunc arguitur sic. Peccat
1295 1488 2244 1530 in duplo gravius: et in triplo: et in quadru
1280 1545 2231 1587 plo: et sic in infinitum: ergo committit peccatum infini
1296 1600 2235 1645 tae malitiae intensivae: quod est propositum. Prae
1280 1657 2228 1698 terea arguo sic. Velle occidere duos homines
1281 1712 2235 1755 est peccatumalicuius gravitatis. ergo velle occi
1274 1767 2228 1810 dere quatuor est peccatum quadruplae gravitatis
1281 1824 2238 1866 ergo velle occidere infinitos est peccatum infinitae
1287 1879 2222 1921 malitiae intensivae. Praeterea. velle peccare
1289 1935 2219 1978 per duos dies est gravius quam velle peccare per
1286 1988 2229 2032 unum diem tantum. ergo velle peccare per infinitum tempus
1284 2043 2219 2089 est in infinitum gravius quam velle peccare per
1287 2098 2217 2145 unum diem tantum. ergo si sortes vult peccare per
1287 2157 2222 2200 tempus infinitum: committet peccatum infinitae mali
1283 2209 2210 2254 tiae sive gravitatis. Praeterea arguitur sub
1293 2267 2226 2310 hac forma. velle peccare per tempus infinitum est
1274 2324 2225 2366 gravius quam velle peccare per unum diem tantum. ma
1275 2378 2226 2423 nifestum est. quaero tunc utrum in infinitum gra
1284 2434 2229 2475 vius: an in aliqua certa proportione: Si in
1278 2487 2217 2533 infinitum gravius: habetur propositum. Si in
1278 2544 2231 2590 aliqua certa proportione: detur illa: et sit gratia
1275 2600 2225 2647 exampli centupla. et tunc arguitur sic. pe
1274 2657 2229 2703 re per duos dies est gravius quam per unum tantum:
1271 2713 2220 2760 et per quatuor quam per unum vel duos tantum. ergo sic adden
1275 2769 2213 2818 do numerum dierum erit devenire ad aliquam
1275 2825 2213 2871 multitudinem dierum finitam: per quam velle pec
1278 2881 2217 2924 care est in centuplo gravius quam velle peccare
1275 2934 2226 2979 per unum diem tantum et tamen cum non sit gravius per
1290 2987 2240 3034 te velle peccare per tempus infinitum quam velle pec
1274 3042 2214 3088 care per unum diem tantum in centuplo: sequi
1283 3107 2235 3151 tur quod velle peccare per tempus infinitum non est
