2550 3300
293 247 1211 291 grauius quam velle peccare per certum nume-
293 301 1238 342 rum dierum. consequens falsum. Praeterea committens
293 355 1241 399 peccatum ebrietatis / committit peccatum infinitae
287 409 1232 459 grauitatis: quia ex vna ebrietate possent contin
296 466 1226 513 gere mala infinita: sed non minus peccat
303 522 1232 565 ebrius si non contingant: quia quantum in
299 580 1236 621 eo est contingerent. ergo peccat modo peccato
293 634 1238 678 infinito. Confirmatur ista ratio: quia tot mere
300 690 1230 733 tur ebrius increpationes vel poenas: quot
300 744 1236 787 peccata sequuntur ex ebrietate. Unde philosophus
293 801 1226 843 iii. Ethicorum capitulo v Ebrius si in tali ignorantia
294 855 1233 898 commiserit flagitium: tunc non excusatur: sed me
302 912 1233 955 retur duplices increpationes. vnam propter
302 968 1230 1011 ebrietatem qua factus est ignorans: et aliam pro
309 1023 1233 1066 peccato ex illa ignorantia commisso: quia dicens eius
309 1079 1239 1123 fuit id est habuit in sua potestate inebriari. ergo
308 1137 1241 1177 si ex ebrietate sequuntur vitia infinita: debe
303 1191 1230 1233 ret puniri poena infinita intensiue. Sed non
306 1247 1235 1291 minus peccat modo: licet non sequantur: quia
305 1305 1233 1347 quantum in eo est / causam praestitit vt sequantur
365 1359 1241 1404 Praeterea: ponatur quod sortes iuret quod reue
305 1415 1239 1461 labit platoni omne peccatum quod faciet citra a in-
305 1471 1230 1518 stans omittendo vel committendo. ponatur er
312 1529 1232 1577 go quod statim deueniat ebrius: et quod non reue
309 1586 1243 1626 let platoni ante a. tunc arguitur sic. sortes iu-
306 1638 1241 1684 rauit quod reuelaret platoni omne peccatum omit-
312 1692 1242 1740 tendum vel committendum a se ante aa et ipse fu-
314 1749 1229 1794 it ebrius ante a. et illud peccatum on reuela
303 1807 1233 1849 uit platoni. ergo ante a fuit periurus. ergo sor-
311 1861 1239 1903 tes ante a omisit vel commisit aliquod pecca-
305 1915 1235 1957 tum aliud ab ebrietate. et illud fuit secun-
308 1971 1238 2014 dum peccatum non reuelatum platoni ante a. ergo sor
308 2028 1227 2068 tes ante a fuit periurus pro illo secundo peccato non
309 2082 1224 2127 reuelato. ergo ante a iterum fuit periurus pro
305 2137 1241 2178 illo secundo periurio et per idem probatur quod fuit tertio
308 2189 1229 2234 periurus: et sic in infinitum. ergo ante a pecca
306 2245 1242 2289 uit peccatis infinitis: et meruit poenam infinitam
318 2298 1238 2344 intensiue. Decimo ad principale. si volun-
321 2353 1229 2401 tas etc. tunc potest elicere actum suum in instanti
320 2408 1236 2457 vel in tempore libere sicut sibi placeret. consequens est
317 2464 1236 2514 falsum: quia nihil prohibet: nec est ibi aliqua
323 2520 1232 2571 resistentia. ergo statim sequitur actio. Ista
321 2576 1232 2628 consequentia patet iiii physicorum commento lxxi alibi iii phy
318 2630 1235 2683 sicorum commento v. Secundo quia si voluntas non possit
326 2687 1241 2740 velle de nouo nisi in tempore: sequitur quod homo exi-
312 2745 1235 2797 stens in aliquo peccato / necessario erit postea in
315 2801 1229 2852 peccato per tempus: quia necessario antequam eliciatur actus
323 2854 1238 2907 contritionis: erit tempus lapsum: et toto illo
317 2908 1229 2958 tempore est in peccato: ergo velit nolit est in peccato.
371 2960 1241 3014 Tertio. si voluntas non potest libere velle in
317 3012 1226 3067 instanti: sequitur quod christus non meruit in primo
318 3071 1226 3124 instanti suae conceptionis consequens falsum: quia secundum
312 3134 1235 3184 magistrum iii sententia distinctione xviii. A principio suae
1290 252 2242 291 conceptionis habuit summum meritum. Quar
1302 300 2230 349 to: quia aliter christus non esset subito in altari
1289 354 2232 402 consequens est falsum: consequentia probatur: quia vel est ibi de
1292 409 2228 457 nouo volendo: vel non volendo. si volendo: et non
1299 465 2231 511 potest velle nisi in tempore: sequitur quod prius fuit ibi
1296 522 2231 571 quam voluit: vel prius voluit ibi esse quam fuit: quorum
1299 576 2226 627 vtrumque est inconveniens. Quinto: quia tantae po
1295 631 2232 684 tentiae est virtus libera sicut virtus naturalis:
1302 687 2226 736 sed virtus naturalis habet operationem in instanti
1302 745 2232 793 ergo etc. Maior patet: et confirmatur per Augustinum de li-
1296 798 2225 850 bero arbitrio capitulo iii Nihil est tam in nostra po-
1296 855 2232 906 testate quam ipsa voluntas: ea enim prorsus nul
1293 913 2234 961 lo interuallo et mox vt volumus praesto est. Minor
1296 969 2232 1020 patet: quia luminosum corpus agit subito. sicut patet
1308 1023 2232 1075 vi physici commento xxxii. Et in de sensu et sensa-
1293 1078 2226 1131 to. Sexto: quia intellectus intelligit subito.
1295 1135 2234 1189 ergo voluntas potest velle subito. consequentia patet:
1296 1191 2237 1242 quia voluntas est potentia ita activa et ita im-
1298 1248 2237 1297 materialis et ita potens: nec habet maiorem resi-
1298 1303 2234 1354 stentiam. Antecedens probatur iii de anima commento xxiiii vbi
1299 1359 2244 1411 dicit philosophus et commentator quod intellectio est
1301 1416 2235 1467 actio perfecta: et fit in non tempore: et non praecedit
1310 1473 2228 1528 ipsam actio determinata. Septimo: quia xii
1304 1528 2235 1581 metaphysica commento iii Uoluptas delectatio vel volun
1307 1582 2222 1635 tas sequitur apprehensionem sicut vmbra corpus:
1310 1636 2225 1693 sed delectatio non est sine volitione: ergo volitio
1298 1693 2241 1753 sequitur apprehensionem in eadem mensura. Octa
1307 1752 2231 1807 uo: quia visio fit subito: igitur et volitio. Antecedens
1299 1806 2235 1864 patet iii de anima commento xviii ubi dicit commentator
1304 1861 2240 1920 quod sentire est perfecta actio et sine tempore: et abs-
1308 1917 2237 1978 que hoc quod eam praecedat actio determinata. Et
1305 1971 2231 2032 infra intendit declarare causam propter quam in
1296 2025 2235 2088 telligit sine tempore: pari ratione ergo etiam volitio fit
1298 2081 2228 2142 in non tempore. Confirmatur: quia quandocumque animal videt
1311 2137 2232 2199 voluntas copulat virtutem visiua cum obiecto:
1305 2193 2235 2256 quia aliter animal non videret. sicut dicit Augustinus
1296 2250 2243 2311 ii de trinitate per totum Et ii de libero arbitrio capitulo viii Sed
1308 2304 2247 2368 voluntas non compulat aliqua nisi per actum suum:
1295 2360 2231 2421 ergo quandocumque animal videt: habet actum
1299 2416 2232 2474 suum. Et ita si visio fit in instanti: volitio erit
1302 2472 2235 2532 in instanti. Nono: quia aliquod agens na-
1305 2529 2234 2590 turale agit subito: sicut corpus luminosum
1305 2583 2232 2644 secundum commentatorem. vi physicorum commento
1304 2643 2225 2701 xxxii. igitur voluntas multo magis agit su
1295 2698 2231 2758 bito. Decimo arguitur sic. si volitio non
1299 2755 2231 2815 posset esse nisi in tempore: sequeretur quod diabolus
1299 2809 2234 2872 peccauit quando fuit obduratus: et sic nunquam li
1295 2863 2222 2923 bere peccauit. consequentia patet: quia diabolus
1299 2920 2222 2976 postquam peccauit: non mansit per aliquod tem-
1298 2971 2237 3030 pus sine obduratione: quia tunc potuisset
1293 3025 2237 3085 penituisse: vel igitur peccauit in primo instan
1298 3084 2220 3142 ti: quia si in tempore: ergo sua mala voli-
1289 3145 2235 3208 tio non habuit primum instans: quia dura
