2550 3300
308 228 1259 304 cordia ca. xviii ubi distinguit de aequiuocatio
309 281 1260 355 ne huius nominis voluntas: quod accipitur pro instru
305 340 1259 412 mento volendi affective vel appetitive: vel
318 395 1254 471 iustrumentaliter pro vsu ipsius instrumenti. qui
306 451 1259 523 vsus instrumenti non est sine actuali cogni-
311 508 1260 574 tione illius obiecti respectu cuius diceretur: sic-
306 563 1266 637 ut frequenter replicat in eodem capitulo. Et
302 615 1254 682 de eode usu dicit de libero arbitrio. ca. vii.
320 674 1258 739 Uoluntas (inquit) quam voco instrumentum vo-
305 726 1257 800 lendi: vna et eadem est sempr: quicquid velimus: il-
318 782 1256 852 la vero quae opus eius est causa multiplex ex
319 835 1251 913 quam mmlta et quam saepe volumus. Uoluntas vero
321 892 1257 964 quia est affectio: est duplex. Una ad volendum
318 946 1253 1012 commoditatem: alia ad volendum rectitudinem
314 1004 1249 1075 sicut visus secundum eum habet plures appetitio
312 1058 1259 1131 nes ad videndum. Et haec affectiones sunt si-
306 1118 1257 1187 ne actuali cognitione obiecti. Unde in homine
308 1171 1265 1237 dormiente visio est affectio iustitiae etiam si ni
312 1229 1250 1298 hil somniet. et hec affectio est rectitudo. haec
314 1283 1262 1355 autem duae affectiones consociantur ipsi volunta
321 1340 1260 1405 ti a deo: sed affectio iusti est separabilis a
322 1394 1263 1459 voluntate: affectio commodi non. Similiter af
313 1451 1260 1516 fectio iusti est maior et minor in diuersis:
324 1507 1261 1579 sed affectio commodi non. Istis positis An-
321 1563 1257 1627 selmus diffinit libertatem de libero arbitrio
323 1616 1265 1694 c. iii. dicens. Iam ergo clarum estde libero arbitrio
319 1676 1270 1747 quod non est aliud quam arbitrium liberum potens serva
320 1731 1258 1807 rerectitudinem. Et paulo post. Omnis liber-
320 1787 1251 1851 tas est potestas voluntatis servandi recti
327 1843 1260 1914 tudinem. De qua voluntate probat quod deus non
326 1899 1260 1963 potest ab ea aufere rectitudinem de libe. arbi
321 1948 1260 2018 trio c. vi alias. viii. Contra istam diffinitionem
326 2003 1260 2081 est ilunioi iii de libe arb. c. iii vbi Augu. in-
317 2059 1254 2134 quirit quid est esse in potentia voluntatis: et di-
326 2115 1256 2187 cit sic. Optime et voluntas clamat neminem
326 2172 1254 2243 posse sentire aliquid esse in potentia nostra: nisi
333 2220 1257 2295 quod cum volumus facimus. Et retractationum
329 2281 1250 2348 lib. ii. c. i Non dicimus esse in potestante nostra nisi
328 2329 1256 2408 quod cum volumus fit. Ubi prius et maxie est ipsum
325 2387 1269 2467 velle sine quocumque intervallo temporis presto est
323 2443 1263 2523 ipsa voluntas cum volumus: vide ibidem. Ergo
326 2499 1266 2579 secundum Augutinum isti termini convertuntur habere ali
324 2555 1256 2628 quid in potestate nostra: et posse facere illud cum vo0
329 2612 1245 2683 lumus. sed rectitudinem non possumus fa
323 2668 1260 2742 cere cum volumus ergo. Praeterea iste affe
324 2724 1257 2796 ctiones videntur poni supersive aliae res a vo-
323 2779 1250 2851 luntate. nam posita sola voluntate saluan-
316 2837 1256 2910 tur omnia quae saluantur per eas. nec experien
320 2892 1255 2961 tia nec rotio / nec auctoritas scripturae tales
317 2941 1245 3023 res distinctas a voluntate ponit. ergo fru-
320 2994 1248 3076 stra ponutur. Confirmatur per exemplum suum
326 3051 1251 3131 de instrumento videndi. dicit enim quod aliam
318 3107 1239 3187 habitudinem habet ad videndum lucem:
1312 228 2264 300 aliam ad videndum colores: et aliam ad videndum
1305 291 2263 364 figuras: sed maifestum est quod nulla res requi
1308 340 2257 413 ritur alia ab instrumento videndi: scilicet po-
1307 393 2268 473 tentia visiva et organo bene disposito: ergo nec
1311 452 2256 522 in voluntate. Praeterea si rectitudo volun-
1310 507 2250 572 tatis sit affectio iusti: et illa est alia res ab
1312 563 2250 637 ipsa voluntate: ergo naturaliter separabi-
1312 619 2256 696 lis ab ipsa voluntate. ergo deus potest eam
1307 676 2255 751 separare vel auferre ab ipsa voluntate quod
1302 731 2267 804 est contra Anselmum. de libero arbi. c. viii. consequen
1310 784 2257 860 tia patet: quia omnem rem potest deus ausferre ab alia
1308 843 2253 915 que non est pars etc. sed in de concordia c. vi
1320 898 2256 976 Aliud est voluntas: aliud rectitudo qui recta
1305 951 2252 1031 est. Si dicatur quod non potest ipsa invita. Contra
1304 1011 2262 1083 si voluntas velit habere ipsam rectitudi-
1308 1067 2261 1139 nem: tunc sunt haec tria: scilice voluntas / instru-
1308 1123 2264 1199 mentum /et oprus eius affectio. certum est quod affe-
1307 1179 2252 1251 ctio que est opus eius: non impedit deum
1314 1236 2262 1307 quin possit adnihilare affectionem. Praeter
1317 1285 2255 1363 ea affectio ita per eum intenditur in iusto
1317 1347 2267 1424 Accipio ergo aliquem in quo est affectio mul-
1307 1403 2265 1476 tum intensa: et peccet iste mortaliter. non potest
1317 1460 2265 1536 dici quod vnicus aetus peccati corrumpat to-
1308 1515 2269 1588 tum istum habitum: quia nullus unus actus potest
1311 1572 2269 1641 corrumpere habitum: sicut quidam dicunt: et
1317 1625 2269 1700 satis verisimile est quod habitus intensus non
1326 1676 2262 1755 potest statim corrumpi: alias sicut habemus in
1307 1735 2267 1811 nostra potestate operationes facere: ita haberemus
1320 1795 2275 1861 privationes et habitus. consequens est falsum. et
1320 1848 2263 1930 contra Arist. iii. Ethi. Et sic dicatur quod si aliquis
1311 1902 2269 1980 peccet mortaliter actu: quod totus habitus acquisi
1311 1962 2261 2035 tus per mille operationes diminuitur: quia alias
1313 2019 2262 2092 oportet concedere quod rectitudo potest esse in
1305 2074 2247 2143 peccatore damnato si statim moriatur. Prae-
1311 2123 2262 2202 terea illa operatio quae minus imputatur libe
1311 2179 2266 2257 ro arbitrio: non debet poni in diffinitione
1301 2235 2268 2315 liberi arbitru quasi existens in potestante liberi
1313 2290 2269 2363 arbitrii: sed servare rectitudine minus im
1317 2337 2265 2429 putatur libero arbitrio quam gratiae. ergo male
1308 2393 2253 2476 ponitur in diffinitione liberi arbitrii mino
1313 2460 2249 2524 rem probo per eundem Anselmum . de libero arbitrio.
1307 2511 2262 2585 c. xix Uel de conceptu virgi. ubi dicit sic. Nem
1313 2568 2261 2643 pe quamuis illa servetur per liberum arbitrium: non
1311 2620 2265 2702 est tamen tantum imputandumn libero arbitrio quam gratiae
1301 2677 2256 2748 cum rectitudo servatur. Confirmatur ista ratio
1307 2733 2252 2812 quia illud quod liberum arbitrium non potest nis per aliud
1304 2787 2255 2863 a se: non debet dici habere in sua potestate. nec
1313 2844 2248 2917 per talem operationem debet diffiniri: sed liberum
1305 2900 2250 2963 arbitrium secundum eundem ubi prius non servat recti-
1304 2952 2247 3020 tudinem nisi per aliud. Unde dicit Rectitudinem
1305 3003 2244 3086 liberum arbitrium non nisi per gratiam praevenientem et sub-
1308 3060 2247 3140 sequentem habet et servat. ergo praedicta diffinitio non
1292 3115 2253 3203 est conveniens. Praeterea argumenum qui nititur
