2550 3300
257 196 1208 279 probare quod deus non potest auferre rectitudinem
251 261 1217 323 non videt concludere. arguit enim sic de libero
250 326 1214 379 arbitrio capitulo viii deus separat rectitudinem
251 365 1225 426 ab alicuius voluntate: vel hoc facit nolens aut
260 419 1215 486 volens. nolens non: constat. Si igitur hoc facit vo
262 476 1211 539 lens: ergo vult auferre ab ea rectitudinem. et
263 532 1213 604 ultra: ergo non vult eam servare rectitudinem
253 593 1215 651 et ultra: ergo non vult eam velle quicquid vult eam vel
265 645 1215 714 le: quo nihil est impossibilius secundum eum. Istud
260 699 1211 763 argumentum non videtur concludere inconveniens.
270 756 1206 822 Nam conclusio est vna negativa: quae nihil ponit
257 812 1210 868 Unde lapis non vult quod deus vult eum velle: quia
247 868 1206 940 sua opposita est falsa. Accipio ergo aliquem
258 924 1212 991 dormientem: vel aliquem circa quem deus nihil
260 980 1217 1043 velit nisi quod sit homo. Et arguo sic. haec est fal-
251 1034 1215 1117 sa: deus vult istum velle quod vult eum velle: ergo
249 1092 1212 1155 sua opposita est vera id est deus non vult istum
252 1154 1215 1211 velle quod deus vult eum velle: ergo inconveniens
257 1212 1221 1275 ad quod deducit / non est aliquod impossibile. Prae
252 1259 1210 1323 terea. ista consequentia est bona: deus nihil vult sor-
257 1317 1205 1380 tem velle: ergo non vult eum velle quod vult eum
264 1372 1203 1444 velle In secundo articulo ubi quaeritur utrum liber
252 1435 1212 1491 tas sit alia res a voluntate. Antequam ostenda
254 1485 1211 1547 tur: praemittendae sunt distinctiones quaedam qua pro
261 1541 1205 1611 isto et aliis articulis valere poterunt: propter
258 1598 1206 1667 diversos modos loquendi qui in doctorum di
257 1661 1210 1722 ctis inveniutur. Prima ergo distinctio
251 1707 1203 1772 est libertatis: quam magiter sententiarum libro ii dist xxv
252 1764 1202 1827 c. x.  ponit dicens quod libertas est triplex. A
263 1820 1205 1875 necessitate: a miseria: et a peccato. Liberta
261 1875 1209 1931 tem a necessitate vocat ipse libertatem a coa-
268 1932 1209 2001 tione: ideo dicit voluntatem humanam esse liberam
269 1995 1205 2053 hac libertate tam ante peccatum quam post. quia nec
260 2044 1205 2099 tunc nec nunc cogi potest. Libertate a peccato ibi
260 2092 1206 2155 vocat immunitatem a peccato: quia homo potest esse in
248 2152 1196 2220 gratia et mereri. Libertate a miseria vocat
258 2207 1203 2268 privationem vel statum in quo homo potest
261 2259 1211 2315 carere omni nociuo et omni penali. Secunda
253 2315 1206 2377 distinctio. Libertas a necessitate est duplex
248 2371 1211 2436 secundum quod necessitas dicitur dupliciter. Est enim ne
248 2428 1209 2491 cessitas idem quod coactio vel violentia. Et est
245 2485 1202 2539 necessitas idem quod inevitabilitas : sive sit
244 2539 1211 2603 violentum illi respectu cuius est inevitabili
246 2596 1197 2667 tas: sive non. Tertia distinctio quod haec li
258 2653 1200 2722 bertas a coactione est duplex. Nam quaedam di
248 2709 1199 2771 citur libertas indifferentiae: et quidam dicitur li
257 2771 1203 2836 bertas contradictionis. Nec ista verba sunt syno
260 2820 1199 2875 nima: scilicet libertas indifferentiae et contradictionis
254 2876 1197 2931 Nisi omnis libertas indifferentiae est libertas
251 2923 1205 2994 contradictionis: et non econverso. Est enim libertas
257 2983 1205 3051 indifferentiae: quando voluntas ad neutram partem
258 3028 1215 3100 contradictionis inclinatur magis vel determinatur
245 3100 1221 3162 sed libertas contradictionis esse potest: licet ma
1274 195 2235 271 gis ad unam partem determinatur voluntas quam
1268 256 2228 325 ad aliam. sicut aliquis habituatus ad orandum
1271 318 2230 371 certo tempore / est in potentia contradictionis ad ora-
1266 371 2238 435 dum et ad non orandum: sed non in potestate indiffe
1261 420 2239 475 rentiae: immo invenit se magis promptum seu in
1274 475 2242 530 clinatum ad orandum quam ad non orandum. Et sic
1267 540 2225 599 proprie loquendo nullus virtuosus nec vitio
1263 596 2232 658 sus est liber libertate indifferentiae ad ope
1259 652 2226 706 randum virtuose vel vitiose propter determi
1266 700 2236 763 nationem habitus virtuosi vel vitiosi secundum na-
1263 752 2232 827 turam. Si quis tamen vti voluerit istis terminis
1252 805 2232 869 tamquam sydnonimis: hoc est idem: sed improprie.
1319 860 2223 923 Quarta distinctio est ista. quod homo aliquid li
1268 924 2219 985 bere facere dicitur dupliciter. Uno modo vere
1269 972 2235 1035 Alio modo interpretative. Uere libere dicitur ali
1264 1028 2226 1094 quid fieri: quando aliquid positivum pracedit ipsum quod
1253 1100 2235 1152 fuit in hominis potestate. Et hoc dupliter. Uno
1263 1145 2242 1211 modo per deliberationem et collectionem vel
1264 1203 2222 1266 compositionem rationis: quando vel soli vel cum
1265 1268 2231 1323 aliis consiliamur. Alio modo per habitum
1265 1316 2232 1385 prius acquisitum: propter quem non requiritur
1266 1379 2217 1439 deliberatio nostra. Et ideo dicit Aristoteles quod
1268 1430 2231 1496 in repentinis maxime operamur per habi
1255 1485 2238 1554 tum. iii. Ethicorum. Unde etiam sine actuali cogni
1265 1547 2222 1603 tione multa facimus quae nobis imputan-
1269 1592 2238 1659 tur: vel sunt ex habitu vel consuetudine ma
1268 1661 2232 1721 gna. Et certe si sint virtuosa: laudamur. et
1256 1717 2226 1772 si mala: vituperamur. Unde et talia dicun
1259 1772 2232 1833 tur voluntaria: et libere a nobis fieri: quia
1265 1828 2229 1886 principium et generatio istorum habituum no
1265 1869 2235 1933 bis debet imputari. Interpretative dicitur
1267 1939 2231 2004 homo libere facere aliquid: quando delibera
1263 1989 2238 2051 re potest: et habet deliberationem in sua po-
1257 2043 2235 2099 testate: et non deliberat: sed ad determinatam
1255 2100 2228 2165 partem assentit naturaliter: vel ex impetu
1259 2155 2229 2217 consuetudinis. Dico autem naturaliter quan
1263 2204 2230 2268 do voluntas ex omissione deliberattonis
1253 2267 2223 2323 causat actum suum modo nature: non modo
1250 2316 2226 2380 rationis. Istis distinctionibus positis:
1263 2372 2218 2435 dico quod libertas quantum ad rectitudinem
1252 2436 2226 2499 quam principaliter importat: et  pro qua sup
1257 2487 2232 2557 ponit: quocumque modo accipiatur: est voluntas
1262 2546 2231 2602 in diversis tamen acceptionibus diversa ha
1255 2602 2223 2659 bet connotata. nam libertas a peccato sup
1256 2667 2225 2722 ponit pro voluntate: et connotat eam esse in
1255 2710 2223 2772 gratia. Libertas a miseria connotat eam esse
1247 2772 2220 2835 sine poena. Libertas a necessitate connotat
1256 2818 2218 2878 eam non posse cogi ad actum suum. Libertas
1260 2876 2216 2934 indifferentiae connotat eam non magis incli-
1266 2935 2221 2988 nari ad unum oppositorum quam ad aliud. Li-
1258 2988 2216 3043 bertas contradictionis connotat eam velle
1270 3043 2226 3113 posse utrumque oppositorum. Et sic omnes
1272 3093 2229 3171 isti termini supponunt pro una re quae est vo
