2550 3300
348 219 1297 283 mum sicut minimum. Praeterea. si quacumque
330 276 1297 342 passione stante in sensu / potest voluntas velle
330 327 1296 385 contrarium huius passionis: ergo stante quacumque pas
326 388 1285 450 sione ire vel appetitus: ad motum corporis
329 442 1294 500 in loco potest voluntas impedire talem motum.
326 491 1288 555 consequens falsum. consequentia patet: quia aliter non moveretur
332 549 1293 604 in loco: si voluntas non concordaret appetitui
326 601 1287 666 sensitivo: quia motus localis corporis est
317 659 1286 724 partim a voluntate. Unde appetitus inferior
321 721 1283 771 videtur habere duas operationes: videlicet appe-
324 771 1278 835 tere et movere partes corporis: sicut colligi
318 823 1284 883 tur ex iii de anima de movere versus finem. Et
323 883 1271 947 concordans Anselmus de conceptu virginali capitulo iiii
317 940 1290 995 Si (inquit) de actionibus voluntariis qui iniuste
315 995 1272 1051 fiunt arguitur: menbra et sensus quibus fiunt responde-
311 1052 1284 1107 re possunt. deus nos et potestatem quae in motu nostro est / sub
323 1107 1272 1163 iecit voluntati: vt ad imperium eius non possimus
323 1159 1272 1219 nos non movere et facere quod vult. Ex quo
323 1227 1273 1276 arguitur sic. Membra corporis non possunt non obe
318 1276 1272 1347 dire voluntati quando vult: sed voluntas potest vel
305 1330 1273 1389 le oppositum concupiscentiae vel ire: maxime stan-
317 1387 1269 1451 te concupiscentia vel ira: ergo pro tunc partes non possunt
321 1452 1257 1516 non obedire. ergo non foret maior difficultas quod
321 1495 1272 1563 homo contineret manum stante magno appetitu
305 1556 1275 1627 vindictae: quam quando totaliter est quietatus. consequens
312 1607 1265 1676 falsum et contra experientiam: ergo non est ita facile
324 1676 1264 1731 voluntati velle elicere volitionem contrariam concu
306 1724 1261 1796 piscentiae quando concupiscentia est et quando non est: et per
312 1780 1257 1844 consequens voluntati fit difficultas. Praeterea
305 1836 1269 1891 voluntas non respuit illecebram nisi per volitio-
309 1892 1266 1947 nem contrariam illi: sed voluntas in causando ta
299 1944 1263 2003 lem volitionem / nullam difficultatem patitur in
294 1998 1258 2059 reprimendo passiones: ergo nullam difficul-
303 2059 1254 2115 tatem patitur. consequens falsum. Iste est articulus
304 2109 1260 2163 de necessitate voluntatis: et hic tantum recitatus
303 2163 1254 2224 non assertus. Quartus articulus est inqui
302 2228 1248 2275 rere an voluntas sit potentia activa an pas-
309 2276 1258 2340 siva. Et in hoc articulo dico quod voluntas est
309 2332 1260 2395 activa et passiva respectu suae operationis.
296 2395 1254 2460 Est activa: quia eam efficit saltem sicut causa par
308 2452 1254 2506 tialis. Passiva: quia eam in se recipit sicut sub-
308 2499 1248 2578 iectum. Istam conclusionem suadeo sic quantum
304 2565 1264 2623 ad primam partem. Aristoteles iii ethiorum capitulo iiii diffinit
310 2619 1253 2694 voluntarium sic. Uoluntarium est cuius prin-
310 2679 1258 2755 cipium est in ipso operante principio scien
306 2732 1261 2795 te singularia in quibus est operatio. In qua
304 2780 1257 2855 diffinitione excludit duo quae causant invo
311 2836 1247 2899 luntarium: videlicet violentiam et ignorantiam.
311 2891 1256 2955 Violentiam excludit per hoc quod dicit. Cuius
308 2947 1250 3008 principium est in ipso. Ignorantiam excludit
309 3006 1250 3059 per hoc quod dicit: in ipso sciente singularia.
312 3060 1254 3123 Quaero igitur an loquatur de principio acti-
315 3117 1252 3187 vo: an de passivo tantum: Si secundo modo:
1337 228 2302 286 non excludit violentum: nam in eo quod violen-
1337 283 2304 343 ter patitur: est principium passivum. Planum est
1340 340 2300 388 ergo quod loquitur de principio activo disposi-
1337 387 2311 451 to et sufficienter approximato. Item sic. Non
1344 444 2304 507 est in potentia principii passivi pati et non pa
1341 500 2296 573 ti ab obiecto activo praesente et sufficienter ap-
1331 561 2301 619 proximato. Si ergo voluntas esset potentia
1338 620 2305 675 passiva tantum: non foret in potestate sua velle et
1340 667 2295 731 non velle obiecto praesente. consequens falsum: quia sic
1334 725 2295 787 periret omnis libertas. Praeterea Augustinus xii
1338 776 2293 858 de civi. Omnis actio erit involuntaria cuius prin-
1333 839 2302 898 cipium non est in operante. Si igitur volitio non
1338 889 2286 955 haberet principium activum in homine: volitio
1335 947 2292 1016 foret involuntaria. Praeterea si sic: meritum
1337 1011 2297 1067 et demeritum non forent in potestate voluntatis:
1329 1069 2316 1138 consequens falsum. Praeterea si sic: tantum reciperet
1326 1125 2306 1175 et non ageret: et per consequens non peccaret: quia pati
1330 1180 2304 1236 malum non est peccatum sive malum: et pati iniustum
1323 1232 2295 1302 non est iniustum. Et Anselmus iii de libero arbitrio Pati
1332 1292 2294 1347 iniustam non est peccatum. Etiam de libero arbitrio Augustinum in
1325 1348 2305 1411 multis locis. Nihil est tam in potestate volun
1328 1396 2288 1459 tatis sicut ipsa voluntas: igitur. Quintus
1326 1459 2286 1531 articulus est inquarere an volitio sit cogni-
1323 1515 2274 1571 tio. Et hic videtur mihi dicendum quod omnis voli-
1320 1572 2280 1633 tio est cognitio complexa: et non econverso. Unde
1320 1627 2283 1691 potest poni quod omnis volitio vel nolitio est quaedam
1320 1684 2290 1746 oratio optativi modi: vel aequalens tali ora
1322 1739 2293 1797 tioni: sicut cum formatur in mente / vtinam habe-
1310 1793 2294 1850 rem hoc: vel hoc fieret: vel consimiles. Tales
1322 1852 2293 1919 autem propositiones mentales: appeto hoc: diligo
1320 1896 2292 1971 hoc: odio illud: non sunt actus exerciti volun
1317 1955 2292 2038 tatis: sed significant actus voluntatis. Impossi
1323 2009 2295 2081 bile est autem quod voluntas feratur in aliquid nisi in
1323 2063 2289 2144 illud quod apparet sibi bonum. sicut dicitur in de
1317 2123 2277 2187 anima capitulo xv. Sextus articulus est inquirere
1313 2187 2275 2243 an delectatio sit alia res a voluntate: et bre-
1316 2236 2280 2299 viter an passiones voluntatis et intellectus sint
1308 2292 2279 2352 res aliae ab operationibus. Et licet multi tene
1313 2349 2274 2421 ant quod non: videtur tamen melius quod sic. hoc enim
1317 2404 2284 2467 multum concordatur processui philosophi et verbis commen-
1314 2460 2272 2536 tatoris. Unde philosophus expresse. ix ethicorum probat quod
1316 2509 2280 2587 delectatio perficit operationem: sicut pulchritu-
1316 2570 2278 2634 do iuuentutem. Unde textus habet. Perficit autem
1310 2632 2288 2690 operationem delectatio: non vt habitus quae inest: sed
1317 2683 2267 2746 supueniens quidam finis: sicut venit iuuenibus
1319 2732 2280 2811 pulchritudo. Ubi exponit Thomas quod formalis
1314 2792 2279 2858 perfectio est duplex. Una intrinseca: quae consti
1320 2855 2276 2916 tuit essentiam rei. Alia quae superuenit in sua spe
1310 2909 2275 2979 cie constituente. Dicit enim quod delectatio per
1302 2956 2277 3020 ficit operationem: non sicut habitus cui
1313 3010 2265 3087 inest. id est. sicut non forma intrans essentiam rei: sed
1316 3061 2269 3148 sicut finis id est quaedam perfectio superueni-
1301 3114 2285 3212 ens: sicut pulchritudo superuenit iuueni-
