2550 3300
356 171 1294 236 Nec valet dicere quod praeceptum est irrationabi
355 221 1299 300 le: quia ingratus foret si haberet cognitionem
349 276 1295 347 dei et vsum liberi arbitrii: nisi amaret deum
356 330 1288 411 quam citissime posset. Secundo circa principale.
356 398 1303 459 Si sic: tunc meritum instantaneum et temporale forent
349 452 1294 523 aequalia ceteris paribus. Probatur consequentia sic. po-
353 508 1303 569 no duos homines qui sunt aequeles in gratuitis et
338 564 1288 627 naturalibus et in conatu voluntatis: et merea
341 616 1288 692 tur unus per instans: et alius per horam. iste secundus ha
341 666 1288 747 bebit plus de merito: et non in infinitum: ergo
347 724 1294 795 suum meritum factum in hora excedit aliud in
350 788 1280 851 aliqua proportione finita. sit gratia exempli quod in
348 836 1287 916 duplo: accipio ergo tertium hominem: et volo quod il
340 884 1290 964 le mereatur in medietate horae: et sit aequalis secun
350 951 1288 1029 do in omnibus. ergo iste meretur subduplum ad secundum
341 1011 1294 1070 et per consequens aequale ad primum. Quod autem meretur sub-
344 1067 1292 1132 duplum patet: quia si primus habuisset interru-
339 1124 1297 1188 ptionem per instans solum: et fuisset possibile me
348 1179 1285 1259 ritum vtriusque medietatis: secundum fuisset aequale
345 1235 1286 1313 merito tertii. Similiter si iste tertius cum aequali co-
350 1292 1291 1371 natu meruisset per totam horam: habuisset aequale
357 1347 1299 1427 meritum cum secundo: ergo nunc habet subduplum
349 1398 1290 1484 Falsitas consequentis patet: quia tunc nihil  pro-
352 1461 1290 1531 desset continuare meritum per tempus. Praeter
346 1516 1287 1588 ea. Si sic: pro peccato mortali unius instantis
354 1572 1294 1651 tantum deberetur una poena: et sic sequeretur quod possi
344 1618 1298 1698 bile esset aliquem angelum tantum peccare: quod deus
344 1681 1283 1763 non posset eum punire. consequentia probatur: quia cum ange
354 1731 1285 1813 lus sit natura finita: erit danda aliqua pe
347 1796 1294 1859 na quam angelus non poterit recipe. sit talis
347 1851 1281 1931 a. tunc inter a et penam debitam angelo pro pec
345 1908 1285 1971 cato instantaneo est aliqua proportio: non in
339 1956 1282 2035 finita. sit ergo quod sit decupla. cum ergo in quo-
346 2019 1290 2083 cumque tempore accepto ille angelus potest in decem
340 2061 1287 2139 instantibus peccare: potest mereri decem tales
350 2124 1288 2196 poenas: et per consequens ipsum a. Praeterea.
340 2184 1275 2252 Continuans meritum vel demeritum per cer-
344 2228 1284 2307 tum tempus haberet praemium vel poenam intensi-
338 2291 1282 2363 ve infinitam: quia sicut merenti pro primo instanti
350 2349 1286 2427 extrinseco debetur aliquod praemium: ita pro quolibet
347 2395 1285 2484 instanti illius temporis. aut ergo pro quolibet de
347 2447 1275 2523 betur aequale: et tunc patet propositu. Aut pro primo
343 2508 1276 2587 instanti debetur maius: tunc accipio medium
350 2556 1283 2643 instans illius temporis: pro hoc debetur ali-
344 2626 1286 2699 quod praemium: ergo pro infinitis quae praecesserunt
344 2676 1278 2755 debentur infinita praemia maiora isto. Si se-
344 2741 1279 2810 cundo modo: tunc pro infinitis omnibus sequentibus
335 2796 1278 2866 illud instans debentur praemia infinita: quo
344 2851 1269 2923 rum quodlibet est maius debito huic instan-
349 2900 1270 2979 ti. Si dicatur ad istam rationem quod pro primo in-
341 2949 1275 3028 stanti tantum debetur praemium: et pro nullo posterio-
351 3003 1279 3083 ri. Contra. sequitur praemium quod inaequaliter me-
342 3067 1282 3147 rentes aequaliter debeant praemiari: posito ca-
1349 184 2322 259 su possibili. pono ergo quod sortes mereatur in
1359 251 2325 314 aliqua hora: et in primo eius instanti: et in vl
1349 301 2313 371 timo similiter: et mereatur plato uniformi-
1352 356 2304 419 ter cum sorte: excepto solo instanti ultimo. quod
1350 403 2302 475 sit c. Tunc arguo sic. aut praemium sortis et prae-
1346 467 2309 545 mium platonis erunt aequalia: vel praemium sortis
1353 524 2310 588 erit maius. Si aequalia: ergo inaequaliter merentes
1356 572 2296 651 habebunt aequalia praemia. Et similiter si male vo-
1344 628 2307 716 luisset plato in c instanti: demeruisset. ergo mo
1344 692 2295 768 do meruit. Si inaequalia: hoc est maius. ergo pro
1353 732 2308 830 c debetur praemium. ergo pari ratione pro quolibet
1347 796 2315 883 instanti posteriori. Praeterea sequitur quod si
1347 859 2294 931 aliquis peccaret venialiter vniformiter per
1347 916 2311 988 tempus in cuius fine mereretur: talis deberet
1337 979 2299 1043 esse in perpetuum in purgatorio: vel habere pe
1347 1027 2296 1099 nam infinitam intensive. Et similiter si peccaret mor
1344 1085 2289 1155 taliter: planum est quod sibi debetur pena infini-
1346 1134 2290 1211 ta intensive. consequens falsum. Octavo restat
1338 1195 2285 1267 movere quaedam dubia contra praedicta. Fuerumt
1343 1252 2293 1323 enim dictae septem conclusiones in septem articu
1342 1299 2290 1385 lis. Prima fuit: quod voluntas est libertas: et
1341 1371 2292 1435 non res addita. Secunda: quod rectitudo volunta
1342 1420 2286 1491 tis est aliquando voluntas. videlicet quando est a volun-
1342 1476 2295 1547 tas scilicet quando voluntas est recta: vel volendo sic-
1346 1539 2297 1612 ut deus vult eam velle. Tertia fuit: quod volun-
1342 1587 2296 1659 tas potest necessitari ad eliciendum actum suum
1343 1652 2289 1730 modo nature: et non libere. Quarta: quod volun-
1344 1701 2293 1772 tas respectu suae operationis est activa et pas-
1328 1758 2289 1828 siva: et non passiva tantum. Quinta: quod omnis volitio
1337 1806 2281 1890 est quidam cognitio conplexa: videlicet oratio opta
1328 1868 2292 1939 tiui modi: affirmatiua vel negatiua. Sex-
1318 1925 2286 1995 ta: quod delectatio non est volitio nec actus
1338 1987 2290 2052 voluntatis quem consequitur: ita quam eadem sit voli
1326 2039 2292 2107 tio primo et non delectatio: et postea consequenter fi-
1326 2098 2286 2161 at delectatio. Septima: quod volitio fit succes
1335 2140 2280 2220 siue et non subito. Circa omnia ista potest merito
1334 2195 2278 2275 quis dubia contemplari: sed quia tempus non sufficit: ar
1325 2259 2277 2330 guo contra quidam istorum tantum. Et primo contra primam
1336 2314 2281 2387 conclusionem probo quod libertas sit res addita
1335 2371 2286 2442 voluntati: per quam voluntas diceretur libera: sic
1333 2427 2282 2499 ut aer dicitur lucidus per lucem. Nam arguitur sic. Li-
1334 2474 2281 2554 bertas suscipit magis et minus: voluntas
1331 2539 2277 2604 non. ergo etc. Antecedens probo. quia voluntas beati est li-
1328 2588 2270 2667 berior quam voluntas viatoris: et liberior est il
1327 2643 2269 2723 la quae peccare nequit: quam illa quae peccare po
1327 2700 2266 2787 test. Unde Anselmus de libero arbitrio Potestas peccan
1321 2764 2272 2836 di addita voluntati minuit libertatem. Et
1331 2812 2271 2891 Augustinus enchi. capitulo ciiii Multo quippe libe-
1324 2876 2282 2935 rius est arbitrium quod omnino non poterit serui
1326 2923 2280 3003 re peccato. Ex quo arguitur sic. Uoluntas non po-
1325 2972 2268 3060 test minui: nec suscipit magis et minus: quia est
1333 3026 2289 3109 substantia animae: sed libertas potest: ut patet ex di-
1340 3091 2266 3172 ctis. ergo libertas non est voluntas. Secundum
