2550 3300
317 203 1272 272 est finita tentatio: intantum poterit intendi: quod
318 262 1272 323 excedet voluntatem respectu nolle. Secundo
326 316 1272 371 etiam probatur: quia voluntas potest confirmari in bo
321 372 1273 427 no: et obstinari in malo. Et de facto ita erit
323 420 1266 483 de omni voluntate creata. igitur omnis voluntas
323 483 1263 547 potest necessitari. Antecedens satis partet: qundom
324 538 1269 595 vt volunt omnes doctores: angelus bonus non
311 594 1257 652 potest peccare: non tamen ex natura: sed ex gratia
316 643 1260 706 dei. Nam vt dicit Augustinus enchiriu capit. xi in fine
321 708 1266 763 Ad mutationem ad malum repugnat grarta
318 763 1260 819 non natura in bonis. Accipio igitur gratiam
319 828 1257 874 que est in mente beati: et volo quod deus po-
317 868 1256 932 nat eam in mente viatoris. Si igitur ista gra-
312 925 1255 988 tia necessitat mentem beati ad bene volendum
320 984 1248 1043 et mentem istius viatoris necessitabit. Conse-
317 1040 1251 1108 quentia patet: quia omnia sunt paria: quia ponitur
325 1100 1253 1162 quod mentes sint aequalis virtutis. Tertio ar
317 1163 1256 1219 guo sic. pono quod deus aliquam voluntatem
321 1219 1260 1270 ponat in maximam poena. quo facto: aut vo
312 1268 1255 1330 luntas talis potest eam velle: aut necessitatur ad
308 1329 1269 1395 eam nolendam. Si primum: igitur voluntas potest
317 1377 1268 1434 facere quod illud affictivum non foret sibi pe
307 1434 1242 1491 nale: et sic homo existens in maximo igne
309 1491 1258 1551 posset facere per suam voluntatem quod non foret
312 1548 1266 1604 sibi poenalis. Ista consequentia patet per Anselmum de
320 1610 1257 1674 conceptu virginali capitulo iiii Nihil est penale
315 1660 1260 1714 alicui: nisi quod est contra voluntatem eius. Si
317 1708 1245 1779 secundum: habeo propositum: quod est dare aliquod ob
317 1779 1254 1827 iectum per quod voluntas necessitabitur ad nolen-
311 1818 1248 1875 dum vel respuendum si sibi offeratur. Consirmar
321 1878 1249 1939 ista ratio: quia si omnem penam potest voluntas acce
319 1938 1251 1995 ptare: ipsa potest velle damnari aeternaliter: et
310 1988 1254 2043 similiter nolle beatitudinem. Consequens est fal
311 2043 1254 2099 sum. Enchirium . c. iiii. Neque culpanda erit
307 2099 1248 2155 voluntas. Aut voluntas libera non est dicen-
311 2163 1254 2210 da qua beati esse sic volumus: ut esse miseri
316 2209 1258 2281 non solum nolimus: sed nec prorsus velle pos
320 2260 1256 2323 simus. Quarto sic: habitus diminuit de
320 2316 1266 2371 indifferentia voluntatis. nam habitus volun
318 2371 1260 2435 tatem inclinat modo naturae determinate ad
321 2426 1257 2491 consimilem operationem illis per quas generabatur
327 2482 1263 2552 ergo intensior habitus intesius inclinat: ergo
323 2539 1256 2598 cum voluntas in sua indifferentia sit virtutis et
316 2598 1257 2670 potentiae finitae: est invenirem habitum quae neces-
314 2660 1265 2715 sitaret voluntatem cum notitia obiecti: et aliis
314 2708 1261 2771 circumstantiis extrinsecis requisitis. Confit
323 2764 1262 2826 matur ista ratio per beatum Augustinum viii de confes ubi vl
321 2823 1256 2882 detur dicere quod in malis hominibus ex consuetu-
311 2879 1269 2949 dine parversa vivendi generatur unus habitus:
318 2932 1263 2994 qui necessitat hominem ad male vitioseque vi-
321 2981 1266 3043 uendum. dicit enim sic. Velle meum tenebat ini-
308 3043 1271 3099 micus: et inde mihi catenam fecerat: et con
305 3095 1269 3162 strinxerat me. Quippe ex voluntate parversa
1331 204 2284 267 facta est libido: et dum seruitur libidini: facta
1335 259 2290 323 est consuetudo. et dum consuetudini non resistitur:
1328 316 2298 379 facta est necessitas. haec ille Et nota quo-
1325 372 2291 428 modo dicitur in principio auctoritatis. Uel
1325 428 2291 483 le meum tenebat inimicus. Et post panca.
1327 483 2288 549 Uoluntas autem noua quae mihi esse ceperat
1328 547 2289 595 vt te gratis colerem: fruique te vellem: deus
1315 595 2292 651 sola certa iocunditas nondum erat idonea ad
1326 652 2286 707 superandam priorem vetustate roboratam. Ita
1313 707 2291 771 duae voluntates mee: vna vetus: alia nova: il
1313 763 2276 819 la carnalis: illa spiritualis consiigebant in-
1316 813 2284 875 ter se: atquam discordando dissipabant animam
1310 883 2279 932 meam. Sic intelligebam in meipso experimento
1310 932 2285 988 id quod legeram: quon caro concupisceret ad-
1322 995 2285 1054 versus spritum: et spiricens aduersus carnem. Ego
1316 1036 2279 1106 quidem in vtroque: sed magis ego in eo quod in me
1311 1103 2274 1156 approbaba: quam in eo quod i eo improbaba.
1332 1156 2271 1224 Ibi enim magis iam non ego: quia ex magna par
1305 1212 2286 1267 te id patiebar invitus: quod faciebam volens.
1319 1268 2282 1323 Sed tamen consuetudo adversus me pugnaci-
1307 1323 2272 1379 or ex me facta erat: quando volens quo nollem par-
1317 1379 2278 1435 veneram. Et quis iure contradiceret: cum peccan-
1312 1438 2273 1506 tem iusta poena sequeretur: Item iuxta finem capi
1316 1497 2274 1548 tuli. Tex enim peccati est violentia consuetudi-
1317 1548 2274 1604 nis: qua trahitur et tenetur etiam invitus animus
1312 1599 2268 1659 eo merito quo in eam volens illabitur. Quin-
1307 1660 2286 1722 to vna complexio magis inclinat ad volendum
1313 1715 2271 1779 aliquod volibile quod alia: sicut cholericus ma-
1313 1772 2273 1846 gis inclinatur ad vindictam pro facili iniuria
1313 1825 2285 1884 quem sanguineus ceteris paribus. Uel aliud
1312 1884 2279 1938 exemplum potest inveniri ad talem gradum intensio-
1310 1939 2276 1995 nis: quod approximatis obiectis cum notitia: et
1311 1995 2280 2051 aliis qui naturaliter requiruntur sive ab extra
1311 2049 2276 2107 sive ab intra: quod voluntas naturaliter et sine
1309 2102 2281 2162 indifferentia vel elective fertur in illa. Confir
1313 2161 2267 2217 matur istud experimento. nam homo in estatela
1314 2211 2270 2267 borans necessitatur bibere velle: et homo fameli-
1320 2273 2280 2324 cus non libere esurit: immo velit nolit non est
1320 2324 2277 2379 in potestate sua non appetere cibum. quia si sic: faci
1322 2375 2270 2435 liter posset homo non esurire et non sitire quando si
1322 2436 2264 2491 bi placeret. consequens falsum et contra experientiam.
1380 2494 2268 2562 Sexto arguitur sic. magnitudo temporis dimi
1317 2545 2267 2603 nuit de reatum quem tentatus meruit si cadat.
1322 2604 2280 2681 ista propositio est evidens. nam ceteris peribus si duo
1322 2660 2278 2727 peccet: vnus ex tentatione ex impugnatione ab ex
1322 2724 2268 2779 trinseco: et alius ex libera electione sola: secundus
1316 2772 2271 2843 gravius peccat. Et hoc assignatur ratio quare peccatum
1328 2827 2265 2897 primi hominis fuit magis remissibile: non autem an
1328 2892 2258 2947 geli Nam homo cecidit per suasionem diaboli: an
1319 2931 2261 3002 gelus autem de spotestanea malitia. Septimo
1316 2988 2258 3058 potest argui: quia tetatio potest excedere voluntate
1320 3044 2256 3107 cum voluntas sit firma. Confirmatur ista ratio per
1321 3109 2275 3180 Preti ix. nmo capitulo iii vbi inquit. Misericors
