<?xml version="1.0" encoding="UTF-8" standalone="yes"?>
<PcGts xmlns="http://schema.primaresearch.org/PAGE/gts/pagecontent/2013-07-15" xmlns:xsi="http://www.w3.org/2001/XMLSchema-instance" xsi:schemaLocation="http://schema.primaresearch.org/PAGE/gts/pagecontent/2013-07-15 http://schema.primaresearch.org/PAGE/gts/pagecontent/2013-07-15/pagecontent.xsd">
    <Metadata>
        <Creator>prov=University of Rostock/Institute of Mathematics/CITlab|PLANET AI GmbH/Gundram Leifert/gundram.leifert@planet-ai.de:name=holcot-sent-m4(htr_id=20243)::::v=2.6.0
prov=University of Rostock/Institute of Mathematics/CITlab|PLANET AI GmbH/Tobias Gruening/tobias.gruening@planet-ai.de:name=de.uros.citlab.module.baseline2polygon.B2PSeamMultiOriented:v=2.6.0
prov=University of Rostock/Institute of Mathematics/CITlab/Tobias Gruening/tobias.gruening@uni-rostock.de:name=/net_tf/LA73_249_0mod360.pb:de.uros.citlab.segmentation.CITlab_LA_ML:v=?0.1
TRP</Creator>
        <Created>2019-01-18T05:12:32.463-05:00</Created>
        <LastChange>2020-01-06T14:36:32.654+01:00</LastChange>
        <TranskribusMetadata docId="116573" pageId="4332661" pageNr="57" tsid="22111754" status="IN_PROGRESS" userId="25065" imgUrl="https://files.transkribus.eu/Get?id=RSHEOPWVCXPYLPKLJULPEJWM&amp;fileType=view" xmlUrl="https://files.transkribus.eu/Get?id=NIXZYDPLWHORCOOLQVZFPBLL" imageId="2465202"/>
    </Metadata>
    <Page imageFilename="057.jpg" imageWidth="2550" imageHeight="3300">
        <ReadingOrder>
            <OrderedGroup id="ro_1578342403806" caption="Regions reading order">
                <RegionRefIndexed index="0" regionRef="r2"/>
                <RegionRefIndexed index="1" regionRef="r3"/>
            </OrderedGroup>
        </ReadingOrder>
        <TextRegion orientation="0.0" id="r2" custom="readingOrder {index:0;}">
            <Coords points="305,211 305,3199 1265,3199 1265,211"/>
            <TextLine id="r2l2" custom="readingOrder {index:0;}">
                <Coords points="318,295 1263,282 1262,237 1190,219 317,240"/>
                <Baseline points="323,284 369,282 416,281 463,281 509,279 556,279 603,278 649,278 696,278 743,276 790,276 836,276 883,276 930,276 976,275 1023,275 1070,275 1116,275 1163,274 1210,273 1257,273"/>
                <TextEquiv>
                    <Unicode>similiter: et per te ces maior b: igitur in proportione</Unicode>
                </TextEquiv>
            </TextLine>
            <TextLine id="r2l3" custom="readingOrder {index:1;}">
                <Coords points="314,354 1248,338 1271,284 314,294"/>
                <Baseline points="320,339 367,339 414,338 461,338 509,336 556,335 603,335 650,333 698,333 745,332 792,332 839,330 887,330 934,330 981,329 1028,329 1076,329 1123,329 1170,329 1217,329 1265,329"/>
                <TextEquiv>
                    <Unicode>finita. sit gratia exempli quod in decupla: creet er-</Unicode>
                </TextEquiv>
            </TextLine>
            <TextLine id="r2l4" custom="readingOrder {index:2;}">
                <Coords points="317,417 781,382 1271,395 1270,336 317,360"/>
                <Baseline points="323,395 370,393 417,392 464,390 511,390 558,389 605,387 652,387 699,386 746,386 794,384 841,384 888,384 935,383 982,383 1029,383 1076,383 1123,383 1170,383 1217,383 1265,384"/>
                <TextEquiv>
                    <Unicode>go deus unam creaturam decuplae bonitatis ad </Unicode>
                </TextEquiv>
            </TextLine>
            <TextLine id="r2l5" custom="readingOrder {index:3;}">
                <Coords points="315,449 1249,451 1259,401 771,388 314,417"/>
                <Baseline points="321,447 367,446 414,446 460,446 507,444 554,444 600,443 647,443 693,441 740,441 787,440 833,440 880,440 926,438 973,438 1020,438 1066,438 1113,438 1159,438 1206,438 1253,438"/>
                <TextEquiv>
                    <Unicode>creaturi datam: igitur illa potest diligi rationa-</Unicode>
                </TextEquiv>
            </TextLine>
            <TextLine id="r2l6" custom="readingOrder {index:4;}">
                <Coords points="325,508 1259,501 1259,454 324,455"/>
                <Baseline points="330,501 376,501 422,500 468,500 514,500 560,498 606,498 653,498 699,497 745,497 791,497 837,495 883,495 929,495 976,495 1022,495 1068,495 1114,495 1160,495 1206,495 1253,495"/>
                <TextEquiv>
                    <Unicode>biliter in decuplo plus quod creatura data: </Unicode>
                </TextEquiv>
            </TextLine>
            <TextLine id="r2l7" custom="readingOrder {index:5;}">
                <Coords points="317,571 1205,570 1266,562 1265,501 316,516"/>
                <Baseline points="323,560 369,560 416,558 463,558 510,557 557,557 604,555 650,555 697,554 744,554 791,552 838,552 885,552 932,552 978,551 1025,551 1072,551 1119,551 1166,551 1213,551 1260,552"/>
                <TextEquiv>
                    <Unicode>sed tantum praecise diligitur deus: igitur est dare aliquam </Unicode>
                </TextEquiv>
            </TextLine>
            <TextLine id="r2l8" custom="readingOrder {index:6;}">
                <Coords points="321,627 1262,619 1261,564 1172,556 321,580"/>
                <Baseline points="327,617 373,615 419,614 466,614 512,612 559,611 605,611 652,609 698,609 745,609 791,608 837,608 884,608 930,608 977,608 1023,608 1070,608 1116,608 1163,608 1209,608 1256,608"/>
                <TextEquiv>
                    <Unicode>creaturam tanta dilectione diligendam a sorte</Unicode>
                </TextEquiv>
            </TextLine>
            <TextLine id="r2l9" custom="readingOrder {index:7;}">
                <Coords points="317,684 1265,675 1264,618 317,634"/>
                <Baseline points="323,671 369,670 416,669 463,669 510,668 557,668 603,667 650,666 697,666 744,665 791,665 837,665 884,665 931,663 978,663 1025,663 1071,663 1118,663 1165,663 1212,663 1259,663"/>
                <TextEquiv>
                    <Unicode>quanta diligi debet deus: sed quacumque creatura </Unicode>
                </TextEquiv>
            </TextLine>
            <TextLine id="r2l10" custom="readingOrder {index:8;}">
                <Coords points="311,743 1219,737 1259,724 1259,684 311,685"/>
                <Baseline points="317,726 363,726 410,725 457,725 504,723 551,723 597,722 644,722 691,720 738,720 785,720 831,720 878,719 925,719 972,719 1019,719 1065,719 1112,719 1159,719 1206,719 1253,719"/>
                <TextEquiv>
                    <Unicode>possibili data: melior est anima christi vel hu</Unicode>
                </TextEquiv>
            </TextLine>
            <TextLine id="r2l11" custom="readingOrder {index:9;}">
                <Coords points="303,784 1188,768 1222,792 1253,777 1253,723 303,750"/>
                <Baseline points="309,782 355,781 402,780 449,779 496,779 543,777 590,777 637,776 684,776 731,776 778,774 824,774 871,774 918,774 965,774 1012,773 1059,773 1106,773 1153,773 1200,773 1247,773"/>
                <TextEquiv>
                    <Unicode>manitas christi secundum Anselmum libo ii. cur deus homo </Unicode>
                </TextEquiv>
            </TextLine>
            <TextLine id="r2l12" custom="readingOrder {index:10;}">
                <Coords points="306,843 1088,828 1182,855 1255,835 1255,787 306,801"/>
                <Baseline points="312,837 358,837 405,836 452,836 499,836 546,834 593,834 640,833 687,833 734,833 781,831 827,831 874,831 921,830 968,830 1015,830 1062,830 1109,830 1156,830 1203,830 1250,830"/>
                <TextEquiv>
                    <Unicode>c. iiii ergo illa est necessario aequaliter diligen</Unicode>
                </TextEquiv>
            </TextLine>
            <TextLine id="r2l13" custom="readingOrder {index:11;}">
                <Coords points="320,907 562,878 656,907 1268,890 1267,843 1152,836 319,844"/>
                <Baseline points="326,893 372,892 419,891 466,891 513,890 560,890 606,888 653,888 700,888 747,887 794,887 840,887 887,887 934,887 981,885 1028,885 1074,885 1121,885 1168,885 1215,885 1262,885"/>
                <TextEquiv>
                    <Unicode>da cum deo. Sexto principaliter. fruitione</Unicode>
                </TextEquiv>
            </TextLine>
            <TextLine id="r2l14" custom="readingOrder {index:12;}">
                <Coords points="306,954 1191,962 1261,947 1260,899 305,915"/>
                <Baseline points="311,948 358,948 405,948 452,948 499,947 546,947 593,947 641,945 688,945 735,945 782,944 829,944 876,944 923,944 971,942 1018,942 1065,942 1112,942 1159,942 1206,942 1254,942"/>
                <TextEquiv>
                    <Unicode>est fruendum: ergo non solum deo. antecedens probatioquia</Unicode>
                </TextEquiv>
            </TextLine>
            <TextLine id="r2l15" custom="readingOrder {index:13;}">
                <Coords points="312,1019 1263,1017 1262,947 788,974 312,956"/>
                <Baseline points="318,1004 367,1004 416,1004 466,1004 515,1004 565,1003 614,1002 663,1002 713,1002 762,1002 812,1001 861,1001 911,1001 960,1001 1009,1001 1059,999 1108,999 1158,999 1207,999 1257,1001"/>
                <TextEquiv>
                    <Unicode>fruitio est diligenda. aut igitur dilectione quae </Unicode>
                </TextEquiv>
            </TextLine>
            <TextLine id="r2l16" custom="readingOrder {index:14;}">
                <Coords points="308,1068 1268,1067 1267,1019 1216,1003 308,1027"/>
                <Baseline points="314,1059 361,1059 408,1059 456,1059 503,1059 551,1059 598,1059 645,1059 693,1059 740,1059 788,1058 835,1058 882,1058 930,1058 977,1056 1025,1056 1072,1056 1119,1056 1167,1056 1214,1055 1262,1055"/>
                <TextEquiv>
                    <Unicode>est ipsamet: vel alia. si ipsamet: ergo dilectione </Unicode>
                </TextEquiv>
            </TextLine>
            <TextLine id="r2l17" custom="readingOrder {index:15;}">
                <Coords points="312,1131 1224,1123 1262,1115 1262,1068 312,1077"/>
                <Baseline points="318,1119 364,1118 411,1118 458,1116 505,1116 552,1116 599,1116 646,1115 693,1115 740,1115 787,1114 833,1113 880,1113 927,1113 974,1112 1021,1112 1068,1112 1115,1111 1162,1110 1209,1110 1256,1109"/>
                <TextEquiv>
                    <Unicode>eadem et aeque intense diligendus est deus e </Unicode>
                </TextEquiv>
            </TextLine>
            <TextLine id="r2l18" custom="readingOrder {index:16;}">
                <Coords points="311,1178 1239,1179 1259,1115 311,1131"/>
                <Baseline points="317,1172 363,1173 410,1173 457,1173 504,1173 551,1172 597,1172 644,1172 691,1170 738,1170 785,1170 831,1169 878,1169 925,1169 972,1167 1019,1167 1065,1167 1112,1167 1159,1167 1206,1167 1253,1167"/>
                <TextEquiv>
                    <Unicode>creatura. ergo si fruitur: fruitur creatura vel</Unicode>
                </TextEquiv>
            </TextLine>
            <TextLine id="r2l19" custom="readingOrder {index:17;}">
                <Coords points="309,1236 1200,1235 1255,1226 1255,1177 309,1179"/>
                <Baseline points="315,1227 361,1227 408,1227 455,1227 502,1227 548,1226 595,1226 642,1226 689,1226 735,1226 782,1226 829,1224 876,1224 922,1224 969,1224 1016,1224 1063,1224 1109,1224 1156,1223 1203,1223 1250,1223"/>
                <TextEquiv>
                    <Unicode>deo. si dilectio vnius est fruitio: et dilectio al</Unicode>
                </TextEquiv>
            </TextLine>
            <TextLine id="r2l20" custom="readingOrder {index:18;}">
                <Coords points="306,1289 1128,1298 1253,1290 1253,1237 305,1244"/>
                <Baseline points="311,1284 357,1284 404,1284 451,1284 498,1283 545,1283 591,1283 638,1283 685,1281 732,1281 779,1281 825,1281 872,1281 919,1280 966,1280 1013,1280 1059,1280 1106,1280 1153,1278 1200,1278 1247,1278"/>
                <TextEquiv>
                    <Unicode>terius est fruitio. Similiter sequitur: fruitione dili</Unicode>
                </TextEquiv>
            </TextLine>
            <TextLine id="r2l21" custom="readingOrder {index:19;}">
                <Coords points="313,1342 1257,1347 1256,1299 1179,1284 1096,1307 312,1300"/>
                <Baseline points="318,1341 364,1341 411,1340 457,1340 504,1340 551,1340 597,1340 644,1340 691,1340 737,1338 784,1338 831,1338 877,1338 924,1338 971,1337 1017,1337 1064,1337 1111,1337 1157,1335 1204,1335 1251,1335"/>
                <TextEquiv>
                    <Unicode>go fruitionem: ergo fruor fruitione: et ultra</Unicode>
                </TextEquiv>
            </TextLine>
            <TextLine id="r2l22" custom="readingOrder {index:20;}">
                <Coords points="305,1419 1259,1403 1259,1355 305,1369"/>
                <Baseline points="311,1400 358,1398 405,1398 452,1397 499,1397 546,1396 593,1395 640,1395 687,1395 734,1395 782,1394 829,1394 876,1394 923,1394 970,1394 1017,1394 1064,1394 1111,1392 1158,1392 1205,1392 1253,1392"/>
                <TextEquiv>
                    <Unicode>ergo fruor creatura. Si fruitio sit diligenda</Unicode>
                </TextEquiv>
            </TextLine>
            <TextLine id="r2l23" custom="readingOrder {index:21;}">
                <Coords points="302,1465 1250,1465 1249,1412 1148,1397 302,1420"/>
                <Baseline points="308,1454 354,1454 401,1454 448,1454 495,1452 542,1452 588,1452 635,1452 682,1452 729,1451 776,1451 822,1451 869,1451 916,1451 963,1451 1010,1451 1056,1451 1103,1451 1150,1451 1197,1451 1244,1451"/>
                <TextEquiv>
                    <Unicode>alia dilectione: ergo ipsa existente erit simul vna</Unicode>
                </TextEquiv>
            </TextLine>
            <TextLine id="r2l24" custom="readingOrder {index:22;}">
                <Coords points="302,1523 1241,1515 1250,1468 302,1476"/>
                <Baseline points="308,1509 354,1509 401,1509 448,1509 495,1509 542,1508 588,1508 635,1508 682,1508 729,1506 776,1506 822,1506 869,1506 916,1505 963,1505 1010,1505 1056,1505 1103,1505 1150,1506 1197,1506 1244,1506"/>
                <TextEquiv>
                    <Unicode>alia dilectio. igitur ponenda est tertia dilectio</Unicode>
                </TextEquiv>
            </TextLine>
            <TextLine id="r2l25" custom="readingOrder {index:23;}">
                <Coords points="305,1574 1244,1571 1256,1524 672,1508 305,1532"/>
                <Baseline points="311,1566 360,1565 409,1565 459,1563 508,1563 558,1563 607,1562 656,1562 706,1562 755,1562 805,1562 854,1562 904,1562 953,1562 1002,1562 1052,1562 1101,1562 1151,1562 1200,1562 1250,1562"/>
                <TextEquiv>
                    <Unicode>qua secunda diligitur: et quarta et quinta: et sinestatu</Unicode>
                </TextEquiv>
            </TextLine>
            <TextLine id="r2l26" custom="readingOrder {index:24;}">
                <Coords points="302,1624 1251,1627 1251,1580 1190,1567 302,1580"/>
                <Baseline points="308,1622 354,1620 401,1620 448,1620 495,1619 542,1619 589,1618 635,1617 682,1617 729,1617 776,1617 823,1616 870,1616 917,1616 963,1616 1010,1617 1057,1617 1104,1617 1151,1619 1198,1619 1245,1620"/>
                <TextEquiv>
                    <Unicode>et sic infinitae dilectiones erunt sil: vel aliquo di</Unicode>
                </TextEquiv>
            </TextLine>
            <TextLine id="r2l27" custom="readingOrder {index:25;}">
                <Coords points="303,1683 1249,1683 1249,1635 1213,1624 303,1629"/>
                <Baseline points="309,1677 355,1676 402,1676 449,1674 496,1674 542,1674 589,1674 636,1673 683,1673 729,1673 776,1673 823,1673 870,1673 916,1673 963,1673 1010,1673 1057,1673 1103,1673 1150,1673 1197,1673 1244,1673"/>
                <TextEquiv>
                    <Unicode>lectio erit non dilecta: quod videtur inconveniens </Unicode>
                </TextEquiv>
            </TextLine>
            <TextLine id="r2l28" custom="readingOrder {index:26;}">
                <Coords points="311,1754 1263,1739 1263,1691 1114,1678 936,1700 311,1683"/>
                <Baseline points="317,1733 364,1733 411,1732 458,1731 505,1731 552,1731 599,1731 646,1731 693,1730 740,1730 787,1730 834,1730 881,1730 928,1730 975,1730 1022,1730 1069,1730 1116,1730 1163,1730 1210,1731 1257,1731"/>
                <TextEquiv>
                    <Unicode>Istud argumentum potest fieri de voluntate et </Unicode>
                </TextEquiv>
            </TextLine>
            <TextLine id="r2l29" custom="readingOrder {index:27;}">
                <Coords points="308,1796 1257,1795 1257,1743 308,1752"/>
                <Baseline points="314,1788 360,1787 407,1787 454,1787 501,1787 548,1787 595,1786 641,1785 688,1785 735,1785 782,1785 829,1785 876,1785 923,1785 969,1785 1016,1785 1063,1785 1110,1785 1157,1785 1204,1785 1251,1784"/>
                <TextEquiv>
                    <Unicode>velle: et potest fundari super hoc quod dicit Anselmus </Unicode>
                </TextEquiv>
            </TextLine>
            <TextLine id="r2l30" custom="readingOrder {index:28;}">
                <Coords points="306,1851 1259,1843 1237,1795 306,1799"/>
                <Baseline points="312,1841 359,1841 406,1841 453,1842 500,1842 547,1842 594,1842 641,1842 688,1841 735,1841 783,1841 830,1841 877,1841 924,1841 971,1841 1018,1841 1065,1839 1112,1839 1159,1841 1206,1841 1254,1841"/>
                <TextEquiv>
                    <Unicode>de libero arbi cac. v. Omnis volens vult suum vel-</Unicode>
                </TextEquiv>
            </TextLine>
            <TextLine id="r2l31" custom="readingOrder {index:29;}">
                <Coords points="311,1913 1251,1915 1251,1849 562,1863 479,1838 368,1885 311,1860"/>
                <Baseline points="317,1899 363,1898 409,1898 456,1898 502,1898 549,1896 595,1896 641,1896 688,1896 734,1895 781,1895 827,1895 873,1895 920,1895 966,1895 1013,1895 1059,1896 1105,1896 1152,1896 1198,1898 1245,1898"/>
                <TextEquiv>
                    <Unicode>le. Consrmatur ista ratio: quia fruente sortedeo: quo </Unicode>
                </TextEquiv>
            </TextLine>
            <TextLine id="r2l32" custom="readingOrder {index:30;}">
                <Coords points="300,1963 1230,1962 1260,1954 1260,1914 299,1916"/>
                <Baseline points="306,1952 353,1952 400,1952 448,1952 495,1952 543,1952 590,1952 637,1952 685,1950 732,1950 780,1950 827,1950 874,1949 922,1949 969,1949 1017,1949 1064,1949 1111,1950 1159,1950 1206,1950 1254,1952"/>
                <TextEquiv>
                    <Unicode>ro an tenetur diligere istam fruitionem sive dile</Unicode>
                </TextEquiv>
            </TextLine>
            <TextLine id="r2l33" custom="readingOrder {index:31;}">
                <Coords points="308,2019 982,2000 1163,2027 1247,2015 1247,1962 308,1972"/>
                <Baseline points="314,2007 360,2007 406,2007 453,2007 499,2007 545,2007 592,2007 638,2006 684,2006 731,2006 777,2006 823,2006 870,2006 916,2006 962,2006 1009,2006 1055,2006 1101,2006 1148,2006 1194,2006 1241,2006"/>
                <TextEquiv>
                    <Unicode>ctionem aequaliter cu deo: an minus vel magis: </Unicode>
                </TextEquiv>
            </TextLine>
            <TextLine id="r2l34" custom="readingOrder {index:32;}">
                <Coords points="302,2075 1102,2083 1244,2067 1244,2013 302,2020"/>
                <Baseline points="308,2063 354,2063 401,2063 447,2061 494,2061 540,2061 587,2061 633,2061 680,2061 726,2061 773,2061 819,2061 866,2061 912,2061 959,2061 1005,2061 1052,2061 1098,2061 1145,2061 1191,2061 1238,2061"/>
                <TextEquiv>
                    <Unicode>si aequaliter: habeo propositum. si magis deum </Unicode>
                </TextEquiv>
            </TextLine>
            <TextLine id="r2l35" custom="readingOrder {index:33;}">
                <Coords points="305,2130 1168,2128 1251,2122 1251,2071 305,2083"/>
                <Baseline points="312,2117 358,2117 405,2117 451,2117 498,2117 545,2117 591,2117 638,2117 685,2117 731,2117 778,2117 825,2117 871,2117 918,2117 965,2115 1011,2115 1058,2115 1105,2115 1151,2115 1198,2115 1245,2114"/>
                <TextEquiv>
                    <Unicode>et ssinus fruitionem: ergo magis tenetur dili</Unicode>
                </TextEquiv>
            </TextLine>
            <TextLine id="r2l36" custom="readingOrder {index:34;}">
                <Coords points="305,2195 1211,2187 1248,2174 1248,2125 305,2139"/>
                <Baseline points="311,2175 357,2174 404,2174 450,2172 497,2172 543,2172 590,2171 636,2171 683,2171 729,2171 776,2171 823,2171 869,2171 916,2171 962,2171 1009,2171 1055,2171 1102,2171 1148,2171 1195,2169 1242,2169"/>
                <TextEquiv>
                    <Unicode>gere deum quam frui deo: sed frui deo est dili</Unicode>
                </TextEquiv>
            </TextLine>
            <TextLine id="r2l37" custom="readingOrder {index:35;}">
                <Coords points="306,2243 1107,2223 1149,2244 1242,2227 1242,2174 306,2195"/>
                <Baseline points="312,2228 358,2228 404,2226 450,2226 496,2226 543,2225 589,2225 635,2225 681,2225 727,2225 774,2225 820,2225 866,2225 912,2225 958,2225 1005,2226 1051,2226 1097,2226 1143,2228 1189,2228 1236,2228"/>
                <TextEquiv>
                    <Unicode>gere deum: ergo magis tenetur diligere deum quam </Unicode>
                </TextEquiv>
            </TextLine>
            <TextLine id="r2l38" custom="readingOrder {index:36;}">
                <Coords points="308,2290 396,2304 500,2268 636,2300 1247,2291 1214,2234 1146,2264 1108,2228 1029,2251 964,2228 308,2244"/>
                <Baseline points="314,2280 360,2280 406,2280 453,2280 499,2280 545,2280 592,2280 638,2280 684,2280 731,2280 777,2280 823,2280 870,2280 916,2280 962,2280 1009,2280 1055,2280 1101,2280 1148,2280 1194,2282 1241,2282"/>
                <TextEquiv>
                    <Unicode>diligere deu: quod includit contradictionem. Co-</Unicode>
                </TextEquiv>
            </TextLine>
            <TextLine id="r2l39" custom="readingOrder {index:37;}">
                <Coords points="308,2347 1250,2346 1221,2285 308,2291"/>
                <Baseline points="314,2337 360,2337 407,2337 453,2337 500,2337 546,2336 593,2336 639,2336 686,2336 732,2336 779,2336 825,2334 872,2334 918,2334 965,2334 1011,2334 1058,2336 1104,2336 1151,2336 1197,2337 1244,2337"/>
                <TextEquiv>
                    <Unicode>firmatur secundo sic. Significet a idem quod istae </Unicode>
                </TextEquiv>
            </TextLine>
            <TextLine id="r2l40" custom="readingOrder {index:38;}">
                <Coords points="306,2404 1248,2411 1248,2356 1172,2347 306,2348"/>
                <Baseline points="312,2396 358,2394 405,2394 451,2394 498,2393 544,2393 591,2393 637,2393 684,2393 730,2393 777,2393 823,2393 870,2393 916,2393 963,2393 1009,2394 1056,2394 1102,2394 1149,2394 1195,2394 1242,2394"/>
                <TextEquiv>
                    <Unicode>terminus deus: et b fruitionem sortis de deo</Unicode>
                </TextEquiv>
            </TextLine>
            <TextLine id="r2l41" custom="readingOrder {index:39;}">
                <Coords points="309,2458 1260,2456 1260,2412 1122,2398 309,2404"/>
                <Baseline points="315,2450 364,2450 413,2451 463,2451 512,2451 562,2451 611,2450 660,2450 710,2450 759,2450 809,2450 858,2448 908,2448 957,2448 1006,2448 1056,2448 1105,2448 1155,2448 1204,2450 1254,2450"/>
                <TextEquiv>
                    <Unicode>tunc arguitur sic. sortes magis tenetur diligere </Unicode>
                </TextEquiv>
            </TextLine>
            <TextLine id="r2l42" custom="readingOrder {index:40;}">
                <Coords points="299,2515 1143,2523 1260,2514 1260,2458 299,2475"/>
                <Baseline points="305,2508 352,2508 399,2508 447,2508 494,2507 542,2507 589,2507 637,2507 684,2505 732,2505 779,2505 826,2505 874,2505 921,2505 969,2505 1016,2505 1064,2505 1111,2505 1159,2505 1206,2507 1254,2507"/>
                <TextEquiv>
                    <Unicode>a quam b: ergo magis tenet velle a esse quam b esse </Unicode>
                </TextEquiv>
            </TextLine>
            <TextLine id="r2l43" custom="readingOrder {index:41;}">
                <Coords points="299,2584 444,2559 1152,2579 1244,2571 1244,2522 298,2517"/>
                <Baseline points="305,2567 351,2566 398,2565 444,2564 491,2564 538,2562 584,2562 631,2562 678,2562 724,2562 771,2562 818,2562 864,2562 911,2562 958,2562 1004,2562 1051,2562 1098,2562 1144,2562 1191,2561 1238,2561"/>
                <TextEquiv>
                    <Unicode>ergo citius deberet velle esse omne illud quod re-</Unicode>
                </TextEquiv>
            </TextLine>
            <TextLine id="r2l44" custom="readingOrder {index:42;}">
                <Coords points="302,2643 1251,2626 1250,2571 301,2584"/>
                <Baseline points="308,2624 354,2622 401,2621 448,2621 495,2621 542,2619 588,2619 635,2619 682,2619 729,2619 776,2619 822,2618 869,2618 916,2618 963,2618 1010,2618 1056,2618 1103,2618 1150,2618 1197,2618 1244,2618"/>
                <TextEquiv>
                    <Unicode>pugnat ad b esse: quam aliquid quod repugnat </Unicode>
                </TextEquiv>
            </TextLine>
            <TextLine id="r2l45" custom="readingOrder {index:43;}">
                <Coords points="307,2691 1168,2692 1253,2683 1253,2636 306,2641"/>
                <Baseline points="312,2679 358,2679 405,2678 452,2678 499,2678 545,2676 592,2676 639,2676 686,2676 732,2676 779,2676 826,2676 873,2675 919,2675 966,2675 1013,2675 1060,2675 1106,2675 1153,2675 1200,2675 1247,2673"/>
                <TextEquiv>
                    <Unicode>ad a esse: sed odium dei repugnat ad b esse: er</Unicode>
                </TextEquiv>
            </TextLine>
            <TextLine id="r2l46" custom="readingOrder {index:44;}">
                <Coords points="305,2752 1109,2749 1259,2739 1259,2691 305,2699"/>
                <Baseline points="311,2739 358,2737 405,2736 452,2735 499,2733 546,2732 593,2732 640,2730 687,2730 734,2730 782,2730 829,2729 876,2729 923,2729 970,2729 1017,2730 1064,2730 1111,2730 1158,2730 1205,2730 1253,2730"/>
                <TextEquiv>
                    <Unicode>go citius debet velle se odire deum quam velle </Unicode>
                </TextEquiv>
            </TextLine>
            <TextLine id="r2l47" custom="readingOrder {index:45;}">
                <Coords points="311,2798 1071,2811 1251,2783 1250,2747 1213,2739 311,2752"/>
                <Baseline points="317,2789 363,2789 409,2789 456,2789 502,2789 549,2789 595,2789 641,2787 688,2787 734,2787 781,2787 827,2787 873,2787 920,2787 966,2786 1013,2786 1059,2786 1105,2786 1152,2784 1198,2784 1245,2784"/>
                <TextEquiv>
                    <Unicode>se odire deum: quod est impossibile: quia tunc de</Unicode>
                </TextEquiv>
            </TextLine>
            <TextLine id="r2l48" custom="readingOrder {index:46;}">
                <Coords points="300,2859 1080,2866 1261,2850 1260,2791 299,2804"/>
                <Baseline points="306,2844 353,2844 400,2843 448,2843 495,2841 543,2841 590,2841 637,2841 685,2841 732,2841 780,2841 827,2841 874,2840 922,2840 969,2840 1017,2840 1064,2840 1111,2840 1159,2841 1206,2841 1254,2841"/>
                <TextEquiv>
                    <Unicode>simul condire deum et non odire deum: quod est </Unicode>
                </TextEquiv>
            </TextLine>
            <TextLine id="r2l49" custom="readingOrder {index:47;}">
                <Coords points="308,2907 1159,2913 1257,2907 1257,2852 816,2848 744,2884 695,2851 308,2860"/>
                <Baseline points="314,2898 360,2898 407,2898 454,2897 501,2897 548,2897 595,2897 641,2897 688,2897 735,2897 782,2897 829,2897 876,2897 923,2897 969,2897 1016,2897 1063,2897 1110,2897 1157,2897 1204,2897 1251,2897"/>
                <TextEquiv>
                    <Unicode>manifeste contradictio. Septimo principali</Unicode>
                </TextEquiv>
            </TextLine>
            <TextLine id="r2l50" custom="readingOrder {index:48;}">
                <Coords points="305,2960 1251,2962 1233,2908 305,2909"/>
                <Baseline points="311,2951 357,2951 404,2951 451,2951 497,2951 544,2951 591,2951 637,2951 684,2951 731,2951 778,2951 824,2951 871,2951 918,2951 964,2951 1011,2951 1058,2951 1104,2952 1151,2952 1198,2954 1245,2954"/>
                <TextEquiv>
                    <Unicode>ter. Aliquid aliud a deo potest satiare appe</Unicode>
                </TextEquiv>
            </TextLine>
            <TextLine id="r2l51" custom="readingOrder {index:49;}">
                <Coords points="318,3011 1257,3018 1257,2964 1123,2954 318,2965"/>
                <Baseline points="324,3005 370,3005 416,3005 463,3006 509,3006 555,3006 602,3006 648,3005 694,3005 741,3005 787,3005 833,3005 880,3005 926,3005 972,3005 1019,3005 1065,3005 1111,3006 1158,3006 1204,3006 1251,3008"/>
                <TextEquiv>
                    <Unicode>titum: ergo aliud a deo potest esse obiectum </Unicode>
                </TextEquiv>
            </TextLine>
            <TextLine id="r2l52" custom="readingOrder {index:50;}">
                <Coords points="320,3067 1256,3062 1256,3019 1179,3008 320,3013"/>
                <Baseline points="326,3060 372,3060 418,3060 464,3060 510,3060 557,3060 603,3060 649,3060 695,3060 741,3060 788,3060 834,3062 880,3062 926,3062 972,3062 1019,3062 1065,3062 1111,3060 1157,3060 1203,3059 1250,3059"/>
                <TextEquiv>
                    <Unicode>licitae fruitionis consequentia probatur per hoc quod bo</Unicode>
                </TextEquiv>
            </TextLine>
            <TextLine id="r2l53" custom="readingOrder {index:51;}">
                <Coords points="305,3130 1256,3131 1257,3061 305,3084"/>
                <Baseline points="311,3119 360,3119 409,3117 459,3117 508,3117 558,3117 607,3117 656,3117 706,3119 755,3119 805,3120 854,3120 904,3120 953,3122 1002,3122 1052,3122 1101,3120 1151,3120 1200,3119 1250,3117"/>
                <TextEquiv>
                    <Unicode>num est: et licet homin illud diligere super omnia quod </Unicode>
                </TextEquiv>
            </TextLine>
            <TextLine id="r2l54" custom="readingOrder {index:52;}">
                <Coords points="308,3203 1137,3203 1257,3186 1257,3136 308,3141"/>
                <Baseline points="314,3186 360,3185 407,3183 454,3182 501,3182 548,3182 595,3182 641,3182 688,3183 735,3183 782,3183 829,3185 876,3185 923,3185 969,3185 1016,3185 1063,3185 1110,3183 1157,3183 1204,3182 1251,3180"/>
                <TextEquiv>
                    <Unicode>potest totum appetitum satiare: quia ad hoc fa</Unicode>
                </TextEquiv>
            </TextLine>
            <TextEquiv>
                <Unicode>similiter: et per te ces maior b: igitur in proportione
finita. sit gratia exempli quod in decupla: creet er-
go deus unam creaturam decuplae bonitatis ad 
creaturi datam: igitur illa potest diligi rationa-
biliter in decuplo plus quod creatura data: 
sed tantum praecise diligitur deus: igitur est dare aliquam 
creaturam tanta dilectione diligendam a sorte
quanta diligi debet deus: sed quacumque creatura 
possibili data: melior est anima christi vel hu
manitas christi secundum Anselmum libo ii. cur deus homo 
c. iiii ergo illa est necessario aequaliter diligen
da cum deo. Sexto principaliter. fruitione
est fruendum: ergo non solum deo. antecedens probatioquia
fruitio est diligenda. aut igitur dilectione quae 
est ipsamet: vel alia. si ipsamet: ergo dilectione 
eadem et aeque intense diligendus est deus e 
creatura. ergo si fruitur: fruitur creatura vel
deo. si dilectio vnius est fruitio: et dilectio al
terius est fruitio. Similiter sequitur: fruitione dili
go fruitionem: ergo fruor fruitione: et ultra
ergo fruor creatura. Si fruitio sit diligenda
alia dilectione: ergo ipsa existente erit simul vna
alia dilectio. igitur ponenda est tertia dilectio
qua secunda diligitur: et quarta et quinta: et sinestatu
et sic infinitae dilectiones erunt sil: vel aliquo di
lectio erit non dilecta: quod videtur inconveniens 
Istud argumentum potest fieri de voluntate et 
velle: et potest fundari super hoc quod dicit Anselmus 
de libero arbi cac. v. Omnis volens vult suum vel-
le. Consrmatur ista ratio: quia fruente sortedeo: quo 
ro an tenetur diligere istam fruitionem sive dile
ctionem aequaliter cu deo: an minus vel magis: 
si aequaliter: habeo propositum. si magis deum 
et ssinus fruitionem: ergo magis tenetur dili
gere deum quam frui deo: sed frui deo est dili
gere deum: ergo magis tenetur diligere deum quam 
diligere deu: quod includit contradictionem. Co-
firmatur secundo sic. Significet a idem quod istae 
terminus deus: et b fruitionem sortis de deo
tunc arguitur sic. sortes magis tenetur diligere 
a quam b: ergo magis tenet velle a esse quam b esse 
ergo citius deberet velle esse omne illud quod re-
pugnat ad b esse: quam aliquid quod repugnat 
ad a esse: sed odium dei repugnat ad b esse: er
go citius debet velle se odire deum quam velle 
se odire deum: quod est impossibile: quia tunc de
simul condire deum et non odire deum: quod est 
manifeste contradictio. Septimo principali
ter. Aliquid aliud a deo potest satiare appe
titum: ergo aliud a deo potest esse obiectum 
licitae fruitionis consequentia probatur per hoc quod bo
num est: et licet homin illud diligere super omnia quod 
potest totum appetitum satiare: quia ad hoc fa</Unicode>
            </TextEquiv>
        </TextRegion>
        <TextRegion orientation="0.0" id="r3" custom="readingOrder {index:1;}">
            <Coords points="1305,214 1305,3211 2289,3211 2289,214"/>
            <TextLine id="r3l2" custom="readingOrder {index:0;}">
                <Coords points="1323,282 2228,291 2295,274 2295,222 2002,249 1737,221 1323,234"/>
                <Baseline points="1329,276 1377,276 1425,275 1473,275 1521,275 1569,275 1617,275 1665,276 1713,276 1761,278 1809,278 1857,278 1905,279 1953,279 2001,279 2049,279 2097,278 2145,278 2193,276 2241,275 2289,272"/>
                <TextEquiv>
                    <Unicode>cti sumus. Unde Augustinus primo confessionun</Unicode>
                </TextEquiv>
            </TextLine>
            <TextLine id="r3l3" custom="readingOrder {index:1;}">
                <Coords points="1316,339 2196,347 2252,339 2252,284 1316,292"/>
                <Baseline points="1322,333 1368,332 1414,330 1460,330 1506,330 1553,330 1599,330 1645,330 1691,330 1737,332 1784,332 1830,333 1876,333 1922,333 1968,334 2015,335 2061,335 2107,335 2153,335 2199,333 2246,333"/>
                <TextEquiv>
                    <Unicode>ca i Fecisti nos dicene ad te: et inquietum es-</Unicode>
                </TextEquiv>
            </TextLine>
            <TextLine id="r3l4" custom="readingOrder {index:2;}">
                <Coords points="1312,394 2255,396 2256,348 1313,349"/>
                <Baseline points="1319,384 1365,384 1412,383 1458,383 1505,383 1551,383 1598,383 1644,384 1691,384 1737,386 1784,386 1831,387 1877,387 1924,389 1970,389 2017,389 2063,389 2110,389 2156,389 2203,387 2250,386"/>
                <TextEquiv>
                    <Unicode>cor nostrum donec requiescat in te etc. Ante</Unicode>
                </TextEquiv>
            </TextLine>
            <TextLine id="r3l5" custom="readingOrder {index:3;}">
                <Coords points="1314,443 2246,451 2246,405 2191,396 1314,403"/>
                <Baseline points="1319,438 1365,438 1411,438 1457,438 1503,438 1549,438 1595,439 1641,440 1687,440 1733,441 1779,441 1825,443 1871,443 1917,443 1963,443 2009,444 2055,444 2101,443 2147,443 2193,441 2240,441"/>
                <TextEquiv>
                    <Unicode>cedens probatur primo: quia mens nostra est virti </Unicode>
                </TextEquiv>
            </TextLine>
            <TextLine id="r3l6" custom="readingOrder {index:4;}">
                <Coords points="1319,499 1492,523 1699,493 1924,520 2250,507 2250,460 2197,452 1319,452"/>
                <Baseline points="1325,494 1373,494 1421,494 1470,494 1518,494 1566,494 1615,495 1663,495 1711,497 1760,497 1808,498 1857,498 1905,498 1953,500 2002,500 2050,500 2098,500 2147,498 2195,498 2244,497"/>
                <TextEquiv>
                    <Unicode>tis et capacitatis finitae. ergo per finitum </Unicode>
                </TextEquiv>
            </TextLine>
            <TextLine id="r3l7" custom="readingOrder {index:5;}">
                <Coords points="1308,571 1595,542 2254,564 2254,516 2169,508 1309,508"/>
                <Baseline points="1314,552 1360,552 1407,552 1453,552 1500,552 1547,552 1593,552 1640,552 1687,552 1733,552 1780,554 1827,554 1873,554 1920,554 1967,555 2013,555 2060,555 2107,557 2153,557 2200,557 2247,557"/>
                <TextEquiv>
                    <Unicode>potest satiari. Secundo sic. sicut deus excedit ca </Unicode>
                </TextEquiv>
            </TextLine>
            <TextLine id="r3l8" custom="readingOrder {index:6;}">
                <Coords points="1314,622 2206,630 2255,618 2256,571 1314,569"/>
                <Baseline points="1320,608 1366,606 1413,606 1459,606 1506,606 1552,606 1599,606 1645,606 1692,608 1738,609 1785,609 1831,610 1878,611 1924,612 1971,612 2017,612 2064,612 2110,612 2157,612 2203,612 2250,611"/>
                <TextEquiv>
                    <Unicode>pacitatem mentis: ita corpus est minus capa</Unicode>
                </TextEquiv>
            </TextLine>
            <TextLine id="r3l9" custom="readingOrder {index:7;}">
                <Coords points="1319,675 2248,675 2257,628 1320,618"/>
                <Baseline points="1326,662 1372,662 1418,662 1464,663 1510,663 1557,663 1603,664 1649,665 1695,665 1741,666 1788,666 1834,666 1880,668 1926,668 1972,668 2019,668 2065,668 2111,669 2157,668 2203,668 2250,668"/>
                <TextEquiv>
                    <Unicode>citate mentis. ergo inter ista duo est deuenire </Unicode>
                </TextEquiv>
            </TextLine>
            <TextLine id="r3l10" custom="readingOrder {index:8;}">
                <Coords points="1316,731 2249,731 2249,684 2198,676 1945,676 1918,702 1890,673 1317,684"/>
                <Baseline points="1322,720 1368,720 1414,720 1460,720 1506,720 1552,721 1598,722 1644,722 1690,722 1736,722 1782,723 1828,723 1874,723 1920,723 1966,723 2012,725 2058,725 2104,725 2150,723 2196,723 2243,723"/>
                <TextEquiv>
                    <Unicode>ad aliquid aequale ipsi menti. Octavo princ </Unicode>
                </TextEquiv>
            </TextLine>
            <TextLine id="r3l11" custom="readingOrder {index:9;}">
                <Coords points="1301,787 2212,800 2255,786 2256,740 1302,734"/>
                <Baseline points="1307,774 1354,774 1401,774 1448,774 1495,774 1542,774 1589,776 1636,776 1683,776 1730,777 1778,777 1825,778 1872,779 1919,779 1966,780 2013,780 2060,780 2107,782 2154,782 2201,782 2249,782"/>
                <TextEquiv>
                    <Unicode>paliter. si teneor diligere deum super omnia: ergo </Unicode>
                </TextEquiv>
            </TextLine>
            <TextLine id="r3l12" custom="readingOrder {index:10;}">
                <Coords points="1316,843 2270,843 2270,788 1316,788"/>
                <Baseline points="1322,828 1369,830 1416,830 1463,831 1510,832 1557,833 1604,833 1651,833 1698,834 1745,834 1793,834 1840,834 1887,834 1934,836 1981,836 2028,836 2075,836 2122,836 2169,836 2216,837 2264,837"/>
                <TextEquiv>
                    <Unicode>debeo velle quod magis credo esse ad honorem</Unicode>
                </TextEquiv>
            </TextLine>
            <TextLine id="r3l13" custom="readingOrder {index:11;}">
                <Coords points="1319,891 2268,899 2268,859 2168,844 1319,844"/>
                <Baseline points="1325,887 1371,887 1418,887 1465,887 1512,887 1559,888 1606,888 1652,890 1699,890 1746,890 1793,891 1840,891 1887,891 1934,893 1980,893 2027,893 2074,893 2121,893 2168,891 2215,891 2262,891"/>
                <TextEquiv>
                    <Unicode>dei. consequens est falsum: quia sic quocumque casu po</Unicode>
                </TextEquiv>
            </TextLine>
            <TextLine id="r3l14" custom="readingOrder {index:12;}">
                <Coords points="1316,950 2273,954 2256,899 1317,892"/>
                <Baseline points="1323,944 1370,944 1417,944 1464,945 1511,945 1559,945 1606,945 1653,946 1700,947 1747,947 1795,947 1842,948 1889,948 1936,948 1983,948 2031,948 2078,948 2125,948 2172,948 2219,948 2267,948"/>
                <TextEquiv>
                    <Unicode>sito: si oporteret me eligere de duobus exi-</Unicode>
                </TextEquiv>
            </TextLine>
            <TextLine id="r3l15" custom="readingOrder {index:13;}">
                <Coords points="1316,1011 2273,1012 2266,955 1317,953"/>
                <Baseline points="1323,1001 1370,1001 1417,1001 1464,1001 1511,1001 1559,1001 1606,1001 1653,1001 1700,1002 1747,1002 1795,1002 1842,1004 1889,1004 1936,1004 1983,1005 2031,1005 2078,1005 2125,1005 2172,1005 2219,1005 2267,1005"/>
                <TextEquiv>
                    <Unicode>stentibus ad honorem dei: deberem eligere illud </Unicode>
                </TextEquiv>
            </TextLine>
            <TextLine id="r3l16" custom="readingOrder {index:14;}">
                <Coords points="1313,1067 2273,1067 2273,1020 2240,1012 1313,1020"/>
                <Baseline points="1319,1059 1366,1058 1413,1058 1461,1058 1508,1058 1556,1058 1603,1058 1650,1059 1698,1059 1745,1059 1793,1059 1840,1061 1887,1061 1935,1061 1982,1061 2030,1061 2077,1062 2124,1062 2172,1062 2219,1062 2267,1062"/>
                <TextEquiv>
                    <Unicode>quod magis crederem esse ad honorem suum. consequens est </Unicode>
                </TextEquiv>
            </TextLine>
            <TextLine id="r3l17" custom="readingOrder {index:15;}">
                <Coords points="1317,1123 2268,1136 2268,1067 1317,1068"/>
                <Baseline points="1323,1113 1372,1115 1421,1115 1471,1115 1520,1115 1570,1115 1619,1115 1668,1115 1718,1115 1767,1116 1817,1116 1866,1116 1916,1118 1965,1118 2014,1118 2064,1119 2113,1120 2163,1121 2212,1122 2262,1124"/>
                <TextEquiv>
                    <Unicode>falsum: quia ponatur quod reueletur mihi quod magis</Unicode>
                </TextEquiv>
            </TextLine>
            <TextLine id="r3l18" custom="readingOrder {index:16;}">
                <Coords points="1312,1179 2264,1180 2264,1137 2197,1124 1983,1147 1947,1124 1313,1132"/>
                <Baseline points="1319,1170 1368,1169 1417,1169 1467,1170 1516,1170 1566,1170 1615,1170 1664,1172 1714,1172 1763,1173 1813,1173 1862,1173 1912,1174 1961,1175 2010,1175 2060,1175 2109,1175 2159,1175 2208,1175 2258,1173"/>
                <TextEquiv>
                    <Unicode> esset ad honorem dei: quod decem alii essent in cha</Unicode>
                </TextEquiv>
            </TextLine>
            <TextLine id="r3l19" custom="readingOrder {index:17;}">
                <Coords points="1310,1235 2133,1251 2252,1235 2252,1187 1310,1188"/>
                <Baseline points="1316,1224 1362,1224 1409,1226 1455,1226 1502,1226 1548,1227 1595,1227 1641,1229 1688,1229 1734,1230 1781,1230 1827,1230 1874,1232 1920,1232 1967,1232 2013,1232 2060,1232 2106,1232 2153,1232 2199,1232 2246,1230"/>
                <TextEquiv>
                    <Unicode>ritate: et ego extra charitatem : quam quod ego solus</Unicode>
                </TextEquiv>
            </TextLine>
            <TextLine id="r3l20" custom="readingOrder {index:18;}">
                <Coords points="1301,1289 2254,1298 2255,1238 1301,1248"/>
                <Baseline points="1307,1283 1354,1283 1401,1283 1448,1284 1495,1284 1542,1284 1589,1284 1636,1286 1683,1286 1730,1286 1778,1287 1825,1287 1872,1287 1919,1287 1966,1287 2013,1289 2060,1289 2107,1289 2154,1289 2201,1287 2249,1287"/>
                <TextEquiv>
                    <Unicode>essem in charitate: et alii decem extra chari</Unicode>
                </TextEquiv>
            </TextLine>
            <TextLine id="r3l21" custom="readingOrder {index:19;}">
                <Coords points="1304,1347 2246,1355 2246,1301 2167,1293 1847,1295 1803,1320 1725,1293 1304,1300"/>
                <Baseline points="1310,1338 1356,1338 1403,1340 1449,1340 1496,1340 1542,1341 1589,1341 1635,1341 1682,1341 1728,1341 1775,1343 1821,1343 1868,1343 1914,1343 1961,1343 2007,1343 2054,1343 2100,1343 2147,1343 2193,1344 2240,1344"/>
                <TextEquiv>
                    <Unicode>tatem: vel quod ego solus continuarem finalite: </Unicode>
                </TextEquiv>
            </TextLine>
            <TextLine id="r3l22" custom="readingOrder {index:20;}">
                <Coords points="1304,1402 2096,1420 2251,1410 2252,1361 1304,1362"/>
                <Baseline points="1310,1397 1356,1397 1403,1397 1450,1398 1497,1398 1544,1398 1590,1400 1637,1400 1684,1400 1731,1400 1778,1400 1824,1401 1871,1401 1918,1401 1965,1401 2012,1401 2058,1403 2105,1403 2152,1403 2199,1404 2246,1404"/>
                <TextEquiv>
                    <Unicode>charitatem: ergo tunc magis deberem hoc vel-</Unicode>
                </TextEquiv>
            </TextLine>
            <TextLine id="r3l23" custom="readingOrder {index:21;}">
                <Coords points="1304,1468 2256,1467 2256,1411 1702,1407 1651,1438 1566,1404 1360,1427 1305,1405"/>
                <Baseline points="1310,1454 1357,1454 1404,1454 1451,1454 1498,1454 1545,1455 1592,1455 1639,1455 1686,1455 1733,1457 1780,1457 1827,1457 1874,1458 1921,1458 1968,1458 2015,1458 2062,1458 2109,1458 2156,1458 2203,1458 2250,1458"/>
                <TextEquiv>
                    <Unicode>le. consequens falsum. Nono principaliter. demon-</Unicode>
                </TextEquiv>
            </TextLine>
            <TextLine id="r3l24" custom="readingOrder {index:22;}">
                <Coords points="1310,1515 2259,1523 2236,1468 1310,1467"/>
                <Baseline points="1316,1509 1362,1509 1409,1509 1456,1511 1503,1511 1550,1511 1597,1511 1643,1512 1690,1512 1737,1512 1784,1512 1831,1513 1878,1514 1925,1514 1971,1514 2018,1514 2065,1514 2112,1515 2159,1515 2206,1515 2253,1515"/>
                <TextEquiv>
                    <Unicode>strata tota latitudine conatus voluntatis </Unicode>
                </TextEquiv>
            </TextLine>
            <TextLine id="r3l25" custom="readingOrder {index:23;}">
                <Coords points="1311,1585 2265,1588 2265,1532 2191,1523 1312,1516"/>
                <Baseline points="1317,1568 1364,1568 1411,1566 1458,1566 1505,1566 1552,1566 1599,1566 1646,1566 1693,1566 1740,1568 1788,1568 1835,1569 1882,1569 1929,1571 1976,1571 2023,1572 2070,1572 2117,1572 2164,1574 2211,1573 2259,1572"/>
                <TextEquiv>
                    <Unicode>ipsius sortis: quaero vtrum tenetur diligere deum sum</Unicode>
                </TextEquiv>
            </TextLine>
            <TextLine id="r3l26" custom="readingOrder {index:24;}">
                <Coords points="1310,1627 2187,1655 2267,1642 2268,1589 1310,1587"/>
                <Baseline points="1316,1620 1363,1620 1410,1622 1457,1622 1505,1622 1552,1623 1599,1623 1646,1623 1694,1623 1741,1625 1788,1625 1835,1625 1883,1625 1930,1625 1977,1626 2024,1626 2072,1626 2119,1628 2166,1628 2213,1628 2261,1629"/>
                <TextEquiv>
                    <Unicode>mo gradu istius conatus: an licet sibi diligere </Unicode>
                </TextEquiv>
            </TextLine>
            <TextLine id="r3l27" custom="readingOrder {index:25;}">
                <Coords points="1308,1693 2255,1694 2255,1642 1309,1627"/>
                <Baseline points="1314,1680 1360,1680 1407,1680 1454,1680 1501,1679 1547,1680 1594,1680 1641,1680 1688,1680 1734,1680 1781,1681 1828,1682 1875,1682 1921,1682 1968,1683 2015,1683 2062,1684 2108,1685 2155,1685 2202,1685 2249,1686"/>
                <TextEquiv>
                    <Unicode>quilibet gradu istius conatus: Si primum: igitur</Unicode>
                </TextEquiv>
            </TextLine>
            <TextLine id="r3l28" custom="readingOrder {index:26;}">
                <Coords points="1306,1747 2248,1756 2266,1699 1307,1700"/>
                <Baseline points="1313,1737 1360,1736 1407,1736 1454,1734 1502,1734 1549,1734 1596,1736 1644,1736 1691,1736 1738,1737 1786,1737 1833,1738 1880,1739 1927,1739 1975,1740 2022,1740 2069,1742 2117,1742 2164,1742 2211,1742 2259,1742"/>
                <TextEquiv>
                    <Unicode>ad impossibile tenetur. nam dilectio viatoris </Unicode>
                </TextEquiv>
            </TextLine>
            <TextLine id="r3l29" custom="readingOrder {index:27;}">
                <Coords points="1310,1795 2033,1823 2257,1810 2258,1756 1310,1747"/>
                <Baseline points="1316,1791 1362,1791 1409,1790 1456,1790 1503,1790 1550,1791 1596,1791 1643,1792 1690,1793 1737,1794 1784,1794 1830,1796 1877,1797 1924,1797 1971,1799 2018,1799 2064,1799 2111,1800 2158,1800 2205,1799 2252,1799"/>
                <TextEquiv>
                    <Unicode>dependet exvirtutibus organicis: et per consequens fati</Unicode>
                </TextEquiv>
            </TextLine>
            <TextLine id="r3l30" custom="readingOrder {index:28;}">
                <Coords points="1307,1861 2258,1868 2275,1825 1904,1797 1308,1810"/>
                <Baseline points="1314,1848 1361,1847 1409,1847 1457,1847 1504,1847 1552,1847 1600,1847 1647,1848 1695,1848 1743,1850 1791,1850 1838,1851 1886,1851 1934,1853 1981,1853 2029,1853 2077,1854 2124,1854 2172,1854 2220,1853 2268,1853"/>
                <TextEquiv>
                    <Unicode>gabilibus: ergo si homo obligaretur ad diligendum </Unicode>
                </TextEquiv>
            </TextLine>
            <TextLine id="r3l31" custom="readingOrder {index:29;}">
                <Coords points="1317,1906 2215,1931 2240,1869 1317,1858"/>
                <Baseline points="1323,1901 1368,1901 1414,1901 1459,1902 1505,1902 1550,1902 1596,1903 1641,1904 1687,1904 1732,1905 1778,1906 1824,1907 1869,1907 1915,1908 1960,1908 2006,1908 2051,1908 2097,1908 2142,1908 2188,1908 2234,1908"/>
                <TextEquiv>
                    <Unicode>summo conatu: sic quod diligat deum per a temp-</Unicode>
                </TextEquiv>
            </TextLine>
            <TextLine id="r3l32" custom="readingOrder {index:30;}">
                <Coords points="1308,1965 2251,1971 2251,1914 1308,1908"/>
                <Baseline points="1314,1956 1360,1956 1407,1956 1453,1956 1500,1956 1546,1958 1593,1958 1639,1958 1686,1959 1732,1959 1779,1961 1825,1961 1872,1962 1918,1962 1965,1964 2011,1964 2058,1964 2104,1964 2151,1964 2197,1964 2244,1964"/>
                <TextEquiv>
                    <Unicode>igitur cum virtutes organice continue debilitentum </Unicode>
                </TextEquiv>
            </TextLine>
            <TextLine id="r3l33" custom="readingOrder {index:31;}">
                <Coords points="1308,2018 1804,2016 1907,2043 2016,2011 2265,2022 2265,1985 2231,1973 1309,1973"/>
                <Baseline points="1314,2009 1361,2010 1408,2010 1455,2010 1503,2010 1550,2012 1597,2012 1644,2013 1692,2013 1739,2015 1786,2015 1833,2015 1881,2016 1928,2016 1975,2018 2022,2018 2070,2018 2117,2018 2164,2019 2211,2019 2259,2019"/>
                <TextEquiv>
                    <Unicode>non poterit ita intense diligere in secunda</Unicode>
                </TextEquiv>
            </TextLine>
            <TextLine id="r3l34" custom="readingOrder {index:32;}">
                <Coords points="1308,2075 2180,2096 2256,2083 2257,2023 1947,2049 1806,2021 1309,2028"/>
                <Baseline points="1314,2066 1360,2066 1407,2066 1454,2066 1501,2066 1548,2066 1594,2067 1641,2067 1688,2069 1735,2069 1782,2070 1828,2070 1875,2072 1922,2073 1969,2073 2016,2073 2062,2075 2109,2075 2156,2075 2203,2075 2250,2075"/>
                <TextEquiv>
                    <Unicode>medietate temporis sicut in pria. igitur obligatur </Unicode>
                </TextEquiv>
            </TextLine>
            <TextLine id="r3l35" custom="readingOrder {index:33;}">
                <Coords points="1311,2131 2221,2139 2255,2130 2256,2083 1311,2084"/>
                <Baseline points="1317,2121 1363,2121 1410,2121 1456,2121 1503,2121 1550,2123 1596,2123 1643,2124 1689,2124 1736,2125 1783,2126 1829,2127 1876,2127 1922,2127 1969,2129 2016,2129 2062,2129 2109,2129 2155,2129 2202,2128 2249,2127"/>
                <TextEquiv>
                    <Unicode>ad impossibile. similiter homo gravatus infirmitate </Unicode>
                </TextEquiv>
            </TextLine>
            <TextLine id="r3l36" custom="readingOrder {index:34;}">
                <Coords points="1299,2186 2248,2196 2256,2156 1299,2139"/>
                <Baseline points="1305,2174 1352,2174 1399,2175 1446,2175 1493,2177 1541,2177 1588,2178 1635,2178 1682,2178 1729,2180 1777,2180 1824,2181 1871,2181 1918,2181 1965,2183 2013,2183 2060,2184 2107,2184 2154,2186 2201,2186 2249,2187"/>
                <TextEquiv>
                    <Unicode>non potest ita intense diligere deum sicut sanus. </Unicode>
                </TextEquiv>
            </TextLine>
            <TextLine id="r3l37" custom="readingOrder {index:35;}">
                <Coords points="1301,2251 2261,2243 2261,2202 2090,2186 2004,2210 1302,2190"/>
                <Baseline points="1307,2235 1354,2234 1401,2232 1449,2232 1496,2231 1544,2231 1591,2231 1638,2231 1686,2232 1733,2232 1781,2234 1828,2234 1875,2235 1923,2236 1970,2237 2018,2237 2065,2238 2112,2238 2160,2240 2207,2240 2255,2240"/>
                <TextEquiv>
                    <Unicode>ergo ad summum conatum nullus obligatur. Si di-</Unicode>
                </TextEquiv>
            </TextLine>
            <TextLine id="r3l38" custom="readingOrder {index:36;}">
                <Coords points="1305,2304 2262,2303 2262,2251 1306,2252"/>
                <Baseline points="1311,2288 1358,2288 1405,2288 1452,2288 1500,2288 1547,2288 1594,2288 1641,2288 1689,2288 1736,2289 1783,2289 1830,2289 1878,2291 1925,2291 1972,2292 2019,2292 2067,2293 2114,2294 2161,2295 2208,2295 2256,2297"/>
                <TextEquiv>
                    <Unicode>citur quod quilibet gradus latitudinis conatus </Unicode>
                </TextEquiv>
            </TextLine>
            <TextLine id="r3l39" custom="readingOrder {index:37;}">
                <Coords points="1304,2347 2069,2371 2251,2363 2252,2322 2053,2292 2015,2317 1304,2304"/>
                <Baseline points="1310,2340 1356,2340 1403,2340 1450,2340 1497,2340 1544,2342 1590,2342 1637,2343 1684,2343 1731,2345 1778,2345 1824,2346 1871,2348 1918,2348 1965,2349 2012,2349 2058,2351 2105,2351 2152,2351 2199,2351 2246,2352"/>
                <TextEquiv>
                    <Unicode>est homini licitus citra summum: et quolibet ta-</Unicode>
                </TextEquiv>
            </TextLine>
            <TextLine id="r3l40" custom="readingOrder {index:38;}">
                <Coords points="1301,2412 2262,2418 2263,2363 1302,2348"/>
                <Baseline points="1307,2400 1354,2399 1401,2399 1449,2399 1496,2399 1544,2399 1591,2400 1639,2400 1686,2402 1734,2402 1781,2403 1828,2404 1876,2405 1923,2406 1971,2406 2018,2408 2066,2408 2113,2408 2161,2409 2208,2409 2256,2408"/>
                <TextEquiv>
                    <Unicode>li gradu licet diligere creaturam: igitur non te-</Unicode>
                </TextEquiv>
            </TextLine>
            <TextLine id="r3l41" custom="readingOrder {index:39;}">
                <Coords points="1305,2467 2262,2475 2262,2428 2224,2420 1306,2412"/>
                <Baseline points="1311,2453 1358,2453 1405,2453 1452,2454 1500,2454 1547,2454 1594,2456 1641,2457 1689,2457 1736,2459 1783,2460 1830,2461 1878,2462 1925,2463 1972,2464 2019,2465 2067,2465 2114,2465 2161,2466 2208,2465 2256,2465"/>
                <TextEquiv>
                    <Unicode>netur intensius diligere deum quam diligere creatu </Unicode>
                </TextEquiv>
            </TextLine>
            <TextLine id="r3l42" custom="readingOrder {index:40;}">
                <Coords points="1306,2523 2258,2530 2246,2471 1307,2469"/>
                <Baseline points="1313,2510 1362,2510 1411,2510 1461,2511 1510,2511 1560,2511 1609,2513 1658,2513 1708,2514 1757,2514 1807,2516 1856,2516 1906,2517 1955,2517 2004,2519 2054,2519 2103,2520 2153,2520 2202,2520 2252,2520"/>
                <TextEquiv>
                    <Unicode>ram. ergo si aeque intense diligat creaturam: non </Unicode>
                </TextEquiv>
            </TextLine>
            <TextLine id="r3l43" custom="readingOrder {index:41;}">
                <Coords points="1310,2579 2165,2595 2256,2587 2257,2531 1919,2555 1880,2524 1532,2516 1479,2556 1445,2527 1310,2524"/>
                <Baseline points="1316,2565 1362,2565 1409,2565 1456,2567 1502,2567 1549,2568 1596,2568 1642,2570 1689,2570 1736,2571 1783,2571 1829,2573 1876,2574 1923,2574 1969,2576 2016,2576 2063,2577 2109,2578 2156,2579 2203,2579 2250,2579"/>
                <TextEquiv>
                    <Unicode>peccat. Confirmatur ista ratio. quia pono quod ali</Unicode>
                </TextEquiv>
            </TextLine>
            <TextLine id="r3l44" custom="readingOrder {index:42;}">
                <Coords points="1310,2645 2250,2642 2251,2604 2183,2580 1312,2576"/>
                <Baseline points="1317,2624 1363,2622 1409,2622 1456,2622 1502,2622 1548,2622 1595,2624 1641,2624 1687,2625 1734,2627 1780,2627 1826,2628 1873,2630 1919,2631 1965,2631 2012,2633 2058,2634 2104,2634 2151,2634 2197,2636 2244,2636"/>
                <TextEquiv>
                    <Unicode>quis de non fruente fiat fruens deo: sfruitioni</Unicode>
                </TextEquiv>
            </TextLine>
            <TextLine id="r3l45" custom="readingOrder {index:43;}">
                <Coords points="1313,2690 2026,2690 2153,2716 2255,2700 2256,2652 1382,2627 1314,2648"/>
                <Baseline points="1320,2678 1366,2678 1412,2679 1459,2679 1505,2679 1552,2681 1598,2681 1645,2682 1691,2682 1738,2684 1784,2684 1830,2685 1877,2685 1923,2687 1970,2687 2016,2688 2063,2688 2109,2690 2156,2690 2202,2691 2249,2691"/>
                <TextEquiv>
                    <Unicode>intensa per partem ante partem continue: et sit sor-</Unicode>
                </TextEquiv>
            </TextLine>
            <TextLine id="r3l46" custom="readingOrder {index:44;}">
                <Coords points="1305,2744 2239,2763 2261,2705 1306,2692"/>
                <Baseline points="1311,2735 1358,2735 1405,2736 1452,2736 1499,2738 1547,2738 1594,2739 1641,2739 1688,2741 1735,2741 1783,2742 1830,2742 1877,2742 1924,2744 1971,2744 2019,2745 2066,2745 2113,2745 2160,2747 2207,2747 2255,2747"/>
                <TextEquiv>
                    <Unicode>tes gratia exempli qui diligat se vel platone di-</Unicode>
                </TextEquiv>
            </TextLine>
            <TextLine id="r3l47" custom="readingOrder {index:45;}">
                <Coords points="1308,2803 2184,2803 2230,2827 2253,2765 1309,2745"/>
                <Baseline points="1314,2790 1360,2790 1407,2790 1453,2792 1500,2792 1547,2792 1593,2793 1640,2793 1686,2795 1733,2795 1780,2796 1826,2798 1873,2798 1919,2799 1966,2799 2013,2801 2059,2801 2106,2802 2152,2802 2199,2802 2246,2802"/>
                <TextEquiv>
                    <Unicode>lectione debita proximo: et sit nunc instans in</Unicode>
                </TextEquiv>
            </TextLine>
            <TextLine id="r3l48" custom="readingOrder {index:46;}">
                <Coords points="1311,2852 2183,2875 2253,2867 2254,2828 1312,2804"/>
                <Baseline points="1317,2844 1363,2844 1410,2845 1456,2846 1503,2846 1549,2846 1596,2847 1642,2849 1689,2850 1735,2850 1782,2852 1828,2853 1875,2855 1921,2855 1968,2856 2014,2858 2061,2858 2107,2859 2154,2859 2200,2859 2247,2859"/>
                <TextEquiv>
                    <Unicode>txivse cum istius alterationis et arguo sic sortes</Unicode>
                </TextEquiv>
            </TextLine>
            <TextLine id="r3l49" custom="readingOrder {index:47;}">
                <Coords points="1314,2907 2236,2924 2259,2875 1315,2853"/>
                <Baseline points="1320,2900 1366,2900 1413,2900 1459,2901 1506,2901 1553,2903 1599,2903 1646,2904 1692,2904 1739,2905 1786,2906 1832,2907 1879,2907 1925,2909 1972,2909 2019,2910 2065,2910 2112,2912 2158,2912 2205,2912 2252,2913"/>
                <TextEquiv>
                    <Unicode>in infinitum magis intense diligit platonem </Unicode>
                </TextEquiv>
            </TextLine>
            <TextLine id="r3l50" custom="readingOrder {index:48;}">
                <Coords points="1305,2968 2187,2980 2262,2971 2263,2923 1306,2913"/>
                <Baseline points="1311,2957 1358,2956 1405,2955 1452,2955 1500,2955 1547,2956 1594,2957 1641,2957 1689,2958 1736,2958 1783,2959 1830,2960 1878,2961 1925,2961 1972,2963 2019,2963 2067,2964 2114,2964 2161,2966 2208,2966 2256,2966"/>
                <TextEquiv>
                    <Unicode>quam incipiat diligere deum: et tamen incipit meri-</Unicode>
                </TextEquiv>
            </TextLine>
            <TextLine id="r3l51" custom="readingOrder {index:49;}">
                <Coords points="1313,3019 2224,3035 2262,3029 2263,2988 1314,2969"/>
                <Baseline points="1320,3008 1366,3008 1413,3009 1460,3009 1507,3010 1554,3011 1600,3011 1647,3012 1694,3012 1741,3013 1788,3014 1834,3014 1881,3015 1928,3015 1975,3017 2022,3017 2068,3018 2115,3019 2162,3020 2209,3021 2256,3021"/>
                <TextEquiv>
                    <Unicode>torie frui deo. igitur licet sorti magis intense </Unicode>
                </TextEquiv>
            </TextLine>
            <TextLine id="r3l52" custom="readingOrder {index:50;}">
                <Coords points="1320,3083 2120,3077 2250,3101 2238,3028 1321,3020"/>
                <Baseline points="1326,3063 1371,3063 1417,3063 1463,3065 1509,3065 1555,3065 1601,3066 1647,3066 1693,3066 1739,3068 1785,3069 1830,3069 1876,3071 1922,3071 1968,3072 2014,3074 2060,3075 2106,3076 2152,3077 2198,3078 2244,3078"/>
                <TextEquiv>
                    <Unicode>diligere creaturam quam deum: et tunc fruitur deo: ergo </Unicode>
                </TextEquiv>
            </TextLine>
            <TextLine id="r3l53" custom="readingOrder {index:51;}">
                <Coords points="1316,3132 1835,3132 1900,3160 1970,3136 2253,3146 2254,3099 1317,3084"/>
                <Baseline points="1323,3123 1369,3123 1415,3123 1461,3123 1507,3123 1554,3123 1600,3125 1646,3125 1692,3126 1738,3126 1785,3128 1831,3128 1877,3129 1923,3129 1969,3131 2016,3131 2062,3132 2108,3132 2154,3134 2200,3134 2247,3134"/>
                <TextEquiv>
                    <Unicode>non est contra praeceptum quod homo diligat creaturam ma</Unicode>
                </TextEquiv>
            </TextLine>
            <TextLine id="r3l54" custom="readingOrder {index:52;}">
                <Coords points="1308,3219 1391,3188 2175,3219 2250,3211 2251,3158 1907,3166 1838,3135 1556,3150 1485,3124 1309,3143"/>
                <Baseline points="1314,3186 1360,3186 1407,3186 1453,3186 1500,3186 1546,3186 1593,3188 1639,3188 1686,3189 1732,3189 1779,3191 1825,3191 1872,3192 1918,3194 1965,3194 2011,3195 2058,3197 2104,3197 2151,3197 2197,3198 2244,3198"/>
                <TextEquiv>
                    <Unicode>gis intense quod deum et maiori conatu volun-</Unicode>
                </TextEquiv>
            </TextLine>
            <TextEquiv>
                <Unicode>cti sumus. Unde Augustinus primo confessionun
ca i Fecisti nos dicene ad te: et inquietum es-
cor nostrum donec requiescat in te etc. Ante
cedens probatur primo: quia mens nostra est virti 
tis et capacitatis finitae. ergo per finitum 
potest satiari. Secundo sic. sicut deus excedit ca 
pacitatem mentis: ita corpus est minus capa
citate mentis. ergo inter ista duo est deuenire 
ad aliquid aequale ipsi menti. Octavo princ 
paliter. si teneor diligere deum super omnia: ergo 
debeo velle quod magis credo esse ad honorem
dei. consequens est falsum: quia sic quocumque casu po
sito: si oporteret me eligere de duobus exi-
stentibus ad honorem dei: deberem eligere illud 
quod magis crederem esse ad honorem suum. consequens est 
falsum: quia ponatur quod reueletur mihi quod magis
 esset ad honorem dei: quod decem alii essent in cha
ritate: et ego extra charitatem : quam quod ego solus
essem in charitate: et alii decem extra chari
tatem: vel quod ego solus continuarem finalite: 
charitatem: ergo tunc magis deberem hoc vel-
le. consequens falsum. Nono principaliter. demon-
strata tota latitudine conatus voluntatis 
ipsius sortis: quaero vtrum tenetur diligere deum sum
mo gradu istius conatus: an licet sibi diligere 
quilibet gradu istius conatus: Si primum: igitur
ad impossibile tenetur. nam dilectio viatoris 
dependet exvirtutibus organicis: et per consequens fati
gabilibus: ergo si homo obligaretur ad diligendum 
summo conatu: sic quod diligat deum per a temp-
igitur cum virtutes organice continue debilitentum 
non poterit ita intense diligere in secunda
medietate temporis sicut in pria. igitur obligatur 
ad impossibile. similiter homo gravatus infirmitate 
non potest ita intense diligere deum sicut sanus. 
ergo ad summum conatum nullus obligatur. Si di-
citur quod quilibet gradus latitudinis conatus 
est homini licitus citra summum: et quolibet ta-
li gradu licet diligere creaturam: igitur non te-
netur intensius diligere deum quam diligere creatu 
ram. ergo si aeque intense diligat creaturam: non 
peccat. Confirmatur ista ratio. quia pono quod ali
quis de non fruente fiat fruens deo: sfruitioni
intensa per partem ante partem continue: et sit sor-
tes gratia exempli qui diligat se vel platone di-
lectione debita proximo: et sit nunc instans in
txivse cum istius alterationis et arguo sic sortes
in infinitum magis intense diligit platonem 
quam incipiat diligere deum: et tamen incipit meri-
torie frui deo. igitur licet sorti magis intense 
diligere creaturam quam deum: et tunc fruitur deo: ergo 
non est contra praeceptum quod homo diligat creaturam ma
gis intense quod deum et maiori conatu volun-</Unicode>
            </TextEquiv>
        </TextRegion>
    </Page>
</PcGts>
