2550 3300
287 180 1254 258 tatis. Antecedens patet: quia quantumcumque gradus quo
302 246 1244 307 sortes diligit platonem sit modicus: casus
303 310 1244 369 erit elapsus antequam tanto vel aequali gradu
308 355 1245 412 diligat deum. ergo non immediate post hoc
306 412 1244 467 instas diliget platonem tanto gradu. et sic pa
296 460 1251 531 tet deductio. Uel sic probatur antecedens: quia quicumque
305 525 1254 595 gradu modico qua sortes diligit platonem ex-
308 588 1250 646 cepto: tantum tempus erit elapsum: antequam sor
309 642 1257 708 tes tanto vel aequeli diligat deum. ergo non imme
301 700 1259 748 diate post hoc instans diligit sortes deum ita
311 748 1248 803 intense sicut platonem. et sic patet deductio ea-
318 800 1251 867 dem aliis verbis. Dicimo principaliter. si homo
318 860 1253 915 tenratur etc. sequitur quod homo ex vi divini praecepti
309 908 1257 989 necessitatur ad peccandum. consequens est falsum: ergo
312 979 1265 1034 antecens. consequentiam probo sic. sortes per praeceptu
317 1027 1263 1098 tenetur frui deo: ergo tenetur diligere deum
311 1083 1268 1145 toto corde tota anima etc. igitur tenetur dili
323 1147 1259 1217 gere deum quantum potest fiat ergo. quo facto
326 1205 1260 1272 deus tribuit sibi maiorem gratiam: igitur tunc ma-
317 1246 1267 1323 gits tenetur diligere quam prius: sed hoc est sibi
325 1315 1257 1371 impossibile: ergo ex omni beneficio collato homini a
320 1371 1270 1440 deo obligatur homo deo ad debitum quod non
317 1420 1263 1490 est possibile sibi soluere. Similiter cum homo magi
320 1475 1268 1538 tenetur deo continuae propter continuationem sui
321 1539 1247 1595 esse: homo obligatur magis diligere deum et ma
323 1596 1262 1659 gits. sed hoc non est homini possibile: si in princi
323 1642 1276 1714 pio diligere teneatur ex toto corde. ergo etc.
329 1701 1271 1771 Praeterea. aut homo magis tenetur diligere deum
339 1756 1260 1822 quam angelus: vel minus: vel aequaliter. non minus:-
326 1806 1256 1882 nec aequaliter: quia plus fecit pro homine quam pro ango
320 1867 1273 1923 lo. Nusquam em angelos apprehendit: sed semen
321 1924 1257 1980 Abrae. ad hebre. ii. Quia si angelum crea
319 1979 1259 2035 vit: etiam hominem creauit et redemit. Si ma-
317 2045 1253 2101 gis: ergo obligatur ad impossibile: quia an
329 2085 1262 2155 gelus habet meliora naturalia. Praeterea quaero
330 2139 1266 2210 vtrum anima christi plus tenetur diligere deum quam
322 2202 1272 2259 anima sortis ssit sortes unus viatoru an non: si
323 2252 1266 2324 non: contra. deus multo plus fecit pro anima chri
336 2309 1263 2371 sti et similiter anima christi diliget citra illud
341 2359 1268 2437 quod tenetur. Si dicatur quod sic: aut ergo in infi-
332 2420 1265 2476 nitum plus: aut per finitum tantum. si in infi
338 2474 1268 2531 nitum plus: ergo anima christi tenetur ad impos
335 2535 1264 2603 sibile. Si per finitum tantum: sit gratia exempli quod
333 2590 1283 2651 in duplo plus. volo ergo quod sortes peccet mor
330 2644 1281 2706 taliter: et resurgat per gratiam: quo facto sortes
335 2707 1266 2774 plus tenetur diligere deum quam prius. sit istae gra
342 2759 1277 2819 dus debiti a. peccet iterum: et resurgat. ergo cum
342 2811 1274 2870 secundo resipiscat: plus tenetur diligere quam ante
344 2868 1269 2923 quam peccauerit et hoc per plus quam per gradum esse
339 2918 1266 2992 lem ipsi a. quia sicut secundus casus est gravior pro
338 2976 1272 3045 pter recidivum quam primus: ita secunda restitutio
344 3032 1275 3099 grtreae est maior quod ptria sit igitur gradus au
342 3084 1280 3155 ctus determinatus debiti istius secundi b.
1308 204 2263 266 cadat tertio: et resurgat. tunc ergo plus tene
1300 252 2249 307 bitur in tertio quam in secundo. et sit istae gradus
1302 306 2261 371 debiti c. tunc a b c sic se habent: quod posteri
1302 364 2247 419 or excedit priorem. igitur per aliquais tales gra
1302 416 2249 468 dus continget sorte aequare debitum diligen
1311 468 2252 548 di deum: quo pebito anima christi tenetur dili
1301 540 2249 589 gere deum . consequens est falsum: quia si sic: sor-
1311 580 2262 644 tes obligatur ad aliquid quod ipse non potest sol
1311 638 2255 713 vere: et haec sequunt. ex vi legis divinae sta-
1310 691 2250 772 tute. Undecimo principaliter. homo tenetur
1320 750 2256 811 magis diligere seipsum quam deum. ergo etc. antecedens
1320 804 2247 866 probo. quia hoc est naturale homini: sed quod est
1314 867 2248 937 naturale homini: est a deo institutum: ergo
1310 914 2248 988 ad hoc homo tenetur. Confirmatur per illud
1309 980 2250 1043 x. Ethicorum. Amicabilia quae sunt ad alte-
1313 1035 2255 1092 rum: praesupponunt amicabilia quae sunt ad se.
1316 1085 2263 1155 Unde. ix. Ethicorum ix caituao homo est maxime
1314 1155 2250 1211 amicus sibi ipsi. Praeterea. nisi homo ma-
1314 1211 2244 1277 gis deberet se diligere quam deum: sequeretur quod
1314 1261 2256 1331 homo magis deberet eligere adnihilatio
1311 1324 2267 1371 nem sui posita perplexitate: quam peccare morta
1313 1370 2269 1435 liter. consequens est falsum. consequentia probat per Ansel
1317 1428 2268 1491 mum primo cur deus haomo capitulo xii et secundo libero capitulo
1323 1476 2263 1547 iiii vbi vult quod si homo esset in ista necessitate
1326 1548 2272 1611 quod totus mundus et quicquid non est deus peri
1320 1596 2262 1651 ret aut tenderet ad nihil: aut ipse aliquid mo
1322 1649 2264 1721 dicum quodcumque esset / faceret contra dei vo-
1322 1700 2283 1763 luntate: citius deberet eligere totum permittere
1317 1763 2279 1826 redigi ad nihilum: quam peccare mortaliter. sed
1311 1819 2267 1883 consequens est falsum: quia hoc esset maius malum
1317 1876 2269 1932 nam maius malum esset adnihilatio animae chri
1314 1923 2268 1997 sti vl vitae christi : quam peccare mortaliter secundum
1322 1987 2278 2063 mnia peccata mundi. maius bonum fuit vita hri
1322 2033 2242 2114 sti: quod omnia peccata mundi fuerunt malum. ergo :
1329 2099 2272 2160 vitando quocumque peccato non deberet homo
1325 2148 2259 2219 diligere adnihilationem anime vel vite christi
1322 2209 2254 2274 ergo dictum Anselmi non est verum. Duode-
1331 2264 2271 2323 cimo principaliter. si homo tenetur frui deo etc.
1320 2315 2266 2379 aut ergo aequaliter post redemptionem et ante
1323 2378 2284 2435 aut non. si sic: tunc ergo talis causalis non esset
1329 2428 2279 2491 vera: teneor diligere deum super omnia: quia est re-
1329 2482 2286 2547 demptor. consequens est falsum. Confirmatur ista ra
1320 2539 2267 2603 tio et probatur: quia debemus plus diligere huna-
1326 2603 2268 2658 nitate christi quam deum secundum Anselmum libro
1322 2658 2274 2723 cur deus homo capitulo xii si homo vel angelus post
1336 2707 2267 2786 pccatum originale liberasset hominem: omnes ho
1328 2772 2271 2827 mines serui illius angeli fuissent: immo tantum
1331 2820 2268 2883 vel plus obligati sibi fuissent quam deo. Tum
1324 2875 2264 2939 quia nihil nobis nasci profuit: nisi redimi pro
1331 2923 2282 2991 fuisset secundum Praegorium Tum quia vt multis vi
1331 2978 2276 3042 detur magis deberet homo eligere: et melius
1335 3035 2271 3120 esset pro eo simpliciter non esse quod semper damna-
1315 3093 2274 3162 ri in inferno. ergo maius beneficium fuit ee
