2550 3300
264 219 1222 282 demptio quam creatio. sed non minus modo tene-
261 281 1215 337 mur humanitati christi quam tunc si fuissemus
257 324 1209 387 obligati angelo. ergo illius humanitatis ser
245 380 1211 443 ui sumus. et per consequens obligati pro nostra redem
245 431 1224 507 ptione: sed nostra redemptio vt allegatum est: est
254 501 1203 562 maius beneficium quam creatio: ergo plus itene
250 543 1200 613 mur humanitati christi pro redemptione: quam
248 604 1197 672 deo pro quocumque alio. ergo tenemur illi sur
243 660 1211 715 omnia. Confirmatur: quia illam humanitate
245 716 1212 772 debemus diligere super omnes creaturas.
248 779 1212 839 cuius probatio est. quia debemus eam diligere
233 827 1215 886 plusque nos secundm magistrum libro iii. Sed node
239 880 1212 939 bemus creaturas alias a nobis plusquam nos
236 940 1202 996 diligere: nec aequaliter nobis. ergo debemus
236 994 1200 1059 humanitatem christi diligere plusque crea
233 1051 1211 1115 turas. igitur saltem aliqua duo: idest duae qui in
237 1107 1197 1178 christo sunt naturae: magis sunt diligende quam
245 1164 1212 1218 deus. Si Decimotertio principaliter. aliquis
242 1220 1200 1287 meritorie posito casu qui non repugnat legi
239 1275 1207 1340 date: fruitur creatura: ergo non tenetur dilige
228 1334 1206 1395 re deum super omnia. consequentia patet. antecedens probo
239 1393 1212 1459 pono quod petrus videat christum et Iacobum:
233 1444 1216 1507 et nesciat inter ipsos distinguere: sed existimet
237 1499 1207 1562 Iacobum esse christum: quo posito diligat supomnia
238 1548 1202 1626 Iacobum: tunc arguitur sic. Petrus diligit Ia-
237 1612 1208 1674 combum super omnia: ergo fruitur eo . consequen
231 1673 1206 1731 tia est nota. antecedens patet ex casu. et tamen
240 1732 1198 1787 meritorie. igitur contigit frui creatura me-
233 1781 1197 1838 ritorie. quod meritorie hoc facit / patet: quia est igno
225 1839 1201 1891 rantia invincibilis: ergo nulo modo impedit
233 1892 1195 1955 virtute. ergo possibile est quod homo fruatur
233 1948 1201 2003 creatura vel diabolo transfigurato meri
229 2003 1197 2059 torie. Dicitur pro isto casu posito quod Petrus non
233 2054 1195 2116 fruitur Iacobo: sed deo. quia hunc esse deum existi-
235 2103 1197 2170 mat. Sed istud non valet: nec videtur verum.
236 2170 1204 2227 Nam arguo sic. Istum diligit super omnia: iste est
240 2219 1198 2292 hacobus: ergo Iacobum diligit super omnia. ergo
234 2285 1185 2339 fruitur Iacobo. Per simile argumentum com
219 2339 1201 2395 tingit probare quod aliquis meritorie odit de
231 2396 1194 2451 um: et simul fruit deo sub diversis intentio-
222 2451 1200 2506 nibus et acceptionibus. forma argumentum vt
229 2509 1195 2579 vis. Ad oppositum est magister libro primo
230 2563 1190 2635 distinctione ia et Anselmus libro. v. eur deus homo
240 2619 1200 2675 cap ii. Ad hoc factam creaturam rationalem
220 2677 1203 2739 credimus: sicut certum est: vt summum bonum
226 2731 1197 2807 super omnia amaret et diligeret: non propter
228 2788 1207 2843 aliud: sed propter ipsum. si vero propter aliud: non
231 2839 1201 2898 ipsum: sed aliud amat. hoc autem nisi iniuste
222 2898 1195 2964 facere nequit. Iterum mono capitulo lxvii Nihil
226 2951 1198 3004 aptius credimus: quam rationalem creaturam ad
233 2999 1186 3071 hoc factam esse: vt summam essentiam amet su
234 3059 1204 3124 omnia. Circa istam quaestionem sic est procedendum
240 3115 1209 3195 primo inquiram aliqua circa actum utendi. secundo
1272 202 2262 267 inquiram quosdam articulos circa fruitioncm
1283 264 2253 324 vie. tertio quaesdam circa fruitionem patriae. quaerto
1272 316 2274 399 soluam dsdam dubitationes: quinto dicam ad raa
1266 372 2245 436 tiones principales. Circa primum de actu vtem
1268 430 2226 492 di erunt tres breves articuli. Primo est ass
1265 482 2222 557 gnanda differentia inter frui et vti. Secundo vi-
1260 535 2224 608 dendum est an sit aetus voluntatis medius qui
1269 595 2224 658 neque sit vti neque frui. Tertio an actus volun-
1257 655 2214 715 tatis vtendi propriae acceptus sit vnus actus volunta
1259 708 2229 771 tis: an aggravantio plurium actuum voluntatis.
1324 772 2216 836 c irca primum sciendum est quod tam frui quam vt
1258 820 2226 878 significant actum voluntatis. tripliciter autem
1266 874 2223 938 in volendo se habet voluntas: quia aliquando vult aliquio
1259 946 2229 1000 propter se: ita quod si illud solummo praesentetur vo-
1259 990 2232 1051 luntati: complacet voluntati illud velle. sicut si
1253 1055 2232 1107 aliquis clare videret deum: propter seipsum dili-
1264 1100 2243 1174 geret: etiam nihil aliud a se diligeret: sicut comni
1262 1171 2243 1219 ter multi tenet. Aliquando tamen voluntas vult ali-
1265 1219 2239 1279 quid propter aliud tantum. ita quod si illud sit volunta
1259 1275 2238 1330 ti per ie praesentatum: ita quod voluntas non pinciperet
1269 1331 2241 1388 illud aliquo modo ordinari ad aliud quod diligit
1276 1379 2240 1443 voluntas illud non diligeret. verbi gratia: homo di-
1272 1444 2238 1499 ligit sanitatem: et cum perpendit quod amara potio
1259 1499 2222 1563 ordinata est ad sanitatem: tunc diligit eam pro
1268 1563 2233 1627 pter sanitatem: ita quam si potio amara esset ap-
1262 1612 2226 1685 praehensa a voluntate per se non sub intentione quod
1259 1668 2244 1731 sumitur ad sanitatem consequendam: voluntas eam no
1259 1724 2244 1779 diligeret. et ideo potio diligitur a voluntate
1261 1780 2243 1849 propter aliud tantum. Tertio modo potest contindere
1253 1844 2229 1910 quod voluntas diligit aliquid propter se et propter
1247 1899 2240 1952 aliud. verbi gratia. aliquis diligit vinum propter
1256 1948 2232 2003 se. quia dulce desiderat: vel addiscit de nouo
1263 2004 2223 2074 quod generat purum sanguinem. et sic conservat sa-
1256 2059 2226 2115 nitatem. et tunc incipit diligere illud tam propter
1245 2115 2226 2170 se quam propter aliud: propater scilicet sanitatem. Pri
1257 2172 2213 2236 mus modus de istis tribus: videlicet quod volun
1250 2219 2224 2282 tas diligit aliquid propter se: potest considerati
1247 2277 2232 2336 dupliter. Uno modo quod absolute diligit illudi pro
1252 2340 2230 2398 pter se. Alio modo quod sic diligat illud propter
1250 2390 2237 2450 se: quod existimet illud vt fine esse diligedum a
1257 2454 2228 2516 voluntate. et hoc est diligere aliquid propter
1241 2500 2235 2563 finem vltimum. et iste actus voluntatis vocatur
1248 2564 2229 2626 apud theologos frui: stricte et proprie capien-
1256 2621 2229 2675 do hoc verbum frui. Unde Augustinus primo de do
1247 2676 2229 2730 ctrina christia capitulo xxxviii. Dicimus nos ea re
1242 2732 2238 2796 frui quam diligimus propter se. Et infra. Si in
1256 2787 2218 2849 haeresi permanseris fine in ea ponens letitiae tue-
1253 2840 2217 2899 tunc vere et propriae frui dicendus es. Caeter-
1258 2888 2224 2966 vo actus voluntatis dicuntur vti. ita quod vti sit
1257 2948 2220 3010 amare aliquid propter aliud. hoc tamen contin
1258 3003 2241 3068 git dupliter. Quia vel vtrumque istorum sit actu
1253 3059 2217 3115 volitum et vnum propter aliud: et tunc volun-
1255 3115 2242 3187 tas propriae vtitur illo quod propter aliud
