2550 3300
322 172 1267 251 turum sed b non potest caveri: nec est futurum er
320 247 1262 307 go non sunt vnum peccatum. Praeterea sic dice-
336 303 1274 371 rest quod omittens per totam vitam suam: sion pecca
326 356 1281 411 ret nisi tantum uno peccato omissionis. Praeterea
329 405 1278 467 si sortes in prima parte ipsius a committeret b:
335 476 1284 537 et in secunda contereretur et poeniteret: et in tertia vec
327 523 1278 578 caret et omitteret omissione b. tunc manife
332 577 1281 635 stum est quod b et d non sunt vnum peccatum: sed
330 635 1278 690 non minus graviter peccat modo quam tunc: ergo
330 685 1285 760 nunc peccat vel uno peccato infinitae gravi
339 747 1269 803 tatis: vel infinitis peccatis mortalibus.
393 800 1278 867 Praeterea si ista conclusio sit vira: sequitur quod
345 854 1283 911 peccans mortaliter et existens in peccato morta
338 908 1273 971 li / pro omni tempore quo posset poenitere et non peo
338 979 1283 1027 niteret: ipse incurreret nouum peccatum mor
339 1025 1283 1083 tale. consequentia patet: quia omni tempore tenetur esse in
332 1087 1283 1148 gratia et poenitere: ergo quicumque omittit peni
341 1137 1271 1195 tere cum posset: peccat nouo peccato. consequens videtur
332 1195 1278 1250 multum difficile. Praeterea. si illa conclusio
344 1249 1283 1307 foret vera: sequeretur quod teneremur ad aliquid
341 1315 1272 1371 quod non est in potestate nostra. consequentia tenet: quia te-
342 1361 1272 1438 neremur ad gratiam quae non est a nobis: sed
342 1419 1275 1474 a solo deo. consequens falsum videtur: quia tunc obliga
345 1470 1284 1545 remur ultra posse. Ad primum quando arguitur
345 1526 1278 1587 contra primam conclusionem: et deducitur ad hoc
341 1594 1280 1656 quod magis diligens deum minus diligeretur a
354 1642 1289 1699 deo etc. potest dici quod nec consequentia valet: nec con
347 1692 1289 1772 sequens est impossibile. et ad probationem consequens:
345 1751 1284 1818 b existens in charitate minus diligit deum quam
345 1811 1277 1867 a carens charitate: quia deus in illo carente ca
336 1868 1285 1923 sat modo charitatem. et similiter si decederet: illum beati
341 1923 1280 1979 ficaret: et alium si decederet / damnaret: et
341 1980 1278 2043 go magis diligit minus diligente. dico
342 2040 1284 2099 quod ista consequentianondo valet: deus infundit chari
342 2090 1278 2139 tatem isti: vel auget seu conseruat in isto sciliut
341 2145 1278 2200 a charitatem: et in b non: ergo magis dili
345 2201 1282 2263 git a quam b: quia capio unum praescitum ad mortem
342 2263 1284 2320 aeternam existentem in gratia: et alium praede
348 2304 1288 2371 stinatum existentem in peccato mortali: istum
344 2371 1286 2429 plus diligit : manifestum est: quia isti vult ma
336 2430 1276 2498 ius bonum scilicet vitam aeternam: et tamen nullam cha
345 2472 1280 2538 ritatem sibi dat. Similiter non sequitur for
347 2540 1282 2603 maliter: sed vt nunc tantum: iste caret charita-
337 2588 1276 2665 te: ergo si decedat / damnabitur. nam non in
344 2652 1284 2715 cludit contradictionem quod deus hominem sine
347 2708 1280 2771 charitate beatificet. Similiter nec ista consequentia va
348 2757 1280 2826 let: deus damnaret a / si modo decederet:
347 2826 1284 2883 et deus beatificaret b / si modo decederet:
344 2867 1287 2949 igitur deus nunc plus diligit b quam a. Nam
356 2932 1283 3001 quod modo plus diligit b quod a non sequitur: sed
345 2973 1275 3051 bene sequitur quod deus magis diliget b quam
344 3042 1289 3099 a Instantia patet: si b sit praedestinatus exi
342 3087 1280 3154 stens in peccato mortali: et a praescitus exi-
1329 197 2285 259 stens in gratia: tunc ista conditionalis secundum
1326 252 2279 312 legem statutam est bona: deus damnaret b
1325 307 2289 383 si modo decederet. et tamen certum est quod de
1329 372 2287 435 us non plus diligit b quod a: quia ipsi b preordi
1331 420 2278 490 nat vitam aeternam: et ipsi a non. Secundo
1329 475 2286 539 dico quod consequens uon est inconveniens.
1338 532 2277 596 videlicet quod minus diligens deum plus dili
1326 598 2277 659 gatur a deo. nam de facto verum est in exen-
1329 648 2285 707 plo posito de praescito existente in gratia
1338 700 2277 762 t praedestinato existente in peccato mortali.
1343 748 2271 820 Similiter praedestinatus dormiens quando non dili-
1329 819 2274 876 git deum: plus diligitur a deo quod praescitus in
1337 868 2277 931 gratia summe diligens deum. Ad aucto-
1328 924 2274 1005 ritatem scripturae Prover. viii. Ego diligen-
1329 981 2287 1059 tes me diligo. dico quod diligere accipit aequi-
1326 1043 2279 1098 uoce in scriptura. Uno mo pro actu vel pro
1329 1099 2287 1155 motu voluntatis in deum: quo voluntas vult
1344 1148 2276 1211 deo bonum. Alio modo diligere deum vocatur
1329 1196 2285 1267 in scriptura perseveranter vivere secundum
1332 1269 2288 1323 mandata divina. iuxta illud. Qui audit mam
1340 1313 2294 1378 data mea: et servat ea etc. Primo modo loquen
1335 1373 2296 1443 do de dilectione: non opitet quod qui magis dili
1335 1436 2291 1510 git deum: magis diligatur a deo: immo christus
1341 1491 2283 1558 plus dilexit Petrum quando negauit eum: quam unquam
1337 1540 2292 1612 fecerat Iudam: etiam quand optime se habuit.
1337 1596 2289 1675 Secundo modo verum est quod qui magis dili-
1344 1660 2284 1716 git: idest qui melius perseveranter vivit: ma-
1338 1708 2283 1771 gis diligitur a deo. Ad secundum quando ar
1338 1771 2288 1827 guitur: si homo per sola naturalia diligeret
1340 1822 2282 1896 deum etc. ergo etc. consequentia non valet. probo
1341 1878 2290 1947 quia non potest vitare originale peccatum. simi
1341 1940 2301 2002 liter consequens non est inconveniens: quia licet nunc de
1344 1980 2298 2051 facto non possit homo vitare sine gratia:
1334 2044 2293 2107 posset tamen si deo placeret / aliter statuere. et
1342 2092 2287 2172 secundum legem statutam credimus quod talis homo
1341 2156 2296 2219 qui audiens loqui de vna re quae esset crea
1341 2204 2289 2275 trix et gubernatrix omnium: et eam summe
1338 2260 2286 2331 diligeret: deus ei provideret de via salutis:
1332 2323 2274 2398 et infunderet sibi gratiam: etiam sine baptismo
1328 2379 2273 2436 vel aliis sacramentis. Ad tertium quando argu
1334 2436 2274 2507 tur quod tunc potest homo etc. Dico quod hoc
1335 2492 2286 2555 non includit contradictionem. et quando argui
1325 2548 2288 2619 tur. igitur frustra datur gratia. negatur con-
1329 2596 2280 2663 sequentia. nam placet deo: et ideo non est fru-
1331 2653 2285 2724 stra alioquin omnia forent frustra. Nam
1329 2711 2265 2787 ideo sunt quaecumque sunt: quia deo solummodo
1329 2779 2269 2844 placent ut sint: et si aliquid esset quod dec
1326 2828 2263 2890 non placeret: frustra esset. Ad primum
1328 2884 2258 2947 argumentum contra secundam conclusione
1329 2928 2272 3003 factum quando arguitur sic dato etc. potest dici
1340 2991 2251 3065 quod consequens est distinguendum: eo quod
1337 3044 2253 3107 transgredi praeceptum potest duplicitae
1334 3092 2252 3170 accipi. Uno modo: stricte et propris
