<?xml version="1.0" encoding="UTF-8" standalone="yes"?>
<PcGts xmlns="http://schema.primaresearch.org/PAGE/gts/pagecontent/2013-07-15" xmlns:xsi="http://www.w3.org/2001/XMLSchema-instance" xsi:schemaLocation="http://schema.primaresearch.org/PAGE/gts/pagecontent/2013-07-15 http://schema.primaresearch.org/PAGE/gts/pagecontent/2013-07-15/pagecontent.xsd">
    <Metadata>
        <Creator>prov=University of Rostock/Institute of Mathematics/CITlab|PLANET AI GmbH/Gundram Leifert/gundram.leifert@planet-ai.de:name=holcot-sent-m4(htr_id=20243)::::v=2.6.0
prov=University of Rostock/Institute of Mathematics/CITlab|PLANET AI GmbH/Tobias Gruening/tobias.gruening@planet-ai.de:name=de.uros.citlab.module.baseline2polygon.B2PSeamMultiOriented:v=2.6.0
prov=University of Rostock/Institute of Mathematics/CITlab/Tobias Gruening/tobias.gruening@uni-rostock.de:name=/net_tf/LA73_249_0mod360.pb:de.uros.citlab.segmentation.CITlab_LA_ML:v=?0.1
TRP</Creator>
        <Created>2019-01-18T05:12:32.978-05:00</Created>
        <LastChange>2020-01-06T14:39:22.088+01:00</LastChange>
        <TranskribusMetadata docId="116573" pageId="4332674" pageNr="63" tsid="22112025" status="IN_PROGRESS" userId="25065" imgUrl="https://files.transkribus.eu/Get?id=HJVERXUZQYGUBRPXFMLPDCBJ&amp;fileType=view" xmlUrl="https://files.transkribus.eu/Get?id=FZEXADTPYGTDVBMWYLDUQSWZ" imageId="2465215"/>
    </Metadata>
    <Page imageFilename="063.jpg" imageWidth="2550" imageHeight="3300">
        <ReadingOrder>
            <OrderedGroup id="ro_1578342403977" caption="Regions reading order">
                <RegionRefIndexed index="0" regionRef="r2"/>
                <RegionRefIndexed index="1" regionRef="r3"/>
            </OrderedGroup>
        </ReadingOrder>
        <TextRegion orientation="0.0" id="r2" custom="readingOrder {index:0;}">
            <Coords points="290,198 281,3180 1290,3180 1299,198"/>
            <TextLine id="r2l2" custom="readingOrder {index:0;}">
                <Coords points="311,274 1296,272 1296,221 1184,212 311,221"/>
                <Baseline points="317,267 365,267 414,266 462,266 511,266 560,266 608,267 657,267 706,267 754,267 803,267 852,266 900,266 949,266 998,266 1046,266 1095,266 1144,264 1192,264 1241,263 1290,261"/>
                <TextEquiv>
                    <Unicode>Alio modo large et extensive. primo modo ne</Unicode>
                </TextEquiv>
            </TextLine>
            <TextLine id="r2l3" custom="readingOrder {index:1;}">
                <Coords points="323,337 1064,323 1193,350 1289,322 1289,275 323,284"/>
                <Baseline points="329,324 376,324 424,323 472,323 519,323 567,323 615,321 662,321 710,321 758,321 806,321 853,321 901,320 949,320 996,320 1044,320 1092,320 1139,320 1187,318 1235,318 1283,318"/>
                <TextEquiv>
                    <Unicode>go consequentiam: quia propriae transgredi est. Iggere </Unicode>
                </TextEquiv>
            </TextLine>
            <TextLine id="r2l4" custom="readingOrder {index:2;}">
                <Coords points="323,387 1272,379 1271,332 323,337"/>
                <Baseline points="329,374 375,375 422,375 469,375 516,377 563,377 610,377 656,376 703,375 750,375 797,375 844,375 891,374 938,374 984,374 1031,374 1078,372 1125,372 1172,372 1219,372 1266,372"/>
                <TextEquiv>
                    <Unicode>libere substantiam actus prohibiti per praece</Unicode>
                </TextEquiv>
            </TextLine>
            <TextLine id="r2l5" custom="readingOrder {index:3;}">
                <Coords points="321,445 1284,436 1284,380 321,395"/>
                <Baseline points="327,432 374,432 422,432 469,431 517,431 564,431 612,431 659,431 707,431 754,429 802,429 850,429 897,429 945,429 992,428 1040,428 1087,428 1135,428 1182,428 1230,428 1278,429"/>
                <TextEquiv>
                    <Unicode>ptum: vel omittere substantiam actus impositi </Unicode>
                </TextEquiv>
            </TextLine>
            <TextLine id="r2l6" custom="readingOrder {index:4;}">
                <Coords points="327,491 1278,491 1277,436 624,460 326,440"/>
                <Baseline points="333,489 379,489 426,488 473,488 520,488 567,488 614,487 661,486 708,486 755,486 802,486 848,486 895,485 942,485 989,485 1036,485 1083,485 1130,485 1177,484 1224,483 1271,483"/>
                <TextEquiv>
                    <Unicode>sub praecepto. actus autem cadens sub huiusmoni</Unicode>
                </TextEquiv>
            </TextLine>
            <TextLine id="r2l7" custom="readingOrder {index:5;}">
                <Coords points="320,563 1250,547 1263,492 1059,491 1024,516 949,491 320,500"/>
                <Baseline points="326,545 372,543 419,543 465,543 512,543 558,543 605,543 651,542 698,542 744,542 791,542 838,542 884,542 931,542 977,542 1024,542 1070,542 1117,542 1163,542 1210,542 1257,542"/>
                <TextEquiv>
                    <Unicode>praeceptione: non occides: alius est omnino ab</Unicode>
                </TextEquiv>
            </TextLine>
            <TextLine id="r2l8" custom="readingOrder {index:6;}">
                <Coords points="315,611 1266,603 1266,563 1205,547 315,563"/>
                <Baseline points="321,600 370,600 419,600 469,600 518,600 568,600 617,600 666,599 716,599 765,599 815,597 864,597 914,597 963,596 1012,596 1062,596 1111,596 1161,596 1210,597 1260,597"/>
                <TextEquiv>
                    <Unicode>actu prohibito per istud praeceptum: non furabe-</Unicode>
                </TextEquiv>
            </TextLine>
            <TextLine id="r2l9" custom="readingOrder {index:7;}">
                <Coords points="312,660 1275,659 1248,604 311,613"/>
                <Baseline points="318,656 365,656 413,656 460,654 508,654 555,654 603,654 650,653 698,653 745,653 793,653 841,652 888,651 936,651 983,651 1031,651 1078,653 1126,653 1173,653 1221,653 1269,654"/>
                <TextEquiv>
                    <Unicode>ris. et ideo transgredinens unum: non necessario </Unicode>
                </TextEquiv>
            </TextLine>
            <TextLine id="r2l10" custom="readingOrder {index:8;}">
                <Coords points="311,716 1271,716 1271,666 1233,660 311,660"/>
                <Baseline points="317,711 364,710 411,710 459,710 506,710 554,710 601,710 648,709 696,708 743,708 791,708 838,708 885,708 933,708 980,708 1028,708 1075,708 1122,708 1170,708 1217,708 1265,708"/>
                <TextEquiv>
                    <Unicode>transgreditur alterum: proprie loquendo et stri</Unicode>
                </TextEquiv>
            </TextLine>
            <TextLine id="r2l11" custom="readingOrder {index:9;}">
                <Coords points="314,776 1268,770 1268,724 314,732"/>
                <Baseline points="320,765 367,765 414,765 461,765 508,765 555,765 602,765 650,765 697,765 744,765 791,765 838,765 885,764 932,764 980,764 1027,764 1074,764 1121,764 1168,764 1215,764 1263,765"/>
                <TextEquiv>
                    <Unicode>te de transgressione praecepti. Alio modo </Unicode>
                </TextEquiv>
            </TextLine>
            <TextLine id="r2l12" custom="readingOrder {index:10;}">
                <Coords points="293,824 1178,840 1265,827 1265,788 461,768 293,792"/>
                <Baseline points="299,822 347,822 395,822 443,822 491,821 539,821 587,821 635,821 683,821 731,821 779,819 827,819 875,819 923,819 971,819 1019,819 1067,821 1115,821 1163,821 1211,822 1259,822"/>
                <TextEquiv>
                    <Unicode>accipitur transgredi praeceptum large: quia si prae-</Unicode>
                </TextEquiv>
            </TextLine>
            <TextLine id="r2l13" custom="readingOrder {index:11;}">
                <Coords points="300,884 1266,883 1266,837 300,842"/>
                <Baseline points="306,876 353,876 401,876 449,876 496,876 544,876 592,876 639,876 687,876 735,876 783,876 830,876 878,876 926,875 973,875 1021,875 1069,875 1116,875 1164,876 1212,876 1260,876"/>
                <TextEquiv>
                    <Unicode>cipitur a deo quod circumstantia cuiuslibet obser-</Unicode>
                </TextEquiv>
            </TextLine>
            <TextLine id="r2l14" custom="readingOrder {index:12;}">
                <Coords points="301,938 859,955 1112,932 1204,959 1263,938 1263,890 301,892"/>
                <Baseline points="308,932 355,932 402,933 450,933 497,933 545,933 592,933 640,933 687,933 735,932 782,932 829,932 877,932 924,932 972,932 1019,932 1067,932 1114,932 1162,932 1209,933 1257,933"/>
                <TextEquiv>
                    <Unicode>uationis et impletionis praecepti sit in gratia </Unicode>
                </TextEquiv>
            </TextLine>
            <TextLine id="r2l15" custom="readingOrder {index:13;}">
                <Coords points="305,994 1239,1010 1260,937 305,947"/>
                <Baseline points="312,989 359,989 406,990 453,990 500,990 547,990 594,990 641,990 688,990 735,990 783,990 830,990 877,989 924,989 971,989 1018,989 1065,989 1112,989 1159,989 1206,989 1254,989"/>
                <TextEquiv>
                    <Unicode>tia: ideo carens gratia non obseruat aliquod </Unicode>
                </TextEquiv>
            </TextLine>
            <TextLine id="r2l16" custom="readingOrder {index:14;}">
                <Coords points="303,1060 1257,1058 1257,1004 1205,996 303,1004"/>
                <Baseline points="309,1046 356,1046 403,1046 450,1046 497,1046 544,1046 591,1046 638,1046 685,1047 732,1047 780,1047 827,1047 874,1046 921,1046 968,1046 1015,1046 1062,1046 1109,1046 1156,1046 1203,1046 1251,1046"/>
                <TextEquiv>
                    <Unicode>praeceptum secundum circumstantias debitas: et ideo </Unicode>
                </TextEquiv>
            </TextLine>
            <TextLine id="r2l17" custom="readingOrder {index:15;}">
                <Coords points="303,1115 1264,1107 1263,1059 303,1061"/>
                <Baseline points="309,1103 356,1103 403,1103 451,1103 498,1103 546,1103 593,1103 640,1103 688,1103 735,1103 783,1103 830,1103 877,1103 925,1103 972,1103 1020,1103 1067,1102 1114,1101 1162,1101 1209,1101 1257,1101"/>
                <TextEquiv>
                    <Unicode>large loquendo transgreditur quodlibet prae-</Unicode>
                </TextEquiv>
            </TextLine>
            <TextLine id="r2l18" custom="readingOrder {index:16;}">
                <Coords points="297,1164 1253,1166 1253,1123 1198,1109 297,1124"/>
                <Baseline points="303,1157 350,1157 397,1157 444,1158 491,1158 539,1158 586,1158 633,1158 680,1158 727,1158 775,1158 822,1158 869,1158 916,1158 963,1157 1011,1157 1058,1157 1105,1157 1152,1157 1199,1158 1247,1158"/>
                <TextEquiv>
                    <Unicode>ceptum: et transgreditur circumstantiam inclusam </Unicode>
                </TextEquiv>
            </TextLine>
            <TextLine id="r2l19" custom="readingOrder {index:17;}">
                <Coords points="299,1219 1264,1219 1239,1169 483,1164 390,1188 299,1163"/>
                <Baseline points="305,1212 352,1213 400,1214 447,1214 495,1214 543,1214 590,1214 638,1214 685,1214 733,1215 781,1215 828,1215 876,1215 923,1215 971,1215 1019,1215 1066,1215 1114,1215 1161,1215 1209,1215 1257,1215"/>
                <TextEquiv>
                    <Unicode>sub quolibet praecepto. sic concedo quod qui deli</Unicode>
                </TextEquiv>
            </TextLine>
            <TextLine id="r2l20" custom="readingOrder {index:18;}">
                <Coords points="296,1275 1261,1283 1247,1219 1160,1219 1111,1260 790,1220 297,1236"/>
                <Baseline points="303,1269 350,1269 398,1269 445,1269 493,1269 540,1269 588,1269 635,1269 683,1269 730,1271 778,1271 826,1271 873,1271 921,1272 968,1272 1016,1272 1063,1272 1111,1272 1158,1272 1206,1272 1254,1271"/>
                <TextEquiv>
                    <Unicode>quitur in vno: factus est omnium reus. Ad se</Unicode>
                </TextEquiv>
            </TextLine>
            <TextLine id="r2l21" custom="readingOrder {index:19;}">
                <Coords points="302,1339 1204,1339 1248,1331 1248,1290 302,1291"/>
                <Baseline points="308,1325 354,1325 401,1326 447,1326 494,1326 541,1326 587,1326 634,1326 681,1328 727,1328 774,1328 821,1328 867,1328 914,1328 961,1326 1007,1326 1054,1326 1101,1326 1147,1326 1194,1325 1241,1325"/>
                <TextEquiv>
                    <Unicode>cundum quando dicitur quod si homo tenetur ad obser-</Unicode>
                </TextEquiv>
            </TextLine>
            <TextLine id="r2l22" custom="readingOrder {index:20;}">
                <Coords points="302,1403 1117,1403 1244,1389 1244,1338 302,1340"/>
                <Baseline points="308,1382 354,1382 401,1382 447,1382 494,1382 540,1382 587,1382 633,1382 680,1382 726,1382 773,1382 819,1382 866,1383 912,1383 959,1383 1005,1383 1052,1383 1098,1383 1145,1383 1191,1382 1238,1382"/>
                <TextEquiv>
                    <Unicode>uantiam praeceptorum in gratia: igitur peccans</Unicode>
                </TextEquiv>
            </TextLine>
            <TextLine id="r2l23" custom="readingOrder {index:21;}">
                <Coords points="293,1446 1039,1443 1066,1467 1251,1450 1251,1397 293,1405"/>
                <Baseline points="299,1437 346,1437 393,1437 440,1437 488,1437 535,1437 582,1437 630,1437 677,1437 724,1437 772,1437 819,1437 866,1437 913,1439 961,1439 1008,1439 1055,1439 1103,1439 1150,1439 1197,1439 1245,1439"/>
                <TextEquiv>
                    <Unicode>mortaliter per unam horam: peccaret peccatis </Unicode>
                </TextEquiv>
            </TextLine>
            <TextLine id="r2l24" custom="readingOrder {index:22;}">
                <Coords points="299,1507 1257,1506 1257,1461 1190,1444 633,1468 299,1445"/>
                <Baseline points="305,1494 352,1493 399,1493 446,1493 494,1494 541,1494 588,1494 636,1494 683,1494 730,1494 778,1494 825,1496 872,1496 919,1496 967,1496 1014,1496 1061,1496 1109,1494 1156,1494 1203,1494 1251,1493"/>
                <TextEquiv>
                    <Unicode>infinitis: quia in prima parte proportioabili te</Unicode>
                </TextEquiv>
            </TextLine>
            <TextLine id="r2l25" custom="readingOrder {index:23;}">
                <Coords points="303,1562 1249,1562 1249,1516 1151,1500 1088,1530 1044,1500 303,1509"/>
                <Baseline points="309,1550 355,1550 402,1550 448,1550 495,1550 542,1550 588,1550 635,1550 682,1550 728,1550 775,1550 822,1550 868,1550 915,1550 962,1550 1008,1550 1055,1551 1102,1551 1148,1551 1195,1551 1242,1551"/>
                <TextEquiv>
                    <Unicode>netur esse in gratia et non est: ergo ibi est alia </Unicode>
                </TextEquiv>
            </TextLine>
            <TextLine id="r2l26" custom="readingOrder {index:24;}">
                <Coords points="299,1611 1250,1619 1224,1555 299,1571"/>
                <Baseline points="305,1602 354,1604 403,1604 453,1604 502,1604 552,1604 601,1604 650,1604 700,1604 749,1604 799,1604 848,1605 898,1605 947,1605 996,1605 1046,1605 1095,1607 1145,1607 1194,1608 1244,1608"/>
                <TextEquiv>
                    <Unicode>omissio. et sic in secunda et in tertia etc. hic potest</Unicode>
                </TextEquiv>
            </TextLine>
            <TextLine id="r2l27" custom="readingOrder {index:25;}">
                <Coords points="296,1667 1244,1674 1244,1628 1170,1612 296,1613"/>
                <Baseline points="302,1659 348,1659 395,1659 442,1659 489,1659 536,1659 582,1659 629,1659 676,1659 723,1659 770,1661 816,1661 863,1661 910,1661 957,1661 1004,1661 1050,1662 1097,1662 1144,1664 1191,1664 1238,1665"/>
                <TextEquiv>
                    <Unicode>dici proportionabiliter quod conclusio est iconceden </Unicode>
                </TextEquiv>
            </TextLine>
            <TextLine id="r2l28" custom="readingOrder {index:26;}">
                <Coords points="296,1723 1253,1730 1253,1669 296,1675"/>
                <Baseline points="303,1715 350,1716 397,1716 444,1716 491,1718 539,1718 586,1718 633,1718 680,1718 727,1718 775,1718 822,1718 869,1718 916,1718 963,1718 1011,1718 1058,1719 1105,1719 1152,1719 1199,1721 1247,1721"/>
                <TextEquiv>
                    <Unicode>da in casu. quia si teneretur de voluntate quod pos</Unicode>
                </TextEquiv>
            </TextLine>
            <TextLine id="r2l29" custom="readingOrder {index:27;}">
                <Coords points="291,1779 1257,1788 1257,1740 1120,1724 292,1723"/>
                <Baseline points="297,1772 344,1772 392,1772 440,1772 487,1772 535,1772 583,1773 630,1773 678,1773 726,1773 774,1773 821,1773 869,1775 917,1775 964,1775 1012,1775 1060,1775 1107,1776 1155,1776 1203,1776 1251,1776"/>
                <TextEquiv>
                    <Unicode>set habere subitum actum : hoc est in instanti: et </Unicode>
                </TextEquiv>
            </TextLine>
            <TextLine id="r2l30" custom="readingOrder {index:28;}">
                <Coords points="299,1839 1096,1827 1213,1851 1245,1843 1246,1795 300,1779"/>
                <Baseline points="306,1827 352,1827 399,1827 445,1827 492,1827 539,1827 585,1827 632,1827 679,1827 725,1827 772,1827 819,1827 865,1827 912,1827 959,1829 1005,1829 1052,1829 1099,1830 1145,1832 1192,1832 1239,1833"/>
                <TextEquiv>
                    <Unicode>in quolibet instanti nouum actum: vel in tempore </Unicode>
                </TextEquiv>
            </TextLine>
            <TextLine id="r2l31" custom="readingOrder {index:29;}">
                <Coords points="296,1889 1245,1891 1232,1842 297,1845"/>
                <Baseline points="302,1883 348,1883 395,1883 442,1883 489,1883 536,1883 583,1883 629,1883 676,1883 723,1883 770,1883 817,1883 864,1883 911,1883 957,1884 1004,1884 1051,1884 1098,1884 1145,1884 1192,1883 1239,1883"/>
                <TextEquiv>
                    <Unicode>minori et inminori: igitur in infinitum ex deli</Unicode>
                </TextEquiv>
            </TextLine>
            <TextLine id="r2l32" custom="readingOrder {index:30;}">
                <Coords points="294,1947 1242,1947 1242,1904 1123,1892 294,1891"/>
                <Baseline points="300,1937 346,1937 393,1938 440,1938 487,1938 534,1938 580,1938 627,1938 674,1938 721,1937 768,1937 814,1937 861,1937 908,1937 955,1937 1002,1938 1048,1938 1095,1938 1142,1938 1189,1940 1236,1940"/>
                <TextEquiv>
                    <Unicode>beratione: conclusio foret vera maxime in pec</Unicode>
                </TextEquiv>
            </TextLine>
            <TextLine id="r2l33" custom="readingOrder {index:31;}">
                <Coords points="282,2003 1239,2003 1251,1947 282,1961"/>
                <Baseline points="288,1994 335,1994 383,1994 431,1994 479,1992 527,1992 575,1992 622,1992 670,1992 718,1992 766,1992 814,1992 862,1994 910,1994 957,1994 1005,1994 1053,1994 1101,1992 1149,1992 1197,1992 1245,1992"/>
                <TextEquiv>
                    <Unicode>cato omissionis: quia pro infinitis temporibus vel</Unicode>
                </TextEquiv>
            </TextLine>
            <TextLine id="r2l34" custom="readingOrder {index:32;}">
                <Coords points="276,2059 1246,2060 1246,2011 276,2015"/>
                <Baseline points="282,2048 329,2048 377,2048 425,2046 473,2046 521,2046 569,2046 616,2046 664,2046 712,2046 760,2048 808,2048 856,2048 904,2048 951,2048 999,2048 1047,2048 1095,2048 1143,2048 1191,2048 1239,2048"/>
                <TextEquiv>
                    <Unicode>instantibus omitteret illud quod debet habere. </Unicode>
                </TextEquiv>
            </TextLine>
            <TextLine id="line_1578081502978_431" custom="readingOrder {index:33;}">
                <Coords points="286,2115 1262,2106 1262,2068 1158,2057 287,2059"/>
                <Baseline points="292,2104 1256,2105"/>
                <TextEquiv>
                    <Unicode>Tenendo similiter quod voluntas successive habeat </Unicode>
                </TextEquiv>
            </TextLine>
            <TextLine id="r2l35" custom="readingOrder {index:34;}">
                <Coords points="279,2162 1245,2171 1245,2123 1083,2108 279,2123"/>
                <Baseline points="285,2156 332,2156 380,2157 428,2157 475,2157 523,2157 571,2157 618,2157 666,2157 714,2157 762,2157 809,2157 857,2157 905,2157 952,2157 1000,2157 1048,2157 1095,2157 1143,2157 1191,2157 1239,2157"/>
                <TextEquiv>
                    <Unicode>actum suum: ita quod volitio causetur in voluntate </Unicode>
                </TextEquiv>
            </TextLine>
            <TextLine id="r2l36" custom="readingOrder {index:35;}">
                <Coords points="287,2227 1238,2218 1238,2179 1193,2164 287,2165"/>
                <Baseline points="293,2211 342,2211 391,2211 441,2211 490,2211 540,2211 589,2211 638,2211 688,2211 737,2210 787,2210 836,2210 886,2210 935,2211 984,2211 1034,2211 1083,2211 1133,2212 1182,2213 1232,2213"/>
                <TextEquiv>
                    <Unicode>partibiliter: sicut calor causatur in ligno: lo-</Unicode>
                </TextEquiv>
            </TextLine>
            <TextLine id="r2l37" custom="readingOrder {index:36;}">
                <Coords points="292,2279 1247,2275 1247,2220 293,2233"/>
                <Baseline points="299,2265 346,2265 393,2265 440,2265 487,2265 534,2265 581,2265 628,2265 675,2265 722,2265 770,2265 817,2265 864,2267 911,2267 958,2267 1005,2267 1052,2267 1099,2267 1146,2267 1193,2267 1241,2267"/>
                <TextEquiv>
                    <Unicode>quendo de partibus intensionis: tunc non est </Unicode>
                </TextEquiv>
            </TextLine>
            <TextLine id="r2l38" custom="readingOrder {index:37;}">
                <Coords points="280,2326 1236,2331 1236,2282 1200,2276 280,2276"/>
                <Baseline points="287,2319 334,2319 381,2321 428,2321 475,2321 522,2321 569,2322 617,2322 664,2322 711,2322 758,2322 805,2322 852,2322 899,2322 947,2322 994,2322 1041,2322 1088,2322 1135,2322 1182,2322 1230,2324"/>
                <TextEquiv>
                    <Unicode>dare primum instans in quo voluntas vult </Unicode>
                </TextEquiv>
            </TextLine>
            <TextLine id="r2l39" custom="readingOrder {index:38;}">
                <Coords points="276,2386 1252,2386 1238,2330 277,2338"/>
                <Baseline points="282,2376 330,2376 378,2376 426,2376 474,2376 522,2376 570,2376 619,2376 667,2376 715,2378 763,2378 811,2378 859,2378 907,2378 956,2378 1004,2378 1052,2378 1100,2378 1148,2378 1196,2378 1245,2378"/>
                <TextEquiv>
                    <Unicode>sed continue est alia volitio. et licet sit dare primum </Unicode>
                </TextEquiv>
            </TextLine>
            <TextLine id="r2l40" custom="readingOrder {index:39;}">
                <Coords points="282,2442 1238,2442 1238,2402 1185,2388 282,2396"/>
                <Baseline points="288,2432 335,2433 382,2433 429,2433 476,2433 524,2433 571,2433 618,2433 665,2433 712,2433 760,2433 807,2433 854,2433 901,2435 948,2435 996,2435 1043,2435 1090,2435 1137,2435 1184,2436 1232,2436"/>
                <TextEquiv>
                    <Unicode>instans in quo haec volitio est: non tamen est da</Unicode>
                </TextEquiv>
            </TextLine>
            <TextLine id="r2l41" custom="readingOrder {index:40;}">
                <Coords points="284,2499 1232,2499 1243,2450 284,2452"/>
                <Baseline points="291,2489 338,2489 385,2489 432,2490 480,2490 527,2490 574,2490 621,2490 669,2490 716,2490 763,2490 810,2490 858,2490 905,2490 952,2490 999,2490 1047,2490 1094,2490 1141,2490 1188,2490 1236,2490"/>
                <TextEquiv>
                    <Unicode>re primum instans an quo voluntas illa ma</Unicode>
                </TextEquiv>
            </TextLine>
            <TextLine id="r2l42" custom="readingOrder {index:41;}">
                <Coords points="282,2554 1239,2555 1239,2507 1157,2500 495,2495 455,2524 282,2497"/>
                <Baseline points="288,2546 335,2546 382,2546 429,2546 477,2546 524,2547 571,2547 618,2547 666,2546 713,2546 760,2546 807,2546 855,2546 902,2546 949,2546 996,2546 1044,2546 1091,2546 1138,2547 1185,2547 1233,2547"/>
                <TextEquiv>
                    <Unicode>le vult. ideo sicut in alteratione contiua</Unicode>
                </TextEquiv>
            </TextLine>
            <TextLine id="r2l43" custom="readingOrder {index:42;}">
                <Coords points="275,2611 1248,2617 1248,2563 1203,2555 276,2565"/>
                <Baseline points="282,2600 330,2600 378,2601 426,2601 474,2601 522,2601 570,2601 618,2601 666,2601 714,2601 762,2601 810,2601 858,2601 906,2601 954,2601 1002,2601 1050,2601 1098,2603 1146,2603 1194,2604 1242,2604"/>
                <TextEquiv>
                    <Unicode>est dare infinitas formas et remissiores for</Unicode>
                </TextEquiv>
            </TextLine>
            <TextLine id="r2l44" custom="readingOrder {index:43;}">
                <Coords points="277,2667 1236,2675 1222,2611 278,2619"/>
                <Baseline points="284,2655 331,2655 378,2657 425,2658 473,2658 520,2658 567,2658 615,2658 662,2658 709,2658 757,2658 804,2658 851,2658 898,2658 946,2658 993,2658 1040,2658 1088,2658 1135,2658 1182,2658 1230,2660"/>
                <TextEquiv>
                    <Unicode>ma in vltimo gradu terminante alteratio </Unicode>
                </TextEquiv>
            </TextLine>
            <TextLine id="r2l45" custom="readingOrder {index:44;}">
                <Coords points="276,2722 1229,2727 1229,2675 275,2676"/>
                <Baseline points="281,2715 328,2717 375,2717 422,2718 469,2718 516,2718 563,2718 610,2718 657,2717 704,2717 752,2717 799,2715 846,2715 893,2715 940,2715 987,2715 1034,2715 1081,2715 1128,2717 1175,2718 1223,2720"/>
                <TextEquiv>
                    <Unicode>nem: et per consequens infinitas albedines remissae </Unicode>
                </TextEquiv>
            </TextLine>
            <TextLine id="r2l46" custom="readingOrder {index:45;}">
                <Coords points="278,2779 1241,2783 1216,2724 278,2724"/>
                <Baseline points="284,2769 331,2771 379,2771 426,2772 474,2772 521,2772 569,2772 616,2772 664,2772 711,2772 759,2772 807,2772 854,2772 902,2771 949,2771 997,2771 1044,2771 1092,2772 1139,2772 1187,2774 1235,2775"/>
                <TextEquiv>
                    <Unicode>dealbatione continua: ita etiam in hac volitio </Unicode>
                </TextEquiv>
            </TextLine>
            <TextLine id="r2l47" custom="readingOrder {index:46;}">
                <Coords points="275,2831 1238,2834 1216,2784 275,2787"/>
                <Baseline points="281,2823 328,2825 376,2826 423,2828 471,2828 518,2828 566,2828 613,2828 661,2828 708,2828 756,2828 804,2828 851,2828 899,2826 946,2826 994,2826 1041,2826 1089,2828 1136,2828 1184,2829 1232,2829"/>
                <TextEquiv>
                    <Unicode>ne producta partialiter est dare volitiones </Unicode>
                </TextEquiv>
            </TextLine>
            <TextLine id="r2l48" custom="readingOrder {index:47;}">
                <Coords points="281,2885 1242,2891 1232,2836 783,2858 282,2831"/>
                <Baseline points="288,2879 335,2879 382,2880 430,2880 477,2880 525,2882 572,2882 619,2882 667,2882 714,2882 762,2882 809,2882 856,2883 904,2883 951,2883 999,2883 1046,2883 1093,2883 1141,2883 1188,2883 1236,2883"/>
                <TextEquiv>
                    <Unicode>infinitas remissiores. et tamen quaelibet illarum </Unicode>
                </TextEquiv>
            </TextLine>
            <TextLine id="r2l49" custom="readingOrder {index:48;}">
                <Coords points="281,2939 1243,2947 1243,2901 1115,2891 706,2912 281,2884"/>
                <Baseline points="287,2934 334,2933 381,2933 429,2933 476,2933 524,2933 571,2933 619,2933 666,2934 714,2934 761,2934 808,2934 856,2934 903,2936 951,2936 998,2936 1046,2936 1093,2936 1141,2936 1188,2936 1236,2936"/>
                <TextEquiv>
                    <Unicode>fuit peccatum mortale. nec est dare minimum </Unicode>
                </TextEquiv>
            </TextLine>
            <TextLine id="r2l50" custom="readingOrder {index:49;}">
                <Coords points="282,3003 1248,3002 1248,2956 1207,2947 282,2948"/>
                <Baseline points="288,2988 335,2987 383,2987 431,2987 478,2987 526,2987 574,2987 621,2987 669,2987 717,2987 765,2988 812,2988 860,2988 908,2990 955,2990 1003,2990 1051,2991 1098,2991 1146,2991 1194,2991 1242,2993"/>
                <TextEquiv>
                    <Unicode>peccatum mortale quod iste commisit eligendo hanc </Unicode>
                </TextEquiv>
            </TextLine>
            <TextLine id="r2l51" custom="readingOrder {index:50;}">
                <Coords points="275,3059 1239,3059 1239,3003 276,3004"/>
                <Baseline points="282,3041 329,3039 377,3039 424,3039 472,3039 519,3039 567,3040 614,3041 662,3041 709,3042 757,3044 805,3044 852,3045 900,3045 947,3045 995,3047 1042,3047 1090,3047 1137,3047 1185,3047 1233,3047"/>
                <TextEquiv>
                    <Unicode>volitionem immo sunt infinita peccata mor-</Unicode>
                </TextEquiv>
            </TextLine>
            <TextLine id="r2l52" custom="readingOrder {index:51;}">
                <Coords points="278,3108 1242,3109 1235,3059 278,3059"/>
                <Baseline points="284,3099 331,3098 379,3098 426,3098 474,3098 522,3098 569,3098 617,3098 664,3099 712,3099 760,3101 807,3101 855,3101 902,3102 950,3102 998,3102 1045,3102 1093,3102 1140,3102 1188,3102 1236,3101"/>
                <TextEquiv>
                    <Unicode>talia: quae sunt tantum partes unius peccati mor-</Unicode>
                </TextEquiv>
            </TextLine>
            <TextLine id="r2l53" custom="readingOrder {index:52;}">
                <Coords points="275,3170 1236,3178 1236,3117 1206,3108 983,3132 939,3109 276,3114"/>
                <Baseline points="281,3162 328,3161 375,3161 423,3161 470,3161 518,3161 565,3161 613,3161 660,3162 708,3163 755,3164 802,3165 850,3165 897,3166 945,3167 992,3167 1040,3167 1087,3167 1135,3167 1182,3165 1230,3165"/>
                <TextEquiv>
                    <Unicode>talis. et sic in actu commissionis committens </Unicode>
                </TextEquiv>
            </TextLine>
            <TextEquiv>
                <Unicode>Alio modo large et extensive. primo modo ne
go consequentiam: quia propriae transgredi est. Iggere 
libere substantiam actus prohibiti per praece
ptum: vel omittere substantiam actus impositi 
sub praecepto. actus autem cadens sub huiusmoni
praeceptione: non occides: alius est omnino ab
actu prohibito per istud praeceptum: non furabe-
ris. et ideo transgredinens unum: non necessario 
transgreditur alterum: proprie loquendo et stri
te de transgressione praecepti. Alio modo 
accipitur transgredi praeceptum large: quia si prae-
cipitur a deo quod circumstantia cuiuslibet obser-
uationis et impletionis praecepti sit in gratia 
tia: ideo carens gratia non obseruat aliquod 
praeceptum secundum circumstantias debitas: et ideo 
large loquendo transgreditur quodlibet prae-
ceptum: et transgreditur circumstantiam inclusam 
sub quolibet praecepto. sic concedo quod qui deli
quitur in vno: factus est omnium reus. Ad se
cundum quando dicitur quod si homo tenetur ad obser-
uantiam praeceptorum in gratia: igitur peccans
mortaliter per unam horam: peccaret peccatis 
infinitis: quia in prima parte proportioabili te
netur esse in gratia et non est: ergo ibi est alia 
omissio. et sic in secunda et in tertia etc. hic potest
dici proportionabiliter quod conclusio est iconceden 
da in casu. quia si teneretur de voluntate quod pos
set habere subitum actum : hoc est in instanti: et 
in quolibet instanti nouum actum: vel in tempore 
minori et inminori: igitur in infinitum ex deli
beratione: conclusio foret vera maxime in pec
cato omissionis: quia pro infinitis temporibus vel
instantibus omitteret illud quod debet habere. 
Tenendo similiter quod voluntas successive habeat 
actum suum: ita quod volitio causetur in voluntate 
partibiliter: sicut calor causatur in ligno: lo-
quendo de partibus intensionis: tunc non est 
dare primum instans in quo voluntas vult 
sed continue est alia volitio. et licet sit dare primum 
instans in quo haec volitio est: non tamen est da
re primum instans an quo voluntas illa ma
le vult. ideo sicut in alteratione contiua
est dare infinitas formas et remissiores for
ma in vltimo gradu terminante alteratio 
nem: et per consequens infinitas albedines remissae 
dealbatione continua: ita etiam in hac volitio 
ne producta partialiter est dare volitiones 
infinitas remissiores. et tamen quaelibet illarum 
fuit peccatum mortale. nec est dare minimum 
peccatum mortale quod iste commisit eligendo hanc 
volitionem immo sunt infinita peccata mor-
talia: quae sunt tantum partes unius peccati mor-
talis. et sic in actu commissionis committens </Unicode>
            </TextEquiv>
        </TextRegion>
        <TextRegion orientation="0.0" id="r3" custom="readingOrder {index:1;}">
            <Coords points="1308,192 1290,3192 2286,3192 2304,192"/>
            <TextLine id="r3l2" custom="readingOrder {index:0;}">
                <Coords points="1327,267 2277,275 2277,218 2224,211 1872,235 1822,211 1725,229 1671,195 1548,230 1328,221"/>
                <Baseline points="1334,257 1380,257 1427,258 1474,258 1521,259 1568,260 1615,260 1661,261 1708,261 1755,263 1802,263 1849,263 1896,264 1943,264 1989,264 2036,264 2083,264 2130,264 2177,264 2224,264 2271,263"/>
                <TextEquiv>
                    <Unicode>committit peccata infinita. et ideo per has vias</Unicode>
                </TextEquiv>
            </TextLine>
            <TextLine id="r3l3" custom="readingOrder {index:1;}">
                <Coords points="1335,324 2292,323 2292,283 2234,269 1335,276"/>
                <Baseline points="1341,312 1388,312 1435,314 1482,314 1530,315 1577,315 1624,315 1671,316 1719,317 1766,317 1813,317 1860,317 1908,317 1955,318 2002,318 2049,318 2097,318 2144,318 2191,318 2238,318 2286,318"/>
                <TextEquiv>
                    <Unicode>conclusio ad quam deducitur / non est inconveniens. </Unicode>
                </TextEquiv>
            </TextLine>
            <TextLine id="r3l4" custom="readingOrder {index:2;}">
                <Coords points="1334,377 2286,393 2287,331 2252,324 1335,332"/>
                <Baseline points="1341,365 1390,366 1439,368 1489,369 1538,369 1588,371 1637,371 1686,371 1736,371 1785,372 1835,372 1884,372 1934,372 1983,372 2032,372 2082,374 2131,374 2181,375 2230,377 2280,377"/>
                <TextEquiv>
                    <Unicode>quia tamen argumentum nititur probare quod omittens per</Unicode>
                </TextEquiv>
            </TextLine>
            <TextLine id="r3l5" custom="readingOrder {index:3;}">
                <Coords points="1328,441 2279,435 2279,391 2215,380 1329,373"/>
                <Baseline points="1334,423 1383,423 1432,423 1482,423 1531,423 1581,423 1630,423 1679,425 1729,425 1778,426 1828,426 1877,428 1927,428 1976,428 2025,428 2075,428 2124,428 2174,427 2223,425 2273,423"/>
                <TextEquiv>
                    <Unicode>horam peccat infinitis omissionibus: potest di</Unicode>
                </TextEquiv>
            </TextLine>
            <TextLine id="r3l6" custom="readingOrder {index:4;}">
                <Coords points="1325,484 2286,489 2286,446 2247,432 2137,458 1956,429 1326,442"/>
                <Baseline points="1332,476 1379,477 1426,479 1474,479 1521,480 1569,481 1616,482 1663,482 1711,482 1758,483 1806,483 1853,483 1900,483 1948,483 1995,483 2043,483 2090,483 2137,483 2185,483 2232,483 2280,483"/>
                <TextEquiv>
                    <Unicode>ci quod hoc potest intelligi dupliter. Uno modo </Unicode>
                </TextEquiv>
            </TextLine>
            <TextLine id="r3l7" custom="readingOrder {index:5;}">
                <Coords points="1325,547 2268,547 2246,492 1326,500"/>
                <Baseline points="1332,536 1378,536 1425,536 1471,536 1518,537 1564,537 1611,537 1657,537 1704,537 1750,539 1797,539 1843,539 1890,540 1936,540 1983,540 2029,540 2076,540 2122,540 2169,540 2215,540 2262,539"/>
                <TextEquiv>
                    <Unicode>quod peccet infinitis omissionibus concommitant. </Unicode>
                </TextEquiv>
            </TextLine>
            <TextLine id="r3l8" custom="readingOrder {index:6;}">
                <Coords points="1329,597 1664,594 1699,621 1723,599 2277,602 2277,555 1330,554"/>
                <Baseline points="1335,588 1381,590 1428,591 1475,592 1522,593 1568,594 1615,594 1662,596 1709,596 1755,596 1802,596 1849,596 1896,596 1942,596 1989,596 2036,596 2083,596 2129,596 2176,596 2223,596 2270,597"/>
                <TextEquiv>
                    <Unicode>pus. et sic dicitur quod non est verum. cuius cau</Unicode>
                </TextEquiv>
            </TextLine>
            <TextLine id="r3l9" custom="readingOrder {index:7;}">
                <Coords points="1317,650 1953,678 2264,659 2264,612 2202,603 1699,621 1317,596"/>
                <Baseline points="1323,644 1369,645 1416,647 1463,648 1510,648 1556,650 1603,650 1650,651 1697,651 1743,651 1790,653 1837,653 1884,653 1930,653 1977,653 2024,653 2071,653 2117,653 2164,653 2211,653 2258,653"/>
                <TextEquiv>
                    <Unicode>sa est: quia stat aliquam partem proportionalem </Unicode>
                </TextEquiv>
            </TextLine>
            <TextLine id="r3l10" custom="readingOrder {index:8;}">
                <Coords points="1322,707 2263,722 2272,668 1322,660"/>
                <Baseline points="1328,699 1374,701 1421,702 1468,704 1515,704 1562,705 1609,705 1655,705 1702,707 1749,707 1796,707 1843,708 1890,708 1937,708 1983,708 2030,708 2077,708 2124,708 2171,710 2218,710 2265,710"/>
                <TextEquiv>
                    <Unicode>esse ita paruam in qua non potest resistere nec </Unicode>
                </TextEquiv>
            </TextLine>
            <TextLine id="r3l11" custom="readingOrder {index:9;}">
                <Coords points="1319,763 2104,787 2261,771 2262,724 1319,715"/>
                <Baseline points="1325,756 1371,756 1418,758 1464,758 1511,759 1557,759 1604,761 1650,761 1697,762 1743,762 1790,762 1836,764 1883,764 1929,764 1976,764 2022,765 2069,765 2115,765 2162,765 2208,765 2255,767"/>
                <TextEquiv>
                    <Unicode>resipiscere nec poenitere. sed concedo quod omn-</Unicode>
                </TextEquiv>
            </TextLine>
            <TextLine id="r3l12" custom="readingOrder {index:10;}">
                <Coords points="1316,819 2273,827 2257,780 1316,771"/>
                <Baseline points="1322,810 1369,813 1416,814 1463,815 1511,816 1558,816 1605,818 1652,818 1700,818 1747,819 1794,819 1841,819 1889,819 1936,819 1983,819 2030,821 2078,821 2125,821 2172,821 2219,822 2267,822"/>
                <TextEquiv>
                    <Unicode>tempore pro quo potest poenitere ante finem horae et non </Unicode>
                </TextEquiv>
            </TextLine>
            <TextLine id="r3l13" custom="readingOrder {index:11;}">
                <Coords points="1319,875 2274,883 2262,827 1320,835"/>
                <Baseline points="1326,866 1373,867 1420,869 1467,872 1514,872 1561,873 1608,875 1655,875 1702,875 1749,875 1797,875 1844,875 1891,875 1938,875 1985,875 2032,875 2079,876 2126,876 2173,876 2220,878 2268,878"/>
                <TextEquiv>
                    <Unicode>racit: peccat mortaliter nouo peccato omis-</Unicode>
                </TextEquiv>
            </TextLine>
            <TextLine id="r3l14" custom="readingOrder {index:12;}">
                <Coords points="1314,931 2270,947 2251,883 1743,900 1654,877 1621,900 1314,875"/>
                <Baseline points="1320,920 1367,923 1414,926 1461,927 1508,928 1556,929 1603,930 1650,932 1697,932 1744,932 1792,932 1839,932 1886,932 1933,932 1980,932 2028,932 2075,932 2122,932 2169,932 2216,933 2264,933"/>
                <TextEquiv>
                    <Unicode>sionis sic dicto. iinon concommitantae alteri. Alio </Unicode>
                </TextEquiv>
            </TextLine>
            <TextLine id="r3l15" custom="readingOrder {index:13;}">
                <Coords points="1313,986 2279,1002 2279,956 2201,941 1314,940"/>
                <Baseline points="1320,977 1367,980 1415,981 1462,984 1510,986 1558,986 1605,987 1653,987 1701,989 1748,989 1796,989 1844,989 1891,989 1939,989 1987,989 2034,989 2082,989 2130,989 2177,989 2225,989 2273,990"/>
                <TextEquiv>
                    <Unicode>modo potest intelligi quod peccet in hac ho-</Unicode>
                </TextEquiv>
            </TextLine>
            <TextLine id="r3l16" custom="readingOrder {index:14;}">
                <Coords points="1298,1042 2282,1054 2282,1012 2110,993 1299,1002"/>
                <Baseline points="1304,1034 1352,1035 1401,1038 1449,1040 1498,1041 1547,1043 1595,1044 1644,1044 1692,1046 1741,1046 1790,1046 1838,1046 1887,1046 1935,1046 1984,1046 2033,1046 2081,1046 2130,1046 2178,1046 2227,1046 2276,1047"/>
                <TextEquiv>
                    <Unicode>ra peccatis infinitis vel omissionibus in-</Unicode>
                </TextEquiv>
            </TextLine>
            <TextLine id="r3l17" custom="readingOrder {index:15;}">
                <Coords points="1302,1098 2270,1116 2280,1068 1303,1046"/>
                <Baseline points="1308,1089 1356,1092 1404,1094 1452,1095 1501,1097 1549,1098 1597,1100 1645,1100 1694,1101 1742,1101 1790,1101 1838,1101 1887,1101 1935,1101 1983,1103 2031,1103 2080,1103 2128,1103 2176,1103 2224,1104 2273,1104"/>
                <TextEquiv>
                    <Unicode>finitis concommitantibus: et sic conceditur conclu-</Unicode>
                </TextEquiv>
            </TextLine>
            <TextLine id="r3l18" custom="readingOrder {index:16;}">
                <Coords points="1310,1155 2271,1172 2271,1123 1311,1100"/>
                <Baseline points="1317,1148 1364,1149 1411,1151 1459,1152 1506,1154 1554,1155 1601,1155 1648,1157 1696,1157 1743,1158 1791,1158 1838,1158 1885,1159 1933,1160 1980,1160 2028,1160 2075,1160 2122,1160 2170,1160 2217,1161 2265,1161"/>
                <TextEquiv>
                    <Unicode>sio quod in prima medietate horae peccat vna</Unicode>
                </TextEquiv>
            </TextLine>
            <TextLine id="r3l19" custom="readingOrder {index:17;}">
                <Coords points="1311,1211 2172,1239 2277,1219 2278,1178 1311,1166"/>
                <Baseline points="1317,1205 1364,1206 1412,1208 1460,1209 1507,1210 1555,1211 1603,1212 1650,1212 1698,1214 1746,1214 1794,1214 1841,1215 1889,1215 1937,1215 1984,1215 2032,1215 2080,1217 2127,1217 2175,1217 2223,1217 2271,1217"/>
                <TextEquiv>
                    <Unicode>omissione: et infinities posset accipere par</Unicode>
                </TextEquiv>
            </TextLine>
            <TextLine id="r3l20" custom="readingOrder {index:18;}">
                <Coords points="1311,1266 2142,1291 2273,1282 2274,1236 1311,1220"/>
                <Baseline points="1317,1259 1364,1262 1412,1264 1459,1266 1507,1267 1554,1268 1602,1269 1649,1270 1697,1271 1744,1271 1792,1271 1840,1271 1887,1271 1935,1272 1982,1272 2030,1272 2077,1272 2125,1272 2172,1272 2220,1274 2268,1274"/>
                <TextEquiv>
                    <Unicode>tem aequalem isti medietati differentem ab ista </Unicode>
                </TextEquiv>
            </TextLine>
            <TextLine id="r3l21" custom="readingOrder {index:19;}">
                <Coords points="1310,1323 2270,1339 2270,1284 1311,1276"/>
                <Baseline points="1317,1316 1364,1319 1411,1320 1459,1322 1506,1323 1553,1325 1601,1325 1648,1326 1695,1326 1743,1326 1790,1326 1837,1326 1885,1326 1932,1328 1979,1328 2027,1328 2074,1328 2121,1329 2169,1329 2216,1331 2264,1332"/>
                <TextEquiv>
                    <Unicode>medietate partialiter et non totaliter. eodem </Unicode>
                </TextEquiv>
            </TextLine>
            <TextLine id="r3l22" custom="readingOrder {index:20;}">
                <Coords points="1301,1379 2029,1395 2055,1369 2082,1395 2274,1395 2274,1347 2194,1339 1302,1333"/>
                <Baseline points="1307,1371 1355,1373 1403,1376 1451,1377 1499,1378 1547,1379 1595,1380 1643,1382 1691,1382 1739,1383 1787,1383 1835,1383 1883,1385 1931,1385 1979,1385 2027,1385 2075,1385 2123,1385 2171,1385 2219,1385 2268,1385"/>
                <TextEquiv>
                    <Unicode>modo dicendum est de illis omissionibus et sic sunt </Unicode>
                </TextEquiv>
            </TextLine>
            <TextLine id="r3l23" custom="readingOrder {index:21;}">
                <Coords points="1311,1435 2277,1444 2277,1402 2232,1394 1493,1408 1312,1379"/>
                <Baseline points="1317,1427 1364,1429 1412,1432 1460,1434 1507,1436 1555,1437 1603,1437 1650,1439 1698,1439 1746,1440 1794,1440 1841,1440 1889,1440 1937,1440 1984,1440 2032,1440 2080,1440 2127,1440 2175,1440 2223,1442 2271,1442"/>
                <TextEquiv>
                    <Unicode>in omni peccato omissionis omissiones infi-</Unicode>
                </TextEquiv>
            </TextLine>
            <TextLine id="r3l24" custom="readingOrder {index:22;}">
                <Coords points="1302,1489 1443,1515 2184,1511 2265,1507 2266,1468 1303,1446"/>
                <Baseline points="1308,1484 1355,1485 1403,1488 1450,1490 1498,1491 1545,1493 1593,1494 1640,1494 1688,1496 1735,1496 1783,1497 1831,1497 1878,1497 1926,1498 1973,1499 2021,1499 2068,1499 2116,1499 2163,1499 2211,1499 2259,1497"/>
                <TextEquiv>
                    <Unicode>nitae: quia infinities iste omisit quod debuit fa</Unicode>
                </TextEquiv>
            </TextLine>
            <TextLine id="r3l25" custom="readingOrder {index:23;}">
                <Coords points="1308,1547 2263,1564 2275,1508 1308,1507"/>
                <Baseline points="1314,1541 1361,1542 1409,1545 1457,1547 1504,1548 1552,1550 1600,1551 1647,1551 1695,1552 1743,1553 1791,1553 1838,1553 1886,1553 1934,1553 1981,1553 2029,1554 2077,1554 2124,1554 2172,1554 2220,1554 2268,1556"/>
                <TextEquiv>
                    <Unicode>cere. Et peccare peccato omissionis non est </Unicode>
                </TextEquiv>
            </TextLine>
            <TextLine id="r3l26" custom="readingOrder {index:24;}">
                <Coords points="1296,1602 2001,1635 2030,1611 2265,1618 2266,1578 1297,1564"/>
                <Baseline points="1302,1596 1349,1598 1397,1599 1445,1602 1493,1602 1541,1604 1589,1605 1636,1607 1684,1608 1732,1608 1780,1610 1828,1610 1876,1610 1924,1611 1971,1611 2019,1611 2067,1611 2115,1610 2163,1610 2211,1608 2259,1608"/>
                <TextEquiv>
                    <Unicode>aliud nisi facere quod ita sit sicut per hanc deno</Unicode>
                </TextEquiv>
            </TextLine>
            <TextLine id="r3l27" custom="readingOrder {index:25;}">
                <Coords points="1311,1658 2226,1676 2267,1673 2268,1628 2180,1620 2143,1655 2117,1628 1937,1614 1881,1636 1311,1612"/>
                <Baseline points="1317,1652 1364,1655 1411,1656 1458,1657 1506,1658 1553,1659 1600,1661 1647,1662 1695,1662 1742,1662 1789,1664 1836,1664 1884,1664 1931,1665 1978,1665 2025,1665 2073,1665 2120,1665 2167,1665 2214,1665 2262,1665"/>
                <TextEquiv>
                    <Unicode>tatur: iste infinities omisit quod debuit. Tunc </Unicode>
                </TextEquiv>
            </TextLine>
            <TextLine id="r3l28" custom="readingOrder {index:26;}">
                <Coords points="1301,1723 2256,1730 2239,1676 1302,1676"/>
                <Baseline points="1308,1712 1355,1713 1402,1714 1449,1715 1496,1716 1543,1718 1590,1718 1637,1719 1684,1721 1731,1721 1779,1721 1826,1722 1873,1722 1920,1722 1967,1722 2014,1724 2061,1724 2108,1724 2155,1724 2202,1724 2250,1724"/>
                <TextEquiv>
                    <Unicode>ad primam formam quando arguitur sic. sit omissio </Unicode>
                </TextEquiv>
            </TextLine>
            <TextLine id="r3l29" custom="readingOrder {index:27;}">
                <Coords points="1302,1787 2262,1795 2262,1749 2187,1732 1303,1733"/>
                <Baseline points="1308,1773 1355,1773 1402,1773 1450,1773 1497,1773 1545,1773 1592,1775 1639,1775 1687,1776 1734,1776 1782,1778 1829,1778 1876,1779 1924,1781 1971,1781 2019,1781 2066,1782 2113,1782 2161,1782 2208,1782 2256,1781"/>
                <TextEquiv>
                    <Unicode>pro prima parte proportionali b: pro secunda c: </Unicode>
                </TextEquiv>
            </TextLine>
            <TextLine id="r3l30" custom="readingOrder {index:28;}">
                <Coords points="1305,1834 2274,1847 2274,1804 2073,1788 1305,1787"/>
                <Baseline points="1311,1821 1358,1823 1406,1825 1454,1827 1502,1827 1550,1829 1598,1830 1645,1830 1693,1832 1741,1832 1789,1833 1837,1833 1885,1835 1933,1835 1980,1835 2028,1835 2076,1836 2124,1836 2172,1836 2220,1836 2268,1838"/>
                <TextEquiv>
                    <Unicode>pro tertia b. tunc b co sunt totaliter pecca</Unicode>
                </TextEquiv>
            </TextLine>
            <TextLine id="r3l31" custom="readingOrder {index:29;}">
                <Coords points="1305,1881 2056,1915 2088,1891 2262,1906 2263,1860 1687,1833 1581,1868 1306,1834"/>
                <Baseline points="1311,1874 1358,1877 1405,1879 1452,1880 1500,1883 1547,1883 1594,1886 1641,1886 1689,1887 1736,1889 1783,1889 1830,1890 1878,1890 1925,1890 1972,1892 2019,1892 2067,1892 2114,1892 2161,1892 2208,1892 2256,1892"/>
                <TextEquiv>
                    <Unicode>ta distincta. igitur etc. Potest dici quod ante fi-</Unicode>
                </TextEquiv>
            </TextLine>
            <TextLine id="r3l32" custom="readingOrder {index:30;}">
                <Coords points="1302,1939 2003,1963 2272,1955 2273,1916 1303,1900"/>
                <Baseline points="1308,1931 1358,1932 1408,1934 1459,1936 1509,1937 1560,1940 1610,1940 1661,1941 1711,1943 1762,1943 1812,1944 1863,1944 1913,1944 1964,1946 2014,1946 2065,1946 2115,1946 2166,1946 2216,1947 2267,1947"/>
                <TextEquiv>
                    <Unicode>nem horae est aliqua pars proportionalis </Unicode>
                </TextEquiv>
            </TextLine>
            <TextLine id="r3l33" custom="readingOrder {index:31;}">
                <Coords points="1295,1994 2270,2012 2271,1963 1296,1948"/>
                <Baseline points="1302,1986 1350,1989 1398,1991 1446,1992 1494,1994 1542,1995 1590,1995 1639,1997 1687,1997 1735,1997 1783,1998 1831,1998 1879,1998 1927,1998 1976,1998 2024,2000 2072,2000 2120,2000 2168,2001 2216,2002 2265,2003"/>
                <TextEquiv>
                    <Unicode>ita modica: quod in primo instanti illius non </Unicode>
                </TextEquiv>
            </TextLine>
            <TextLine id="r3l34" custom="readingOrder {index:32;}">
                <Coords points="1308,2050 2224,2075 2261,2066 2262,2020 1309,2003"/>
                <Baseline points="1314,2040 1361,2043 1408,2045 1455,2047 1502,2048 1549,2049 1596,2051 1643,2051 1690,2052 1737,2052 1785,2052 1832,2054 1879,2054 1926,2054 1973,2054 2020,2054 2067,2055 2114,2055 2161,2055 2208,2057 2256,2057"/>
                <TextEquiv>
                    <Unicode>potest incipere poenitere. et per totam talem ho</Unicode>
                </TextEquiv>
            </TextLine>
            <TextLine id="r3l35" custom="readingOrder {index:33;}">
                <Coords points="1308,2102 2266,2118 2267,2075 2064,2060 1309,2063"/>
                <Baseline points="1314,2096 1361,2098 1408,2100 1456,2102 1503,2103 1550,2105 1598,2105 1645,2106 1692,2107 1740,2108 1787,2108 1834,2108 1882,2108 1929,2109 1976,2109 2024,2109 2071,2109 2118,2111 2166,2111 2213,2111 2261,2112"/>
                <TextEquiv>
                    <Unicode>ram peccat peccato antiquo: et non nouo. et </Unicode>
                </TextEquiv>
            </TextLine>
            <TextLine id="r3l36" custom="readingOrder {index:34;}">
                <Coords points="1301,2163 1992,2189 2246,2179 2262,2133 1301,2115"/>
                <Baseline points="1307,2151 1354,2153 1401,2154 1449,2156 1496,2157 1544,2158 1591,2159 1638,2160 1686,2160 1733,2162 1781,2162 1828,2163 1875,2163 1923,2163 1970,2165 2018,2165 2065,2165 2112,2166 2160,2166 2207,2166 2255,2166"/>
                <TextEquiv>
                    <Unicode>cum infinitae sinttales partes proportiona-</Unicode>
                </TextEquiv>
            </TextLine>
            <TextLine id="r3l37" custom="readingOrder {index:35;}">
                <Coords points="1292,2219 2264,2232 2264,2186 2104,2171 1293,2164"/>
                <Baseline points="1299,2205 1349,2208 1399,2210 1450,2211 1500,2213 1551,2214 1601,2215 1652,2216 1702,2217 1753,2217 1803,2219 1854,2219 1904,2219 1955,2219 2005,2219 2056,2220 2106,2220 2157,2220 2207,2220 2258,2220"/>
                <TextEquiv>
                    <Unicode>les in hac hora: sequitur quod non secundum omnes par</Unicode>
                </TextEquiv>
            </TextLine>
            <TextLine id="r3l38" custom="readingOrder {index:36;}">
                <Coords points="1297,2267 2264,2287 2264,2243 2193,2228 1298,2220"/>
                <Baseline points="1304,2262 1351,2264 1399,2265 1447,2267 1494,2267 1542,2268 1590,2270 1637,2270 1685,2270 1733,2271 1781,2271 1828,2272 1876,2273 1924,2273 1971,2273 2019,2274 2067,2274 2114,2274 2162,2276 2210,2276 2258,2277"/>
                <TextEquiv>
                    <Unicode>tes proportionales in hac hora sunt distin-</Unicode>
                </TextEquiv>
            </TextLine>
            <TextLine id="r3l39" custom="readingOrder {index:37;}">
                <Coords points="1296,2324 2273,2340 2274,2298 1296,2285"/>
                <Baseline points="1302,2318 1350,2318 1398,2319 1446,2319 1495,2321 1543,2322 1591,2322 1639,2324 1688,2325 1736,2325 1784,2327 1832,2328 1881,2328 1929,2330 1977,2330 2025,2331 2074,2331 2122,2331 2170,2331 2218,2331 2267,2331"/>
                <TextEquiv>
                    <Unicode>cta peccata omissionis et sic posset dici ad illas </Unicode>
                </TextEquiv>
            </TextLine>
            <TextLine id="r3l40" custom="readingOrder {index:38;}">
                <Coords points="1305,2387 2262,2402 2262,2355 2191,2334 1306,2339"/>
                <Baseline points="1311,2373 1358,2375 1405,2376 1452,2378 1500,2378 1547,2379 1594,2381 1641,2381 1689,2382 1736,2382 1783,2382 1830,2384 1878,2384 1925,2385 1972,2385 2019,2387 2067,2388 2114,2389 2161,2390 2208,2393 2256,2394"/>
                <TextEquiv>
                    <Unicode>quatuor breves formas: quibus probatur quod </Unicode>
                </TextEquiv>
            </TextLine>
            <TextLine id="r3l41" custom="readingOrder {index:39;}">
                <Coords points="1299,2443 1729,2464 2158,2440 2259,2467 2260,2406 1300,2388"/>
                <Baseline points="1305,2430 1352,2432 1399,2434 1447,2436 1494,2436 1542,2438 1589,2438 1636,2439 1684,2439 1731,2439 1779,2439 1826,2441 1873,2441 1921,2441 1968,2442 2016,2442 2063,2443 2110,2444 2158,2446 2205,2447 2253,2450"/>
                <TextEquiv>
                    <Unicode>singulis partibus proportionabilibus cor-</Unicode>
                </TextEquiv>
            </TextLine>
            <TextLine id="r3l42" custom="readingOrder {index:40;}">
                <Coords points="1292,2498 2265,2523 2266,2468 2200,2451 2170,2474 1293,2453"/>
                <Baseline points="1299,2486 1347,2488 1395,2489 1443,2490 1491,2492 1539,2492 1587,2493 1635,2493 1683,2494 1731,2495 1779,2495 1827,2495 1875,2496 1923,2496 1971,2498 2019,2499 2067,2501 2115,2502 2163,2505 2211,2508 2259,2511"/>
                <TextEquiv>
                    <Unicode>respondent peccata omissionis distincta for-</Unicode>
                </TextEquiv>
            </TextLine>
            <TextLine id="r3l43" custom="readingOrder {index:41;}">
                <Coords points="1293,2555 1873,2580 2076,2553 2215,2579 2253,2566 2254,2516 1570,2499 1508,2535 1398,2495 1294,2507"/>
                <Baseline points="1299,2544 1346,2544 1393,2546 1441,2547 1488,2548 1536,2549 1583,2549 1630,2550 1678,2551 1725,2552 1773,2552 1820,2553 1867,2554 1915,2555 1962,2556 2010,2556 2057,2558 2104,2559 2152,2561 2199,2563 2247,2565"/>
                <TextEquiv>
                    <Unicode>maliter. Adtertium argumentum contra se</Unicode>
                </TextEquiv>
            </TextLine>
            <TextLine id="r3l44" custom="readingOrder {index:42;}">
                <Coords points="1298,2608 2241,2624 2242,2577 2054,2580 2029,2556 1707,2583 1682,2556 1299,2563"/>
                <Baseline points="1305,2600 1351,2600 1397,2601 1444,2602 1490,2603 1537,2604 1583,2606 1630,2606 1676,2607 1723,2609 1769,2609 1815,2610 1862,2612 1908,2613 1955,2615 2001,2615 2048,2616 2094,2618 2141,2618 2187,2619 2234,2621"/>
                <TextEquiv>
                    <Unicode>cundam conclusionem quando arguitur: quod tunc et </Unicode>
                </TextEquiv>
            </TextLine>
            <TextLine id="r3l45" custom="readingOrder {index:43;}">
                <Coords points="1289,2662 2216,2692 2249,2684 2251,2629 1290,2611"/>
                <Baseline points="1296,2655 1343,2657 1390,2657 1438,2657 1485,2658 1533,2660 1580,2661 1627,2663 1675,2664 1722,2665 1770,2667 1817,2669 1864,2669 1912,2672 1959,2672 2007,2673 2054,2675 2101,2675 2149,2676 2196,2676 2244,2676"/>
                <TextEquiv>
                    <Unicode>stens in peccato mortali etc. concedo. conclusionem </Unicode>
                </TextEquiv>
            </TextLine>
            <TextLine id="r3l46" custom="readingOrder {index:44;}">
                <Coords points="1286,2723 2211,2747 2248,2740 2249,2691 1287,2668"/>
                <Baseline points="1292,2712 1339,2714 1386,2715 1434,2717 1481,2717 1529,2718 1576,2720 1624,2721 1671,2723 1719,2724 1766,2724 1813,2726 1861,2726 1908,2727 1956,2729 2003,2729 2051,2730 2098,2730 2146,2732 2193,2732 2241,2732"/>
                <TextEquiv>
                    <Unicode>secundum intellectum prius dictum ad alias formas</Unicode>
                </TextEquiv>
            </TextLine>
            <TextLine id="r3l47" custom="readingOrder {index:45;}">
                <Coords points="1344,2775 2250,2804 2251,2740 1345,2724"/>
                <Baseline points="1350,2769 1394,2772 1439,2774 1484,2775 1528,2777 1573,2778 1618,2780 1662,2780 1707,2781 1752,2781 1797,2783 1841,2783 1886,2783 1931,2784 1975,2784 2020,2786 2065,2786 2109,2787 2154,2787 2199,2789 2244,2790"/>
                <TextEquiv>
                    <Unicode>Ad quartum quando arguitur: tunc tenetur homo ad </Unicode>
                </TextEquiv>
            </TextLine>
            <TextLine id="r3l48" custom="readingOrder {index:46;}">
                <Coords points="1283,2835 2252,2850 2229,2796 1284,2790"/>
                <Baseline points="1290,2825 1337,2826 1385,2828 1433,2829 1481,2831 1529,2832 1577,2834 1624,2834 1672,2835 1720,2837 1768,2838 1816,2838 1864,2840 1912,2840 1959,2841 2007,2841 2055,2843 2103,2843 2151,2843 2199,2843 2247,2843"/>
                <TextEquiv>
                    <Unicode>alquid etc. snedeo quod esse in potestate hominis </Unicode>
                </TextEquiv>
            </TextLine>
            <TextLine id="r3l49" custom="readingOrder {index:47;}">
                <Coords points="1287,2886 2247,2920 2248,2859 1288,2844"/>
                <Baseline points="1293,2879 1340,2880 1387,2882 1435,2884 1482,2885 1530,2886 1577,2888 1624,2889 1672,2890 1719,2891 1767,2892 1814,2892 1861,2892 1909,2894 1956,2894 2004,2894 2051,2895 2098,2895 2146,2895 2193,2895 2241,2897"/>
                <TextEquiv>
                    <Unicode>accipitur dupliter. Uno modo complete et per </Unicode>
                </TextEquiv>
            </TextLine>
            <TextLine id="r3l50" custom="readingOrder {index:48;}">
                <Coords points="1283,2944 2163,2969 2256,2962 2257,2916 1284,2889"/>
                <Baseline points="1290,2933 1338,2934 1386,2936 1434,2937 1482,2938 1530,2940 1578,2941 1626,2943 1674,2943 1722,2945 1770,2946 1818,2947 1866,2948 1914,2949 1962,2949 2010,2950 2058,2951 2106,2951 2154,2949 2202,2949 2250,2948"/>
                <TextEquiv>
                    <Unicode>fecte. Alio modo dispositive. Potest igitur</Unicode>
                </TextEquiv>
            </TextLine>
            <TextLine id="r3l51" custom="readingOrder {index:49;}">
                <Coords points="1289,3000 2262,3012 2262,2970 2208,2956 1290,2945"/>
                <Baseline points="1296,2990 1344,2990 1392,2991 1440,2991 1488,2993 1536,2994 1584,2994 1632,2996 1680,2996 1728,2997 1776,2999 1824,2999 1872,3000 1920,3000 1968,3000 2016,3002 2064,3002 2112,3002 2160,3002 2208,3002 2256,3002"/>
                <TextEquiv>
                    <Unicode>homo in aliquam operationem per usum </Unicode>
                </TextEquiv>
            </TextLine>
            <TextLine id="r3l52" custom="readingOrder {index:50;}">
                <Coords points="1304,3051 2262,3067 2259,3012 1305,3007"/>
                <Baseline points="1310,3042 1357,3044 1404,3045 1451,3046 1499,3047 1546,3048 1593,3050 1641,3051 1688,3052 1735,3053 1783,3054 1830,3054 1877,3056 1924,3056 1972,3056 2019,3057 2066,3057 2114,3057 2161,3057 2208,3059 2256,3059"/>
                <TextEquiv>
                    <Unicode>ponum liberi arbitrii: qua dispositione exi</Unicode>
                </TextEquiv>
            </TextLine>
            <TextLine id="r3l53" custom="readingOrder {index:51;}">
                <Coords points="1290,3114 2061,3113 2172,3141 2259,3123 2260,3076 1291,3059"/>
                <Baseline points="1296,3099 1343,3101 1391,3103 1439,3105 1487,3106 1535,3107 1583,3108 1630,3109 1678,3110 1726,3111 1774,3111 1822,3113 1870,3113 1918,3113 1965,3114 2013,3114 2061,3114 2109,3114 2157,3114 2205,3116 2253,3116"/>
                <TextEquiv>
                    <Unicode>stente in homine / deus infundit sibi gra-</Unicode>
                </TextEquiv>
            </TextLine>
            <TextLine id="r3l54" custom="readingOrder {index:52;}">
                <Coords points="1298,3179 2257,3187 2257,3131 1299,3115"/>
                <Baseline points="1305,3167 1352,3168 1399,3170 1446,3171 1494,3173 1541,3173 1588,3174 1635,3174 1683,3176 1730,3176 1777,3176 1824,3176 1872,3177 1919,3177 1966,3177 2013,3177 2061,3177 2108,3178 2155,3179 2202,3179 2250,3179"/>
                <TextEquiv>
                    <Unicode>tiam. et sic aliquo modo habemus gratiam </Unicode>
                </TextEquiv>
            </TextLine>
            <TextEquiv>
                <Unicode>committit peccata infinita. et ideo per has vias
conclusio ad quam deducitur / non est inconveniens. 
quia tamen argumentum nititur probare quod omittens per
horam peccat infinitis omissionibus: potest di
ci quod hoc potest intelligi dupliter. Uno modo 
quod peccet infinitis omissionibus concommitant. 
pus. et sic dicitur quod non est verum. cuius cau
sa est: quia stat aliquam partem proportionalem 
esse ita paruam in qua non potest resistere nec 
resipiscere nec poenitere. sed concedo quod omn-
tempore pro quo potest poenitere ante finem horae et non 
racit: peccat mortaliter nouo peccato omis-
sionis sic dicto. iinon concommitantae alteri. Alio 
modo potest intelligi quod peccet in hac ho-
ra peccatis infinitis vel omissionibus in-
finitis concommitantibus: et sic conceditur conclu-
sio quod in prima medietate horae peccat vna
omissione: et infinities posset accipere par
tem aequalem isti medietati differentem ab ista 
medietate partialiter et non totaliter. eodem 
modo dicendum est de illis omissionibus et sic sunt 
in omni peccato omissionis omissiones infi-
nitae: quia infinities iste omisit quod debuit fa
cere. Et peccare peccato omissionis non est 
aliud nisi facere quod ita sit sicut per hanc deno
tatur: iste infinities omisit quod debuit. Tunc 
ad primam formam quando arguitur sic. sit omissio 
pro prima parte proportionali b: pro secunda c: 
pro tertia b. tunc b co sunt totaliter pecca
ta distincta. igitur etc. Potest dici quod ante fi-
nem horae est aliqua pars proportionalis 
ita modica: quod in primo instanti illius non 
potest incipere poenitere. et per totam talem ho
ram peccat peccato antiquo: et non nouo. et 
cum infinitae sinttales partes proportiona-
les in hac hora: sequitur quod non secundum omnes par
tes proportionales in hac hora sunt distin-
cta peccata omissionis et sic posset dici ad illas 
quatuor breves formas: quibus probatur quod 
singulis partibus proportionabilibus cor-
respondent peccata omissionis distincta for-
maliter. Adtertium argumentum contra se
cundam conclusionem quando arguitur: quod tunc et 
stens in peccato mortali etc. concedo. conclusionem 
secundum intellectum prius dictum ad alias formas
Ad quartum quando arguitur: tunc tenetur homo ad 
alquid etc. snedeo quod esse in potestate hominis 
accipitur dupliter. Uno modo complete et per 
fecte. Alio modo dispositive. Potest igitur
homo in aliquam operationem per usum 
ponum liberi arbitrii: qua dispositione exi
stente in homine / deus infundit sibi gra-
tiam. et sic aliquo modo habemus gratiam </Unicode>
            </TextEquiv>
        </TextRegion>
    </Page>
</PcGts>
