2550 3300
323 191 1292 251 ratio: quia aut cognouerunt quod debuerunt eum
341 244 1282 307 diligere super omnia: aut eoslatuit. si latu-
329 292 1290 364 it: ergo fuerunt excusabiles in hoc: si cognove-
333 356 1290 419 runt: habetur propositum. Praeterea ex
336 403 1284 483 hac auctoritate arguitur contra medium: pro-
326 468 1282 531 pter hoc quod dicis hanc propositionem non
329 524 1284 588 posse probari: deus est super omnia diligen
329 579 1284 638 dus. videlicet quia haec est mere credita: deus
332 635 1276 699 est. nam aut cognouerunt deum esse: aut non.
323 686 1275 755 si non: ergo fuerunt excusabiles. si sic: igil
330 748 1278 811 naturali ratione potest hoc probari. Similiter
318 803 1272 867 apostolus assumit oppositum. nam quod invi-
317 853 1279 930 sibilia dei: idest attributa deo invisibili per
329 910 1281 977 ea qonto facta sunt / intellecta conspiciuntur:
310 974 1277 1035 idest per propositiones formatas de terminis
312 1030 1268 1090 intellectis cognoscuntur praedicata de deo
317 1083 1269 1147 sicut deus est bonus / votens / aeternus / et huiu-
317 1139 1273 1219 modi. Ude subdit: Sempiterna quoque vir-
321 1196 1273 1259 tus eius et divinitas. igit non solum istam: deus
321 1259 1275 1315 est bonus etc. Praeterea contra eandem conclu-
317 1307 1281 1375 sionem. Omne quod praecipitur iure naturali: po
320 1365 1265 1427 test naturali ratione ostendi esse rationa-
320 1418 1279 1503 bile: sed deum esse super omnia diligendum
321 1485 1273 1555 praecipitur iurae naturali: igitur. maior patet.
320 1540 1272 1603 quia fatuum foret obedire illi cuius nulla ra-
323 1595 1269 1660 tio assignaretur. Minor plet: quia diligere deum
316 1644 1274 1716 super omnia praecipitur lege divina. Sed
317 1706 1266 1780 omnes leges divinae natura constant: huna
310 1765 1262 1840 ne autem moribus. vt dicit Isidorus quin
307 1812 1260 1883 to et vmotlu. et in decretis ponitur distinctio
309 1871 1267 1947 ne primam capitulo omnes. Confirmatur: quia si dili
315 1931 1257 1995 gere deum super omnia foret contrarium
314 1988 1266 2044 rationi naturali: ergo praeceptum divinum
320 2036 1252 2113 destrueret rationem naturalem potius quam
315 2087 1266 2163 perficeret: quod est inconveniens. Prae
309 2152 1267 2219 terea ratione naturali probatur quod bonum
314 2202 1258 2282 commune divinum est magis diligendum quam
312 2253 1260 2321 bonum particulare. primo Ethicorum capitulo ii
312 2308 1255 2398 bonum ciuitatis est melius et divinius quam
309 2372 1270 2443 unius personae. igitur quod est summe divinum:
308 2427 1258 2499 est summe diligedum: quia est maxime com-
308 2483 1253 2548 mune bonum: quia est bonum omnium et con
311 2540 1251 2604 munissimum et optimum: quia est ipsemet deus
314 2596 1254 2658 ergo est summe diligendus. Praeterea ho
311 2652 1249 2723 mo debet naturaliter diligere se propter
300 2702 1258 2788 finem suum: quia propter quod unumquodque
312 2764 1260 2834 tale: et ipsum magis: quia finis est magis ama
308 2812 1254 2884 bilis eo quod est ad finem. nono Ethicorum
306 2868 1246 2939 sed deus est finis ultimus quae mouet vt ama-
311 2923 1256 2994 tum et desideratum. xii metaphysice commen
315 2980 1255 3051 tio xxxvi. igitur homo naturaliter maxime
315 3035 1248 3107 debet deum diligere. Confirmatur per illud con-
303 3101 1243 3179 mentatoris ibidem qui dicit sic. Si motor ce
1355 197 2307 283 lestium corporum est magis bonus omnibus: ne-
1360 269 2317 323 cesse est vt sit desideratus magis omnibus bo-
1355 316 2316 388 nis. et italcum corpors celestia sint nobilifi-
1353 374 2306 438 ma corpora sensibilium: necesse est vt illud
1340 420 2310 499 bonum quod appetunt / sit nobilissimum aeternum
1337 491 2298 555 et maxime quod appetit totum celum in motu di-
1343 540 2289 611 urno. Praeterea. homo secundum naturam suam et ra-
1346 595 2292 666 tionem naturalem magis debet diligere bonita-
1337 652 2304 730 tem et veritatem quam semetipsum vel suum esse. sed
1341 705 2293 787 deus est summa bonitas et summa veritas.
1337 759 2308 843 igitur etc. maior patet primo Ethico. capatul vi secundum
1335 819 2305 899 Thomam etiam pro salute veritatis oportet fa
1335 877 2304 947 miliam destruere. et philosophus Ambobus enim existem
1341 932 2320 1004 tibus amicis: sanctum est praehonorare veri-
1337 988 2295 1068 tatem. ergo si pro multitudine amicorum homo se
1331 1044 2304 1128 debet morti exponere: quanto magis pro verita
1336 1107 2292 1179 te: sed quod pro multitudine amicorum homo se de-
1335 1156 2307 1235 beat morti exponere: patet: quia aliter destrue.
1335 1219 2290 1292 retur omnis politia mundana et omnis defensio: er-
1328 1283 2277 1347 go a multo fortiori debet homo deum dili-
1332 1340 2286 1403 gere super omnia. Item aplias ad Roma. secundo
1331 1395 2277 1460 Dentes quae legem non habent: ipse sibi sunt ler
1328 1438 2284 1512 id est naturaliter ea quae legis sunt faciunt.
1325 1500 2280 1568 sed lex divina sive lex Mousaica prncipit deum
1332 1557 2279 1626 diligi super omnia: ergo gentiles hoc naturaliter
1335 1607 2281 1683 fecerunt. ergo naturaliter cognoverunt deum
1325 1667 2281 1739 debere diligi super omnia. Praeterea / obiecta
1325 1724 2275 1795 diligibilia et dilectiones ad quas homo tenetur
1326 1787 2296 1859 ex evidentia rationali sunt ordinata. quae
1323 1844 2280 1919 ro ergo vtrum est processus in infinitum: ita quod
1316 1899 2282 1971 ratio non dictet aliquid esse summe diligendum
1313 1955 2287 2019 an est status: si est status: non nisi in deo: quia
1317 2004 2276 2074 ratio naturalis erraret: et non foret evidens. si
1320 2060 2271 2131 est processus in insinitum: ergo non est dare secundum
1317 2116 2272 2187 ratione naturalem summum bonum: consequens falsum.
1313 2177 2274 2236 et contra philosophum secundo metaphut. quia in causis
1313 2227 2276 2298 essentialibus non est processus in infinitum. igi
1308 2276 2280 2355 tur contingit secundum rationem naturalem deuenire
1307 2334 2267 2410 in finem ultimum: ergo in summum bonum: quia finis
1316 2388 2257 2466 bonum et optimum voluit esse. Contra medi
1316 2451 2251 2523 um quo probatur conclusio. dicitur enim quod haec non
1316 2508 2254 2579 potest demonstrari: deus est super omnia diligendus
1316 2567 2263 2642 quia haec est mere credita: deus est. Arguitur pri
1305 2620 2260 2700 mo sic. tamen deum eam per se notum patet per hamasc.
1313 2675 2257 2747 primo sentem distintione xxvii capitulo ii. Cognitio existen:
1307 2735 2254 2811 di deum nobis naturaliter insita est. Prae-
1301 2788 2248 2860 terea. Anselmus prosolorg. ca. secundo. di-
1314 2841 2257 2915 it quod deus non potest cogitari non esse. et ar-
1304 2899 2263 2972 guit contra insipientem: qui dicit in corde
1301 2950 2251 3019 suo non est deus: sic probans deum esse. Insi
1304 3004 2242 3075 piens qui audit istud aliquid quo maius non
1305 3061 2245 3140 potest cogitari in intellectu: ergo quod audit:
1302 3119 2238 3227 est in intellectu suo: quaero igitur vtrum est in
