2550 3300
333 196 1275 251 intellectu suo tantum: an in re et in intellectu:
334 251 1284 307 si primum: ergo non est quo maius cogita
333 309 1281 363 ri etc. igitur illud quo maius cogitari non potest:
330 364 1278 419 non est illud quo maius cogitari non potest
336 428 1275 484 quod includit contradictionem. si in re et in
324 469 1276 543 intellectu: igitur est in re: sed deus est illud quo
329 532 1269 587 maius cogitari non potest: igitur etc. Ista ratio
326 586 1263 644 est apud Anselmum tanti ponderis et tam eui-
327 650 1267 699 dens: ut in fine quarti cavituli dicat. Sra
330 699 1276 763 tias tibi domine: quia quod primo credidi te
323 755 1270 819 dante: iam sic intelligo te illuminante: vt si
320 813 1267 867 te esse nolim credere: non possim non intel
330 869 1266 931 ligere. Fuit autem quaedam qua pro insipiente respondens
332 923 1272 985 dicit sic se probare posse quod insula perdita
320 980 1255 1055 esset. vocat insulam perditam fingendo quod
327 1044 1269 1103 posset esse nobilissima insula quaedam inacces-
327 1103 1263 1155 sibilis in mari omnes terras vincens fertilita
333 1154 1267 1211 te. contra quod dicit Anselmum libro suo contra insibien
327 1208 1267 1283 tem: quod si quis invenerit aliquid praeterid quo
333 1267 1260 1327 maius cogitari non potest: cui suae rationis co
330 1323 1266 1387 gnitio valeat coaptari: dabit sibi Ansel-
329 1388 1273 1447 mus insulam perditam amplius non per-
333 1432 1276 1499 dendam. Ista verba replico ad ostendendum
336 1499 1266 1555 quantum confisus fuerat Anselmus in isto ar
336 1556 1272 1609 gumento. Praeterea haec est per se nota: ne-
330 1612 1267 1675 cesse est esse vnum primum mouens actu operans
338 1668 1271 1723 et huiusmoni. Praeterea veritatem esse potest demon-
326 1711 1275 1778 strari: igitur deum esse potest demonstrari. Antecedens
323 1774 1263 1835 patet: quia Anselmus hoc demonstrat monolus
324 1828 1275 1890 xviii. Cuius ratio stat in hoc: si veritas non
327 1884 1267 1947 est: ergo veritatem non esse est verum. ergo veritas
314 1948 1269 2011 est. Confirmatur. quia veritatem esse sequitur ex
327 1997 1266 2059 vtraque parte contradictionis. Praeterea Aristoteles
320 2051 1269 2107 viii. Physicorum. et in. xii metaphayus. probatur
326 2100 1262 2178 deum esse infinitae virtutis intensive: et quod est
311 2164 1267 2219 prima causa: primum mouens et huiusmodi. Con
321 2220 1273 2283 tra conclusionem quarte difficultatis: quae fu
320 2275 1272 2343 it quod viator non potest frui vna persona nisi
327 2324 1273 2398 fruatur omnibus: arguitur multipliciter: primo sic
324 2379 1257 2443 Nam filius potest videri corporali visione non
320 2444 1266 2504 viso patre nec spumsancto: igitur potest diligi
320 2492 1266 2575 illis non dilectis. antecedens probo: quia Iudei vide
317 2558 1264 2611 runt personam hunanam qua erat filius: et non vide
314 2611 1263 2675 runt patrem nec essentiam divinam. manifestum
314 2668 1262 2731 est: quia non viderunt filium nisi inquantum
321 2716 1257 2778 hominem per communicationem idiomatum.
336 2775 1258 2843 Praeterea vna persona potest esse homo alia non
317 2836 1269 2891 existente: igitur contingit frui vna / alia non
317 2884 1260 2958 dilecta: quia non magnum mirum est unam perso
320 2947 1257 2995 nam diligi: et aliam non. Praeterea pater prio:-
323 2996 1266 3059 prigine est filio: igitur in illo priori potuit di
320 3048 1260 3115 ligi sine filio: vel non viso filio. Praeterea
318 3114 1260 3179 creatura intelligens personas sive clare siue
1331 203 2285 274 obscure: aut cognoscit illas vna cognitione
1337 259 2279 323 vel duabus. si vna: igitur non distinguit inter il-
1324 301 2285 362 las. si duabus: igitur vna potest destrui alia re
1328 371 2279 433 manente. igitur vna persona potest cognosci / alia
1332 412 2280 491 non cognita: et per consequens potest diligi / alia non di-
1331 475 2264 531 lecta. Ad ista per ordinem respondeo: et primo
1327 540 2264 610 ad primum quando dicitur quod omne quod prahiloso
1329 589 2268 659 phi probauerunt etc. concedo. sed hoc non est
1331 643 2261 715 huiusmodi. Ad auctoritatem apostoli di-
1325 700 2259 778 co quod ante ortum magnorum praehilosophorum
1327 756 2263 811 fuerunt patriarchae: et cultus dei fuit reue
1320 812 2258 888 latus hominibus: et ideo praehilosophi hoc sciue
1313 866 2262 931 runt. et cum quidam eorum licet hoc crederent
1311 925 2267 987 non tamen eum coluerunt: sed tprannorum
1310 988 2262 1042 timore: et vt vulgo placerent: coluerunt ido
1320 1044 2256 1099 la. ideo fuerunt inexcusabiles. Contra. apo
1319 1101 2267 1155 stolus dicit quod invisibilia dei etc. ergo po-
1317 1156 2280 1220 tuerunt hoc per creaturas probare. dici potest
1325 1220 2276 1282 quod habita reuelatione quod deus est: multe con-
1331 1283 2266 1339 gruentiae possunt haberi ex creaturis. ad-
1328 1332 2273 1395 huc tamen non potest probari deum esse per creatu
1329 1379 2277 1442 ras: et hoc concipiendo per terminum deus
1325 1436 2276 1499 sicut nos christiani concipimus. infidelis au
1327 1506 2273 1555 tem qui non concipit per illum terminum
1328 1555 2272 1612 deus nisi solem vel idolum: ipse scit deum
1329 1611 2277 1668 suum esse: videlicet illud quod intendit per
1328 1669 2280 1739 illum terminum. Unde ad argumentum
1326 1724 2286 1779 concedo quod illi gentiles fuerunt inexcusabiles
1330 1787 2280 1835 et tamen ex hoc non sequitur quod cognoverunt
1323 1836 2285 1891 deum esse diligendum super omnia naturali ra
1320 1891 2283 1969 tione sed reuelatione propohetarum. et cum cre-
1329 1943 2283 2004 derent deum esse: non vixerunt secundum illam fi
1322 2004 2262 2059 dem: sed colebant idola: et ideo fuerunt inexcusa-
1320 2059 2276 2115 biles. Ad dictum apostoli: invisibilia etc.
1329 2116 2265 2179 verum est apud credentem deum esse multa
1320 2166 2265 2236 praedicata quae non concluduntur de deo: ta-
1311 2235 2277 2276 men possunt concludi ratione de eo ex co-
1314 2290 2268 2347 gnitione creaturarum. et sic patet ad pri-
1319 2332 2271 2394 mum et ad secundum. Ad tertium potest di-
1326 2396 2268 2450 ci quod aliquid praecipitur in inre naturali du-
1317 2444 2264 2511 pliciter. Uno modo expresse vel formaliter
1323 2504 2271 2563 sicut hic. hoc facias alteri quod:ibi fieri vis.
1313 2564 2281 2619 Alio modo latenter et quasi in spo antese
1316 2619 2270 2675 dente. et sic praecipiuntur illa quae ad hoc se-
1322 2682 2274 2734 quuntur. Illa vero quae dicuntur sequi ad hoc prae
1314 2740 2271 2788 ceotum: sunt in duplici genere. quia quaedam se-
1325 2788 2267 2852 quuntur consequentia naturali et evidenti na
1317 2849 2265 2907 turaliter: quaedam tantum consequentia credita. Illa quae
1314 2899 2269 2955 primo modo sequuntur: possunt perrationem
1314 2956 2259 3011 naturalem ostendi esse facienda et rationabi
1317 3004 2253 3061 lia. Illa vero quae tantum sequuntur secundo modo
1320 3059 2262 3123 non possunt ostendi: sed tantum creduntur esse
1314 3123 2256 3187 rationabilia. et huiusmodi sunt quaedam
