2550 3300
299 180 1265 244 tontradictoria est vira: scilicet haec / aliquavritas
311 243 1253 306 est. si sit vira: habetur propositum. igitur sive sic
308 299 1250 359 sive sic / aliqua veritas est. Ad hoc dico quod
311 353 1260 409 posito quod nulla veritas sit : hoc non est vira: nul
311 398 1256 459 la veritas est. et quando arguitur: haec non est vera-
314 452 1257 515 ergo sua contradictoria est vera . consequentia non
324 513 1260 571 valet: quia forte sua contradictoria non est. Sed con
316 566 1273 628 tra ponatur quod nulla veritas sit : et quod iste duae
313 619 1259 693 propositiones sint: nulla veritas est: et aliquam ver-
305 682 1266 738 tas est. tunc sequitur quod aliqua veritas est.
320 733 1264 803 quicquid dicedum sit: dicitur quod casus in-
318 801 1266 851 cludit contradictionem: ut manifestum est.
323 855 1264 915 an fuerit aliqua veritas certa: alias patebit
360 900 1277 963 Ad rationes factas contra conclusionem
323 961 1259 1020 qua dicebatur quod viator non potest frui filic
318 1028 1275 1084 quin fruatur patre: primo exponam conclu
322 1075 1275 1131 sionem: consequenter dicam ad rationes et di
326 1124 1262 1187 com quod viatore frui filio potest intelligi du-
329 1184 1276 1247 pliciter. Uno modo proprie: quia filius est
324 1244 1269 1298 terminus vel obiectum fruitionis talis. ita
320 1297 1268 1355 quod actus fruendi sit vna talis oratio menta
321 1354 1276 1411 lis: puta haec: isti rei sit summus honor: vel
314 1412 1263 1483 vlinam filio dei sit summus honor vel ali
321 1468 1269 1531 qua aequivalens. Alio modo potest intelli
318 1524 1272 1587 gi viatorem frui filio dei per conicationem
324 1580 1280 1635 idiomatum: quia videlicet obiectum suae dile
314 1635 1273 1691 ctionis est humanitas unita filio dei: pro-
318 1692 1275 1750 pter quam vnitionem haec est concedenda: iste
326 1748 1271 1803 fruitur deo et filio per conicationem idioma
311 1804 1278 1859 tum: sicut passio illata humanitati est cau
324 1852 1270 1914 sa quare concedimus tales propositiones:
327 1908 1262 1971 filius dei est passus. et isto secundo modo pos
324 1964 1270 2035 set concedi et concedo ad praesens / quod quis po-
311 2020 1262 2083 test frui vna persona non fruendo alia: quia prae
323 2083 1265 2139 dicata quae sic tantum conveniunt persone uni
323 2131 1265 2188 te alicui naturae per conicationem idioma
323 2187 1269 2243 tum: repugnant cuilibet alteri personae. Unde
321 2243 1263 2314 sicut non sequitur: iste filius est passus sub Ptr
323 2293 1268 2356 lato: igit pater est passus sub Pilato: ita
326 2356 1263 2410 non sequitur: iste filius est dilectus a Petro:
318 2404 1275 2475 igitur et pater. posito quod Petrus fruatur chri
329 2462 1270 2530 sto homine: et odiat deum patrem. et eodem modo vi-
326 2524 1265 2586 detur quod haec debeat concedi: istae fruitur filio
317 2577 1272 2635 dei: et non essentia divina: quia praedicata con
327 2636 1272 2692 uenientia filio dei solum propter conicatio-
324 2692 1268 2755 nem idiomatum / negantur a personis et ab
342 2747 1269 2811 essentia divina in abstracto: non in concre-
333 2796 1273 2867 to: sicut concedimus quod deus est passus: et
329 2856 1275 2915 negamus hanc / divinitas est passa. et sic si
341 2902 1263 2971 ista secunda debeat teneri in omnibus vni
332 2965 1272 3027 versaliter convenientibus filio dei solum
326 3020 1268 3083 per conicationem idiomatum: tunc oportet con
336 3070 1276 3163 sequenter concedere istas: Petrus suuitur deo:
1307 195 2286 257 et tamen non fruitur divinitate. Tunc ad pri
1313 249 2280 306 mum argumentum quando dicitur quod fili
1316 300 2286 361 us potest videri visione corporali etc. conce
1316 355 2292 411 ditur quod Iudei viderunt deum: non tamen
1313 412 2292 467 viderunt divinitatem. et odiebant deum: non
1322 468 2286 523 tamen divinitatem. sicut concedimus quod oc-
1331 524 2286 584 ciderunt deum: non tamen deitatem: et sic con
1316 581 2285 648 cedimus de omnibus terminis qui accipi
1328 637 2276 695 possunt essentialiter: sicut deus: summum
1326 694 2289 756 bonum: omnipotens: et huiusmodi quae reci-
1319 743 2292 808 piunt praedicationem per conicationem idioma
1323 810 2295 867 tum: sicut dicimus omnipotens est passus
1326 857 2286 913 summum bonum fuit vulneratum. sic in
1316 923 2282 979 proposito: si Iudas odiret humanitatem
1329 974 2295 1028 christi: et diligeret deum: oporteret concede
1329 1036 2281 1098 re per communicationem idiomatum quod
1321 1081 2283 1140 filius dei est oditus a Iuda: et summum bo
1325 1147 2295 1203 num est oditum a Iuda: et sic de aliis. et sic
1322 1195 2295 1259 conclusio patria quam dixi supra in quarta diffi
1325 1252 2286 1315 cultate: quod viator non potest frui vna persona non
1320 1307 2295 1370 fruendo alia: debet intelligi de fruitione cu
1320 1372 2281 1435 ius obiectum per se et propriae est filius dei primo
1322 1426 2290 1483 modo distinctionis iam positae: et non de frui
1320 1484 2271 1540 tione filii quae dicitur secundo modo per com
1319 1532 2277 1592 municationem idiomatum: quia sic ut iam di-
1335 1589 2296 1651 ctum est / conringit bene frui vna persona non
1332 1645 2285 1708 fruendo alia: immo odiendo tam personam
1332 1700 2271 1762 quam essentiam: immo iuxta istum modum lo-
1329 1756 2271 1818 quendi possunt dici conclusiones quae viden
1331 1812 2285 1864 tur mirabiles. Prima est: quod haec est possi-
1325 1866 2275 1932 bilis: aliquis diligit deum super omnia: et eadem
1325 1924 2265 1991 dilectione peccat mortaliter. Probatur
1325 1975 2278 2043 ista conclusio primo sic. pono quod christus osten
1322 2036 2261 2095 dat Ioanni viatori suam humanitatem: et vo
1321 2086 2272 2155 lo quod Ioannes delectatus in ista humani-
1317 2148 2266 2217 tate fruatur ea: nesciens quod est assumpta: illo
1323 2203 2271 2274 casu posito Ioannes peccat mortaliter: quia
1307 2251 2286 2312 fruitur creatura. nam fruitur humanitate hac
1328 2314 2268 2379 gitur creatura. et tamen dilectione qua fruitur
1320 2364 2272 2435 hac humanitate: diligit deum super omnia
1323 2428 2265 2491 per conicationem idiomatum. igitur per actum
1329 2484 2265 2543 qui est peccatum mortale / diligit deum super omnia
1319 2540 2265 2603 et eorio. Praeterea arguo sic. Ioannes ftuitur
1326 2587 2264 2658 hac nanitate: ergo diligit eam plusque deum: quia di
1331 2652 2267 2707 igit eam super omnia alia ab ea: igitur per conicatio-
1325 2708 2265 2767 ne idiomatum diligit deum plusque deum. quia sic
1315 2755 2277 2835 sequitur: Ioannes tagit hanc huanitatem: igitur
1314 2820 2273 2867 tagit deum per conicationem idiomatum. ita sequi-
1323 2867 2265 2931 tur diligit hanc huanitatem plusquam deum. igitum
1323 2922 2268 2979 diligit deum plusque deum. Et simul sitae sunt con-
1318 2980 2281 3049 cedede: Iudei oderunt deum plusquam oderunt
1322 3028 2273 3109 deum: et Iudei viderunt deum clarius quod viderunt
1323 3087 2292 3171 deum. et pari ratione tales: maria minus dilexit.
