<?xml version="1.0" encoding="UTF-8" standalone="yes"?>
<PcGts xmlns="http://schema.primaresearch.org/PAGE/gts/pagecontent/2013-07-15" xmlns:xsi="http://www.w3.org/2001/XMLSchema-instance" xsi:schemaLocation="http://schema.primaresearch.org/PAGE/gts/pagecontent/2013-07-15 http://schema.primaresearch.org/PAGE/gts/pagecontent/2013-07-15/pagecontent.xsd">
    <Metadata>
        <Creator>prov=University of Rostock/Institute of Mathematics/CITlab|PLANET AI GmbH/Gundram Leifert/gundram.leifert@planet-ai.de:name=holcot-sent-m4(htr_id=20243)::::v=2.6.0
prov=University of Rostock/Institute of Mathematics/CITlab|PLANET AI GmbH/Tobias Gruening/tobias.gruening@planet-ai.de:name=de.uros.citlab.module.baseline2polygon.B2PSeamMultiOriented:v=2.6.0
prov=University of Rostock/Institute of Mathematics/CITlab/Tobias Gruening/tobias.gruening@uni-rostock.de:name=/net_tf/LA73_249_0mod360.pb:de.uros.citlab.segmentation.CITlab_LA_ML:v=?0.1
TRP</Creator>
        <Created>2019-01-18T05:12:34.419-05:00</Created>
        <LastChange>2020-01-06T19:48:17.478+01:00</LastChange>
        <TranskribusMetadata docId="116573" pageId="4332708" pageNr="80" tsid="22128232" status="IN_PROGRESS" userId="25065" imgUrl="https://files.transkribus.eu/Get?id=MPYBBDDANQPUXJSPJSKSVPOO&amp;fileType=view" xmlUrl="https://files.transkribus.eu/Get?id=GQHEIKPIVALUNKJIKTZLUJPU" imageId="2465249"/>
    </Metadata>
    <Page imageFilename="080.jpg" imageWidth="2550" imageHeight="3300">
        <ReadingOrder>
            <OrderedGroup id="ro_1578342404473" caption="Regions reading order">
                <RegionRefIndexed index="0" regionRef="r2"/>
                <RegionRefIndexed index="1" regionRef="TextRegion_1578082687860_944"/>
            </OrderedGroup>
        </ReadingOrder>
        <TextRegion orientation="0.0" id="r2" custom="readingOrder {index:0;}">
            <Coords points="309,155 309,3154 1287,3154 1287,155"/>
            <TextLine id="r2l2" custom="readingOrder {index:0;}">
                <Coords points="303,227 1127,235 1264,227 1282,173 974,187 869,156 814,187 763,140 665,178 303,180"/>
                <Baseline points="309,215 357,213 405,213 453,213 502,213 550,213 598,213 647,214 695,215 743,215 792,216 840,217 888,218 936,218 985,218 1033,218 1081,218 1130,218 1178,216 1226,215 1275,213"/>
                <TextEquiv>
                    <Unicode>magnitudinem voliti. Contra. quaero quon san</Unicode>
                </TextEquiv>
            </TextLine>
            <TextLine id="r2l3" custom="readingOrder {index:1;}">
                <Coords points="307,274 1270,275 1270,227 1155,220 308,234"/>
                <Baseline points="314,267 361,267 408,267 456,267 503,267 551,268 598,269 646,269 693,270 741,270 788,270 835,272 883,272 930,272 978,272 1025,272 1073,272 1120,272 1168,272 1215,270 1263,269"/>
                <TextEquiv>
                    <Unicode>ctus vel magnus homo tenetur magis diligere </Unicode>
                </TextEquiv>
            </TextLine>
            <TextLine id="r2l4" custom="readingOrder {index:2;}">
                <Coords points="305,331 1269,327 1269,284 1215,275 305,276"/>
                <Baseline points="311,323 358,321 406,321 453,321 501,321 549,321 596,321 644,323 691,323 739,324 787,324 834,324 882,326 929,326 977,326 1025,326 1072,326 1120,326 1167,326 1215,324 1263,323"/>
                <TextEquiv>
                    <Unicode>deum quam homo hodie natus vel advitus: an plus </Unicode>
                </TextEquiv>
            </TextLine>
            <TextLine id="r2l5" custom="readingOrder {index:3;}">
                <Coords points="311,388 1278,387 1279,328 311,340"/>
                <Baseline points="317,377 364,377 412,377 460,377 508,377 555,377 603,377 651,378 699,378 746,378 794,380 842,380 890,380 937,381 985,381 1033,381 1081,381 1128,380 1176,380 1224,378 1272,377"/>
                <TextEquiv>
                    <Unicode>quia intensiori actu: an plus: quia maius bonum </Unicode>
                </TextEquiv>
            </TextLine>
            <TextLine id="r2l6" custom="readingOrder {index:4;}">
                <Coords points="320,443 1281,442 1281,387 1251,383 1068,406 320,386"/>
                <Baseline points="326,431 373,431 420,429 468,431 515,431 563,431 610,432 658,432 705,433 753,434 800,434 847,435 895,435 942,436 990,437 1037,437 1085,437 1132,435 1180,435 1227,434 1275,432"/>
                <TextEquiv>
                    <Unicode>debet sibi velle: an plex circumstantia: quia magis </Unicode>
                </TextEquiv>
            </TextLine>
            <TextLine id="r2l7" custom="readingOrder {index:5;}">
                <Coords points="320,503 1224,491 1272,514 1272,451 320,451"/>
                <Baseline points="327,491 376,491 425,489 475,489 524,488 574,488 623,488 672,488 722,489 771,489 821,489 870,489 920,491 969,491 1018,491 1068,491 1117,491 1167,491 1216,491 1266,491"/>
                <TextEquiv>
                    <Unicode>propter se: nullum istorum potest dici. Potest dici quod </Unicode>
                </TextEquiv>
            </TextLine>
            <TextLine id="r2l8" custom="readingOrder {index:6;}">
                <Coords points="323,564 1274,555 1274,514 1214,500 323,502"/>
                <Baseline points="329,545 378,545 427,545 477,545 526,545 576,546 625,546 674,546 724,546 773,548 823,548 872,548 922,548 971,548 1020,548 1070,548 1119,547 1169,546 1218,545 1268,545"/>
                <TextEquiv>
                    <Unicode>haec propoitio: sortes magis tenetur diligere deu </Unicode>
                </TextEquiv>
            </TextLine>
            <TextLine id="r2l9" custom="readingOrder {index:7;}">
                <Coords points="334,617 1284,611 1284,563 1239,555 334,549"/>
                <Baseline points="341,605 387,603 434,603 481,602 528,602 575,602 622,602 668,602 715,602 762,602 809,602 856,603 903,603 950,603 996,603 1043,603 1090,603 1137,603 1184,602 1231,602 1278,600"/>
                <TextEquiv>
                    <Unicode>quam plato: est distinguenda secundum amphibolo-</Unicode>
                </TextEquiv>
            </TextLine>
            <TextLine id="r2l10" custom="readingOrder {index:8;}">
                <Coords points="328,675 1186,680 1211,655 1277,667 1277,619 328,621"/>
                <Baseline points="335,659 381,659 428,657 475,657 522,657 569,657 615,657 662,657 709,657 756,657 803,657 849,659 896,659 943,659 990,659 1037,659 1083,659 1130,659 1177,658 1224,657 1271,656"/>
                <TextEquiv>
                    <Unicode>giam: eo quod lb magis potest determinare licet te-</Unicode>
                </TextEquiv>
            </TextLine>
            <TextLine id="r2l11" custom="readingOrder {index:9;}">
                <Coords points="322,723 1290,723 1290,676 1171,668 323,675"/>
                <Baseline points="329,710 376,711 424,711 472,711 519,713 567,713 615,713 662,714 710,714 758,714 806,716 853,716 901,716 949,716 996,716 1044,716 1092,716 1139,714 1187,714 1235,713 1283,711"/>
                <TextEquiv>
                    <Unicode>netur vel liber diligere. si primum: propositio est vera </Unicode>
                </TextEquiv>
            </TextLine>
            <TextLine id="r2l12" custom="readingOrder {index:10;}">
                <Coords points="321,779 1274,779 1258,718 1031,743 321,723"/>
                <Baseline points="327,767 374,767 421,768 468,768 515,768 562,769 609,770 656,770 703,770 750,770 797,770 844,770 891,770 938,771 985,771 1032,771 1079,771 1126,771 1173,771 1220,771 1268,771"/>
                <TextEquiv>
                    <Unicode>si secundum: falsa. quia non tenetur diligere magis </Unicode>
                </TextEquiv>
            </TextLine>
            <TextLine id="r2l13" custom="readingOrder {index:11;}">
                <Coords points="344,835 984,827 1078,854 1290,830 1290,789 1259,779 345,775"/>
                <Baseline points="351,824 397,824 444,824 490,824 537,824 584,824 630,825 677,825 724,825 770,826 817,827 864,827 910,827 957,828 1004,828 1050,828 1097,828 1144,827 1190,827 1237,825 1284,825"/>
                <TextEquiv>
                    <Unicode>sed magis tenetur aequaliter diligere: et sic </Unicode>
                </TextEquiv>
            </TextLine>
            <TextLine id="r2l14" custom="readingOrder {index:12;}">
                <Coords points="332,890 986,908 1058,881 1108,907 1278,892 1278,828 1082,853 332,836"/>
                <Baseline points="338,879 384,879 431,879 478,879 524,879 571,881 618,881 664,881 711,882 758,882 805,883 851,884 898,884 945,884 991,884 1038,884 1085,884 1131,884 1178,882 1225,882 1272,881"/>
                <TextEquiv>
                    <Unicode>unus homo non tenetur diligere magis quod alius: tamn </Unicode>
                </TextEquiv>
            </TextLine>
            <TextLine id="r2l15" custom="readingOrder {index:13;}">
                <Coords points="335,942 1293,948 1294,892 1128,892 1088,932 1014,892 335,900"/>
                <Baseline points="341,939 388,938 435,938 482,938 530,939 577,939 624,939 672,939 719,940 766,941 814,941 861,941 908,941 955,942 1003,942 1050,942 1097,942 1145,942 1192,941 1239,941 1287,939"/>
                <TextEquiv>
                    <Unicode>magis teneturid est ex pluribus causis. Ad aliam </Unicode>
                </TextEquiv>
            </TextLine>
            <TextLine id="r2l16" custom="readingOrder {index:14;}">
                <Coords points="328,1002 1291,1003 1275,946 329,948"/>
                <Baseline points="335,993 382,993 429,993 477,993 524,993 572,995 619,995 667,995 714,996 762,996 809,996 856,996 904,998 951,998 999,998 1046,998 1094,998 1141,998 1189,998 1236,998 1284,998"/>
                <TextEquiv>
                    <Unicode>formam: si homo deberet diligere deum plusque se</Unicode>
                </TextEquiv>
            </TextLine>
            <TextLine id="r2l17" custom="readingOrder {index:15;}">
                <Coords points="332,1065 1293,1060 1285,1011 333,1011"/>
                <Baseline points="338,1050 385,1050 432,1050 480,1050 527,1052 575,1052 622,1052 670,1052 717,1053 765,1053 812,1054 859,1055 907,1055 954,1055 1002,1055 1049,1055 1097,1055 1144,1055 1192,1054 1239,1053 1287,1052"/>
                <TextEquiv>
                    <Unicode>ergo deberet preligere suam adnihilationem </Unicode>
                </TextEquiv>
            </TextLine>
            <TextLine id="r2l18" custom="readingOrder {index:16;}">
                <Coords points="343,1114 1281,1116 1281,1067 1237,1059 1191,1091 1143,1060 344,1068"/>
                <Baseline points="350,1107 396,1107 442,1107 488,1107 534,1107 581,1109 627,1109 673,1109 719,1110 765,1110 812,1110 858,1110 904,1112 950,1112 996,1112 1043,1112 1089,1112 1135,1112 1181,1112 1227,1110 1274,1110"/>
                <TextEquiv>
                    <Unicode>bonius quam peccare mortaliter: dicitur quod sic. Ao </Unicode>
                </TextEquiv>
            </TextLine>
            <TextLine id="r2l19" custom="readingOrder {index:17;}">
                <Coords points="343,1170 1142,1187 1290,1179 1291,1125 343,1122"/>
                <Baseline points="350,1161 396,1161 443,1161 490,1163 536,1163 583,1163 630,1164 676,1164 723,1165 770,1166 817,1166 863,1166 910,1166 957,1167 1003,1167 1050,1167 1097,1167 1143,1167 1190,1167 1237,1167 1284,1166"/>
                <TextEquiv>
                    <Unicode>duo decimum principale quando quaritur utrum homo tene</Unicode>
                </TextEquiv>
            </TextLine>
            <TextLine id="r2l20" custom="readingOrder {index:18;}">
                <Coords points="333,1227 1290,1242 1291,1180 1262,1177 334,1166"/>
                <Baseline points="339,1217 386,1218 433,1218 480,1219 528,1220 575,1220 622,1220 669,1221 717,1221 764,1221 811,1223 858,1223 906,1223 953,1224 1000,1224 1047,1224 1095,1226 1142,1227 1189,1227 1236,1229 1284,1230"/>
                <TextEquiv>
                    <Unicode>tur aequaliter ante redemptionem et post. dico quod </Unicode>
                </TextEquiv>
            </TextLine>
            <TextLine id="r2l21" custom="readingOrder {index:19;}">
                <Coords points="330,1279 1293,1290 1293,1234 330,1236"/>
                <Baseline points="336,1272 383,1274 431,1275 478,1275 526,1277 573,1277 621,1278 668,1278 716,1280 763,1280 811,1280 859,1280 906,1280 954,1280 1001,1280 1049,1280 1096,1280 1144,1280 1191,1278 1239,1278 1287,1277"/>
                <TextEquiv>
                    <Unicode>non aequaliter tenetur. et quando arguitur quod debemus di</Unicode>
                </TextEquiv>
            </TextLine>
            <TextLine id="r2l22" custom="readingOrder {index:20;}">
                <Coords points="329,1338 1188,1356 1287,1347 1288,1293 330,1280"/>
                <Baseline points="336,1328 383,1329 430,1331 477,1332 525,1332 572,1332 619,1334 666,1334 714,1335 761,1335 808,1336 855,1337 903,1337 950,1337 997,1337 1044,1338 1092,1338 1139,1338 1186,1338 1233,1338 1281,1338"/>
                <TextEquiv>
                    <Unicode>ligere humanitatem christi: dicendum est quod non. </Unicode>
                </TextEquiv>
            </TextLine>
            <TextLine id="r2l23" custom="readingOrder {index:21;}">
                <Coords points="383,1410 1149,1404 1126,1356 384,1348"/>
                <Baseline points="390,1394 427,1392 465,1392 502,1391 540,1391 578,1391 615,1391 653,1391 691,1391 728,1392 766,1392 804,1392 841,1394 879,1394 917,1394 954,1395 992,1395 1030,1395 1067,1395 1105,1394 1143,1394"/>
                <TextEquiv>
                    <Unicode>i Aungntnum xiii concedo conclusionem. </Unicode>
                </TextEquiv>
            </TextLine>
            <TextLine id="r2l24" custom="readingOrder {index:22;}">
                <Coords points="633,1491 731,1516 976,1514 1033,1484 1064,1515 1284,1515 1285,1435 1113,1419 1027,1456 959,1428 863,1442 695,1412 667,1438 633,1419"/>
                <Baseline points="639,1490 672,1493 706,1496 739,1497 773,1499 807,1499 840,1500 874,1500 908,1500 941,1500 975,1499 1008,1499 1042,1499 1076,1498 1109,1497 1143,1497 1177,1498 1210,1499 1244,1500 1278,1500"/>
                <TextEquiv>
                    <Unicode>iUeritur utrum </Unicode>
                </TextEquiv>
            </TextLine>
            <TextLine id="r2l25" custom="readingOrder {index:23;}">
                <Coords points="660,1571 1291,1580 1291,1516 1256,1532 959,1516 803,1535 772,1515 660,1515"/>
                <Baseline points="666,1562 696,1565 727,1566 758,1566 789,1568 820,1568 851,1568 882,1569 913,1568 944,1568 975,1568 1005,1568 1036,1568 1067,1566 1098,1566 1129,1566 1160,1566 1191,1566 1222,1566 1253,1566 1284,1566"/>
                <TextEquiv>
                    <Unicode>deus sit tres personae distincte: </Unicode>
                </TextEquiv>
            </TextLine>
            <TextLine id="r2l26" custom="readingOrder {index:24;}">
                <Coords points="657,1629 945,1635 965,1652 1004,1627 1283,1626 1283,1588 1204,1573 955,1589 908,1572 866,1591 798,1568 762,1588 657,1572"/>
                <Baseline points="663,1622 693,1622 724,1623 755,1623 785,1625 816,1625 847,1625 877,1625 908,1625 939,1625 970,1625 1000,1625 1031,1625 1062,1624 1092,1623 1123,1623 1154,1623 1184,1623 1215,1623 1246,1623 1277,1623"/>
                <TextEquiv>
                    <Unicode>Uidetur quod non: quia tres persone</Unicode>
                </TextEquiv>
            </TextLine>
            <TextLine id="r2l27" custom="readingOrder {index:25;}">
                <Coords points="644,1687 985,1700 1216,1676 1274,1691 1281,1629 1174,1645 1028,1626 968,1651 644,1633"/>
                <Baseline points="651,1679 682,1679 713,1680 744,1680 775,1680 807,1680 838,1680 869,1680 900,1680 931,1680 963,1680 994,1680 1025,1680 1056,1680 1087,1680 1119,1680 1150,1680 1181,1680 1212,1680 1243,1679 1275,1679"/>
                <TextEquiv>
                    <Unicode>sunt tres dii: igitur unus deus non </Unicode>
                </TextEquiv>
            </TextLine>
            <TextLine id="line_1578336109508_461" custom="readingOrder {index:26;}">
                <Coords points="666,1684 1282,1700 1281,1747 1101,1755 630,1740 630,1699"/>
                <Baseline points="630,1726 672,1728 718,1730 765,1732 811,1734 857,1736 904,1737 950,1737 996,1739 1043,1739 1089,1739 1135,1737 1182,1737 1228,1735 1275,1733"/>
                <TextEquiv>
                    <Unicode>iu ecenu est tres personae. conseqentia patet. Ante</Unicode>
                </TextEquiv>
            </TextLine>
            <TextLine id="r2l29" custom="readingOrder {index:27;}">
                <Coords points="329,1793 1273,1797 1273,1758 1201,1744 329,1748"/>
                <Baseline points="336,1784 382,1785 429,1786 475,1787 522,1788 568,1788 615,1790 661,1790 708,1790 754,1791 801,1791 847,1791 894,1791 940,1791 987,1791 1033,1791 1080,1791 1126,1790 1173,1790 1219,1790 1266,1790"/>
                <TextEquiv>
                    <Unicode>cedens probo. quia ista consequentia est bona. unum est ta-</Unicode>
                </TextEquiv>
            </TextLine>
            <TextLine id="r2l30" custom="readingOrder {index:28;}">
                <Coords points="323,1851 1284,1859 1285,1797 324,1792"/>
                <Baseline points="330,1841 377,1841 424,1842 472,1842 519,1842 567,1844 614,1844 661,1844 709,1845 756,1845 804,1845 851,1845 898,1846 946,1847 993,1847 1041,1847 1088,1847 1135,1847 1183,1845 1230,1845 1278,1845"/>
                <TextEquiv>
                    <Unicode>le quo maius cogitari non potest. igitur unum est </Unicode>
                </TextEquiv>
            </TextLine>
            <TextLine id="r2l31" custom="readingOrder {index:29;}">
                <Coords points="329,1907 1281,1915 1282,1859 330,1852"/>
                <Baseline points="336,1893 385,1895 434,1896 484,1898 533,1898 583,1899 632,1901 681,1901 731,1901 780,1902 830,1902 879,1902 929,1902 978,1902 1027,1902 1077,1902 1126,1902 1176,1902 1225,1901 1275,1901"/>
                <TextEquiv>
                    <Unicode>deus. et eadem ratione ista consequentia erit bona. tria sunt </Unicode>
                </TextEquiv>
            </TextLine>
            <TextLine id="r2l32" custom="readingOrder {index:30;}">
                <Coords points="320,1962 1281,1963 1261,1909 320,1909"/>
                <Baseline points="326,1952 373,1952 420,1953 468,1955 515,1955 563,1956 610,1956 658,1957 705,1958 753,1958 800,1958 847,1958 895,1958 942,1958 990,1958 1037,1958 1085,1958 1132,1958 1180,1958 1227,1958 1275,1958"/>
                <TextEquiv>
                    <Unicode>talia: quorum qualibet maius excogitari non potest. </Unicode>
                </TextEquiv>
            </TextLine>
            <TextLine id="r2l33" custom="readingOrder {index:31;}">
                <Coords points="318,2027 1285,2027 1285,1962 318,1972"/>
                <Baseline points="324,2009 371,2010 419,2010 467,2012 514,2012 562,2012 610,2013 657,2013 705,2013 753,2013 801,2013 848,2013 896,2013 944,2013 991,2013 1039,2013 1087,2015 1134,2015 1182,2015 1230,2015 1278,2015"/>
                <TextEquiv>
                    <Unicode>probatur. quia vel pater est illud quo maius etc. vl</Unicode>
                </TextEquiv>
            </TextLine>
            <TextLine id="r2l34" custom="readingOrder {index:32;}">
                <Coords points="320,2069 1290,2079 1290,2028 1158,2019 321,2028"/>
                <Baseline points="327,2060 374,2061 422,2063 470,2064 518,2066 566,2066 614,2067 661,2067 709,2067 757,2068 805,2069 853,2069 901,2069 949,2069 996,2069 1044,2069 1092,2069 1140,2069 1188,2069 1236,2069 1284,2069"/>
                <TextEquiv>
                    <Unicode>non. si non: non est deus. si sic: pari ratione filius et </Unicode>
                </TextEquiv>
            </TextLine>
            <TextLine id="line_1578336118867_471" custom="readingOrder {index:33;}">
                <Coords points="337,2072 378,2068 439,2067 1239,2076 1285,2083 1285,2131 972,2149 335,2135"/>
                <Baseline points="342,2117 369,2118 397,2119 424,2120 452,2120 479,2120 507,2121 534,2121 562,2123 590,2124 629,2123 661,2123 693,2124 726,2124 758,2124 791,2124 823,2124 856,2124 888,2124 921,2124 953,2124 985,2124 1018,2124 1050,2124 1083,2124 1115,2124 1148,2124 1180,2124 1213,2124 1245,2124 1278,2124"/>
                <TextEquiv>
                    <Unicode>puensictus.  Praeterea si tres personae distin-</Unicode>
                </TextEquiv>
            </TextLine>
            <TextLine id="r2l37" custom="readingOrder {index:34;}">
                <Coords points="321,2190 1275,2186 1275,2132 322,2132"/>
                <Baseline points="327,2175 374,2175 421,2175 468,2175 515,2175 562,2175 609,2175 656,2175 703,2177 750,2177 798,2177 845,2177 892,2178 939,2178 986,2178 1033,2178 1080,2178 1127,2179 1174,2180 1221,2178 1269,2178"/>
                <TextEquiv>
                    <Unicode>guuntur: quaero utrum finste an infinitae: Si fi</Unicode>
                </TextEquiv>
            </TextLine>
            <TextLine id="r2l38" custom="readingOrder {index:35;}">
                <Coords points="317,2235 1152,2235 1254,2260 1279,2189 318,2188"/>
                <Baseline points="323,2226 370,2226 417,2228 465,2228 512,2229 560,2229 607,2229 655,2231 702,2231 750,2231 797,2231 844,2232 892,2232 939,2232 987,2233 1034,2234 1082,2234 1129,2235 1177,2235 1224,2236 1272,2237"/>
                <TextEquiv>
                    <Unicode>nitae: igitur duo finita sunt in deo. et vltra: igi</Unicode>
                </TextEquiv>
            </TextLine>
            <TextLine id="r2l39" custom="readingOrder {index:36;}">
                <Coords points="311,2291 1116,2310 1269,2299 1270,2256 312,2245"/>
                <Baseline points="318,2282 365,2282 412,2282 459,2283 507,2283 554,2283 601,2285 648,2285 696,2285 743,2286 790,2286 837,2288 885,2288 932,2289 979,2289 1026,2289 1074,2291 1121,2291 1168,2291 1215,2291 1263,2291"/>
                <TextEquiv>
                    <Unicode>tur aliquod finitum est in deo: et omne quod est in</Unicode>
                </TextEquiv>
            </TextLine>
            <TextLine id="r2l40" custom="readingOrder {index:37;}">
                <Coords points="330,2347 1276,2356 1274,2298 330,2291"/>
                <Baseline points="336,2336 382,2337 429,2337 475,2339 522,2340 569,2340 615,2342 662,2342 709,2343 755,2343 802,2343 849,2345 895,2345 942,2345 989,2345 1035,2346 1082,2346 1129,2346 1175,2346 1222,2348 1269,2348"/>
                <TextEquiv>
                    <Unicode>deo: est deus: igitur aliquod finitum est deus. Si </Unicode>
                </TextEquiv>
            </TextLine>
            <TextLine id="r2l41" custom="readingOrder {index:38;}">
                <Coords points="329,2401 803,2420 1152,2395 1275,2419 1253,2355 330,2356"/>
                <Baseline points="335,2391 381,2393 428,2395 475,2396 521,2397 568,2399 615,2399 661,2400 708,2400 755,2400 802,2402 848,2402 895,2402 942,2402 988,2402 1035,2403 1082,2403 1128,2403 1175,2403 1222,2405 1269,2405"/>
                <TextEquiv>
                    <Unicode>infinitae: ergo non magis differunt deus et dia</Unicode>
                </TextEquiv>
            </TextLine>
            <TextLine id="r2l42" custom="readingOrder {index:39;}">
                <Coords points="330,2459 1281,2475 1281,2419 1190,2411 331,2398"/>
                <Baseline points="336,2448 385,2451 434,2452 484,2453 533,2454 583,2454 632,2456 681,2456 731,2456 780,2457 830,2457 879,2457 929,2457 978,2459 1027,2459 1077,2459 1126,2460 1176,2462 1225,2462 1275,2463"/>
                <TextEquiv>
                    <Unicode>bolus quam pater et filius: nec homo et asinus </Unicode>
                </TextEquiv>
            </TextLine>
            <TextLine id="r2l43" custom="readingOrder {index:40;}">
                <Coords points="336,2509 1278,2539 1251,2467 336,2467"/>
                <Baseline points="342,2507 388,2508 435,2508 481,2509 528,2510 574,2510 621,2511 667,2511 714,2511 760,2513 807,2513 853,2513 900,2514 946,2514 993,2514 1039,2516 1086,2517 1132,2517 1179,2519 1225,2520 1272,2522"/>
                <TextEquiv>
                    <Unicode>magis differunt quam pater et filius. et similiter sequi-</Unicode>
                </TextEquiv>
            </TextLine>
            <TextLine id="r2l44" custom="readingOrder {index:41;}">
                <Coords points="326,2571 1289,2587 1290,2540 327,2514"/>
                <Baseline points="332,2562 379,2564 427,2565 474,2565 522,2567 569,2567 617,2568 664,2568 712,2568 759,2570 807,2570 855,2570 902,2570 950,2570 997,2571 1045,2571 1092,2571 1140,2573 1187,2574 1235,2574 1283,2577"/>
                <TextEquiv>
                    <Unicode>tur quod summe diversae res forent vna res. Se</Unicode>
                </TextEquiv>
            </TextLine>
            <TextLine id="line_1578082791486_1020" custom="readingOrder {index:42;}">
                <Coords points="335,2626 1266,2649 1267,2596 1212,2574 1117,2597 336,2579"/>
                <Baseline points="342,2618 385,2619 428,2621 471,2621 514,2622 558,2622 601,2624 644,2624 687,2625 730,2625 774,2625 817,2626 860,2627 903,2627 946,2627 990,2628 1033,2628 1076,2630 1119,2630 1162,2631 1206,2633 1230,2633 1260,2639"/>
                <TextEquiv>
                    <Unicode>cundo dato quod differant infinitae: sequitur quod </Unicode>
                </TextEquiv>
            </TextLine>
            <TextLine id="line_1578082787257_1015" custom="readingOrder {index:43;}">
                <Coords points="329,2683 1279,2698 1279,2652 1233,2635 330,2628"/>
                <Baseline points="336,2673 379,2675 422,2676 465,2678 508,2678 552,2679 595,2679 638,2681 681,2681 724,2681 768,2682 811,2682 854,2682 897,2684 940,2684 984,2684 1027,2685 1070,2686 1113,2687 1156,2688 1200,2690 1224,2691 1272,2691"/>
                <TextEquiv>
                    <Unicode>tantummodo differunt sicut differrent si per im</Unicode>
                </TextEquiv>
            </TextLine>
            <TextLine id="line_1578082783279_1010" custom="readingOrder {index:44;}">
                <Coords points="344,2740 1133,2764 1226,2743 1262,2765 1263,2708 1084,2692 345,2691"/>
                <Baseline points="351,2727 395,2729 439,2731 483,2732 527,2733 571,2735 615,2736 660,2738 704,2738 748,2739 792,2739 836,2741 880,2741 925,2742 969,2742 1013,2742 1057,2744 1101,2744 1145,2744 1190,2745 1241,2750 1256,2747"/>
                <TextEquiv>
                    <Unicode>possibile distinguerentur. et per consequens sequitur quod </Unicode>
                </TextEquiv>
            </TextLine>
            <TextLine id="r2l51" custom="readingOrder {index:45;}">
                <Coords points="339,2793 1275,2819 1276,2764 1222,2748 340,2742"/>
                <Baseline points="345,2784 391,2786 437,2787 483,2789 529,2790 576,2790 622,2792 668,2793 714,2793 760,2794 807,2795 853,2795 899,2796 945,2796 991,2798 1038,2798 1084,2799 1130,2800 1176,2801 1222,2802 1269,2804"/>
                <TextEquiv>
                    <Unicode>forent diversi dii data tanta diversitate: ista </Unicode>
                </TextEquiv>
            </TextLine>
            <TextLine id="line_1578082778765_1005" custom="readingOrder {index:46;}">
                <Coords points="337,2850 1173,2855 1205,2878 1277,2865 1278,2820 1193,2812 1163,2839 1101,2804 338,2796"/>
                <Baseline points="344,2841 384,2842 424,2844 464,2844 505,2846 545,2846 585,2847 625,2847 666,2847 706,2849 746,2849 786,2849 827,2849 867,2850 907,2850 947,2851 988,2852 1028,2852 1068,2854 1108,2855 1149,2856 1205,2861 1238,2859 1271,2858"/>
                <TextEquiv>
                    <Unicode>igitur nec differunt finitae nec infinitae. Prae</Unicode>
                </TextEquiv>
            </TextLine>
            <TextLine id="r2l54" custom="readingOrder {index:47;}">
                <Coords points="332,2906 1189,2923 1280,2917 1281,2865 333,2854"/>
                <Baseline points="338,2895 384,2895 431,2897 478,2898 525,2899 572,2900 618,2900 665,2901 712,2903 759,2903 806,2903 852,2904 899,2904 946,2906 993,2906 1040,2907 1086,2909 1133,2909 1180,2910 1227,2912 1274,2913"/>
                <TextEquiv>
                    <Unicode>terea deus et trinitas sunt omni modo idem </Unicode>
                </TextEquiv>
            </TextLine>
            <TextLine id="r2l55" custom="readingOrder {index:48;}">
                <Coords points="341,2955 1281,2979 1262,2914 342,2915"/>
                <Baseline points="348,2949 394,2951 440,2952 486,2952 533,2954 579,2954 625,2955 672,2955 718,2957 764,2957 811,2958 857,2958 903,2960 949,2960 996,2961 1042,2961 1088,2963 1135,2964 1181,2964 1227,2966 1274,2967"/>
                <TextEquiv>
                    <Unicode>quo simpliciter est melius esse idem quam non idem: </Unicode>
                </TextEquiv>
            </TextLine>
            <TextLine id="r2l56" custom="readingOrder {index:49;}">
                <Coords points="338,3011 1158,3035 1281,3028 1282,2979 339,2955"/>
                <Baseline points="345,3000 391,3003 438,3005 484,3006 531,3008 577,3009 624,3010 670,3011 717,3011 763,3012 810,3012 856,3012 903,3014 949,3014 996,3014 1042,3014 1089,3015 1135,3015 1182,3016 1228,3017 1275,3017"/>
                <TextEquiv>
                    <Unicode>sed esse idem essentialiter et personaliter est sim-</Unicode>
                </TextEquiv>
            </TextLine>
            <TextLine id="r2l57" custom="readingOrder {index:50;}">
                <Coords points="342,3074 1152,3091 1282,3079 1283,3028 343,3020"/>
                <Baseline points="348,3056 394,3059 440,3060 487,3062 533,3063 579,3064 626,3065 672,3066 718,3067 765,3068 811,3068 857,3069 904,3069 950,3071 996,3071 1043,3071 1089,3072 1135,3072 1182,3072 1228,3074 1275,3074"/>
                <TextEquiv>
                    <Unicode>pliciter melius quam non esse sic idem: igitur deus </Unicode>
                </TextEquiv>
            </TextLine>
            <TextLine id="r2l58" custom="readingOrder {index:51;}">
                <Coords points="342,3123 1280,3155 1290,3093 343,3075"/>
                <Baseline points="348,3113 394,3115 441,3118 488,3121 535,3123 581,3125 628,3126 675,3126 722,3128 768,3128 815,3129 862,3129 909,3129 955,3131 1002,3131 1049,3132 1096,3133 1142,3134 1189,3136 1236,3139 1283,3141"/>
                <TextEquiv>
                    <Unicode>et trinitas sunt idem essentialiter. maior pa</Unicode>
                </TextEquiv>
            </TextLine>
            <TextEquiv>
                <Unicode>magnitudinem voliti. Contra. quaero quon san
ctus vel magnus homo tenetur magis diligere 
deum quam homo hodie natus vel advitus: an plus 
quia intensiori actu: an plus: quia maius bonum 
debet sibi velle: an plex circumstantia: quia magis 
propter se: nullum istorum potest dici. Potest dici quod 
haec propoitio: sortes magis tenetur diligere deu 
quam plato: est distinguenda secundum amphibolo-
giam: eo quod lb magis potest determinare licet te-
netur vel liber diligere. si primum: propositio est vera 
si secundum: falsa. quia non tenetur diligere magis 
sed magis tenetur aequaliter diligere: et sic 
unus homo non tenetur diligere magis quod alius: tamn 
magis teneturid est ex pluribus causis. Ad aliam 
formam: si homo deberet diligere deum plusque se
ergo deberet preligere suam adnihilationem 
bonius quam peccare mortaliter: dicitur quod sic. Ao 
duo decimum principale quando quaritur utrum homo tene
tur aequaliter ante redemptionem et post. dico quod 
non aequaliter tenetur. et quando arguitur quod debemus di
ligere humanitatem christi: dicendum est quod non. 
i Aungntnum xiii concedo conclusionem. 
iUeritur utrum 
deus sit tres personae distincte: 
Uidetur quod non: quia tres persone
sunt tres dii: igitur unus deus non 
iu ecenu est tres personae. conseqentia patet. Ante
cedens probo. quia ista consequentia est bona. unum est ta-
le quo maius cogitari non potest. igitur unum est 
deus. et eadem ratione ista consequentia erit bona. tria sunt 
talia: quorum qualibet maius excogitari non potest. 
probatur. quia vel pater est illud quo maius etc. vl
non. si non: non est deus. si sic: pari ratione filius et 
puensictus.  Praeterea si tres personae distin-
guuntur: quaero utrum finste an infinitae: Si fi
nitae: igitur duo finita sunt in deo. et vltra: igi
tur aliquod finitum est in deo: et omne quod est in
deo: est deus: igitur aliquod finitum est deus. Si 
infinitae: ergo non magis differunt deus et dia
bolus quam pater et filius: nec homo et asinus 
magis differunt quam pater et filius. et similiter sequi-
tur quod summe diversae res forent vna res. Se
cundo dato quod differant infinitae: sequitur quod 
tantummodo differunt sicut differrent si per im
possibile distinguerentur. et per consequens sequitur quod 
forent diversi dii data tanta diversitate: ista 
igitur nec differunt finitae nec infinitae. Prae
terea deus et trinitas sunt omni modo idem 
quo simpliciter est melius esse idem quam non idem: 
sed esse idem essentialiter et personaliter est sim-
pliciter melius quam non esse sic idem: igitur deus 
et trinitas sunt idem essentialiter. maior pa</Unicode>
            </TextEquiv>
        </TextRegion>
        <TextRegion orientation="0.0" id="TextRegion_1578082687860_944" custom="readingOrder {index:1;}">
            <Coords points="1326,148 2328,148 2328,3166 1326,3166"/>
            <TextLine id="r3l2" custom="readingOrder {index:0;}">
                <Coords points="1336,232 2304,238 2304,179 2215,172 1336,178"/>
                <Baseline points="1343,222 1390,222 1438,224 1486,224 1534,224 1581,222 1629,222 1677,222 1725,222 1772,222 1820,222 1868,221 1916,221 1963,221 2011,221 2059,221 2107,222 2154,222 2202,222 2250,224 2298,225"/>
                <TextEquiv>
                    <Unicode>tet per Anselmum prosolu xv. Tu es itaque </Unicode>
                </TextEquiv>
            </TextLine>
            <TextLine id="r3l3" custom="readingOrder {index:1;}">
                <Coords points="1335,286 2301,283 2301,236 2260,228 1335,231"/>
                <Baseline points="1341,282 1388,281 1436,279 1484,279 1531,278 1579,278 1627,278 1674,278 1722,278 1770,278 1818,278 1865,278 1913,278 1961,278 2008,279 2056,279 2104,279 2151,279 2199,278 2247,278 2295,278"/>
                <TextEquiv>
                    <Unicode>iustus verax et beatus: et quicquid est melius</Unicode>
                </TextEquiv>
            </TextLine>
            <TextLine id="r3l4" custom="readingOrder {index:2;}">
                <Coords points="1332,339 2266,351 2311,340 2311,284 1332,305"/>
                <Baseline points="1338,333 1386,333 1434,333 1482,332 1531,332 1579,332 1627,332 1676,332 1724,332 1772,332 1821,332 1869,332 1917,332 1965,332 2014,332 2062,333 2110,333 2159,333 2207,332 2255,332 2304,332"/>
                <TextEquiv>
                    <Unicode>esse quam non esse. minor patet etiam. quia quicquid </Unicode>
                </TextEquiv>
            </TextLine>
            <TextLine id="r3l6" custom="readingOrder {index:3;}">
                <Coords points="1342,395 2196,383 2238,408 2298,395 2298,347 1342,348"/>
                <Baseline points="1349,389 1396,387 1443,387 1490,387 1537,387 1584,386 1631,386 1679,386 1726,386 1773,386 1820,386 1867,386 1914,386 1961,387 2009,387 2056,387 2103,387 2150,387 2197,387 2244,387 2292,387"/>
                <TextEquiv>
                    <Unicode>convenit patri: est melius simpliciter ipsum </Unicode>
                </TextEquiv>
            </TextLine>
            <TextLine id="line_1578082710237_970" custom="readingOrder {index:4;}">
                <Coords points="1337,457 1692,463 1921,430 1966,460 2231,459 2290,446 2290,404 1944,396 1895,429 1726,393 1336,396"/>
                <Baseline points="1343,449 1369,447 1396,446 1422,446 1449,444 1476,444 1502,444 1529,443 1555,443 1582,443 1609,443 1635,443 1662,443 1688,443 1715,443 1742,443 1768,443 1795,443 1821,443 1848,443 1875,443 1958,444 1983,443 2008,443 2033,441 2058,441 2083,442 2108,443 2133,443 2158,443 2183,443 2208,443 2233,441 2258,441 2283,438"/>
                <TextEquiv>
                    <Unicode>quam non ipsum. igitur etc. Praeterea si vn-</Unicode>
                </TextEquiv>
            </TextLine>
            <TextLine id="r3l10" custom="readingOrder {index:5;}">
                <Coords points="1334,505 2295,507 2288,452 1335,458"/>
                <Baseline points="1341,498 1388,498 1435,498 1483,498 1530,497 1578,497 1625,497 1672,497 1720,497 1767,497 1815,497 1862,497 1909,497 1957,497 2004,498 2052,498 2099,498 2146,498 2194,498 2241,498 2289,498"/>
                <TextEquiv>
                    <Unicode>deus est tres persone: deus erit composi-</Unicode>
                </TextEquiv>
            </TextLine>
            <TextLine id="r3l11" custom="readingOrder {index:6;}">
                <Coords points="1340,563 2304,563 2304,516 2254,504 2204,528 1340,509"/>
                <Baseline points="1346,557 1393,555 1441,555 1488,555 1536,554 1584,554 1631,554 1679,554 1726,554 1774,554 1822,555 1869,555 1917,555 1964,555 2012,555 2060,555 2107,555 2155,555 2202,555 2250,555 2298,555"/>
                <TextEquiv>
                    <Unicode>situs ex tribus distinctis rebus. patet: quia ome</Unicode>
                </TextEquiv>
            </TextLine>
            <TextLine id="r3l12" custom="readingOrder {index:7;}">
                <Coords points="1350,618 2316,613 2316,571 2199,564 1350,566"/>
                <Baseline points="1356,612 1403,612 1451,611 1499,611 1546,611 1594,611 1642,611 1689,611 1737,611 1785,611 1833,611 1880,612 1928,612 1976,612 2023,612 2071,612 2119,612 2166,612 2214,612 2262,612 2310,611"/>
                <TextEquiv>
                    <Unicode>constituens distinguiitur a constituto: sed pa</Unicode>
                </TextEquiv>
            </TextLine>
            <TextLine id="r3l13" custom="readingOrder {index:8;}">
                <Coords points="1336,675 2292,674 2292,628 2152,620 1337,627"/>
                <Baseline points="1343,666 1390,666 1437,666 1484,666 1531,666 1578,666 1625,666 1673,666 1720,666 1767,666 1814,666 1861,666 1908,666 1955,668 2003,668 2050,668 2097,668 2144,668 2191,668 2238,668 2286,669"/>
                <TextEquiv>
                    <Unicode>ter constituitur per paternitatem: et pater </Unicode>
                </TextEquiv>
            </TextLine>
            <TextLine id="r3l14" custom="readingOrder {index:9;}">
                <Coords points="1338,731 2310,739 2293,674 1338,685"/>
                <Baseline points="1344,722 1392,722 1440,723 1488,723 1536,723 1584,724 1632,725 1680,725 1728,725 1776,725 1824,725 1872,725 1920,723 1968,723 2016,723 2064,723 2112,723 2160,723 2208,723 2256,723 2304,722"/>
                <TextEquiv>
                    <Unicode>est essentia. igitur sunt quatuor res in divi-</Unicode>
                </TextEquiv>
            </TextLine>
            <TextLine id="line_1578082732730_984" custom="readingOrder {index:10;}">
                <Coords points="1347,787 2285,804 2312,798 2313,739 1347,738"/>
                <Baseline points="1353,779 1398,779 1443,779 1488,779 1533,779 1578,779 1623,779 1669,780 1714,780 1759,780 1804,780 1849,780 1894,780 1939,780 1985,780 2030,780 2075,780 2120,780 2165,780 2210,780 2256,779 2270,780 2306,789"/>
                <TextEquiv>
                    <Unicode>nis. Quod autem constituatur per paternitatem: patet per </Unicode>
                </TextEquiv>
            </TextLine>
            <TextLine id="r3l17" custom="readingOrder {index:11;}">
                <Coords points="1350,842 2316,843 2316,803 2232,786 1350,796"/>
                <Baseline points="1356,834 1403,834 1451,834 1498,834 1546,834 1594,834 1641,834 1689,835 1737,836 1784,836 1832,836 1880,837 1927,837 1975,837 2023,837 2070,837 2118,837 2166,837 2213,837 2261,837 2309,837"/>
                <TextEquiv>
                    <Unicode>conem modum loquendi doctorum: et per sctmeTmho</Unicode>
                </TextEquiv>
            </TextLine>
            <TextLine id="r3l18" custom="readingOrder {index:12;}">
                <Coords points="1345,901 2064,890 2175,923 2307,899 2308,843 1345,852"/>
                <Baseline points="1352,893 1399,893 1446,891 1494,891 1541,891 1589,891 1636,891 1684,891 1731,891 1779,893 1826,893 1873,893 1921,893 1968,893 2016,894 2063,894 2111,894 2158,894 2206,894 2253,894 2301,894"/>
                <TextEquiv>
                    <Unicode>mam in scripto suo locis diversis super primum </Unicode>
                </TextEquiv>
            </TextLine>
            <TextLine id="r3l19" custom="readingOrder {index:13;}">
                <Coords points="1352,963 2273,960 2317,955 2317,900 1720,924 1686,899 1352,903"/>
                <Baseline points="1359,948 1406,948 1454,948 1501,948 1549,948 1596,948 1644,948 1691,948 1739,950 1786,950 1834,950 1882,950 1929,950 1977,951 2024,951 2072,951 2119,951 2167,951 2214,951 2262,950 2310,950"/>
                <TextEquiv>
                    <Unicode>ententiarum ubi dicit quod aliqua proprietas consti</Unicode>
                </TextEquiv>
            </TextLine>
            <TextLine id="r3l20" custom="readingOrder {index:14;}">
                <Coords points="1336,1007 2316,1019 2316,955 1336,963"/>
                <Baseline points="1343,1007 1391,1005 1439,1005 1488,1005 1536,1005 1584,1005 1633,1005 1681,1005 1729,1005 1778,1005 1826,1005 1874,1005 1923,1005 1971,1005 2019,1005 2068,1005 2116,1005 2164,1005 2213,1005 2261,1005 2310,1005"/>
                <TextEquiv>
                    <Unicode>tuit personam: et aliquo est personalis: et tamen non consti</Unicode>
                </TextEquiv>
            </TextLine>
            <TextLine id="line_1578082688004_947" custom="readingOrder {index:15;}">
                <Coords points="1342,1075 2270,1088 2334,1062 2189,1012 1342,1024"/>
                <Baseline points="1349,1064 1406,1064 1463,1062 1520,1062 1577,1062 1634,1062 1691,1062 1749,1061 1806,1061 1863,1061 1920,1061 1977,1061 2034,1062 2091,1062 2149,1064 2206,1064 2263,1065 2320,1068 2328,1068"/>
                <TextEquiv>
                    <Unicode>tuit: sicut patet per magistrum primo sententiarum </Unicode>
                </TextEquiv>
            </TextLine>
            <TextLine id="r3l22" custom="readingOrder {index:16;}">
                <Coords points="1405,1138 2118,1122 2208,1146 2310,1131 2310,1074 1405,1076"/>
                <Baseline points="1412,1121 1456,1119 1501,1119 1545,1119 1590,1118 1635,1118 1679,1118 1724,1118 1768,1118 1813,1118 1858,1118 1902,1119 1947,1119 1991,1119 2036,1119 2081,1119 2125,1119 2170,1119 2214,1119 2259,1119 2304,1119"/>
                <TextEquiv>
                    <Unicode>Praeterea essentia divina generat. igitur </Unicode>
                </TextEquiv>
            </TextLine>
            <TextLine id="r3l23" custom="readingOrder {index:17;}">
                <Coords points="1339,1194 2304,1186 2314,1130 1339,1145"/>
                <Baseline points="1346,1178 1394,1178 1442,1176 1490,1176 1538,1176 1586,1175 1634,1175 1682,1175 1730,1175 1778,1175 1826,1175 1874,1175 1922,1175 1970,1175 2018,1176 2066,1176 2114,1176 2162,1176 2210,1176 2258,1176 2307,1176"/>
                <TextEquiv>
                    <Unicode>generat alium deum. igitur sunt duo dii: quod est impos-</Unicode>
                </TextEquiv>
            </TextLine>
            <TextLine id="r3l24" custom="readingOrder {index:18;}">
                <Coords points="1343,1244 2313,1243 2313,1195 2244,1180 1343,1193"/>
                <Baseline points="1350,1233 1397,1233 1445,1232 1493,1232 1541,1232 1589,1232 1637,1232 1684,1232 1732,1232 1780,1232 1828,1233 1876,1233 1924,1233 1972,1233 2019,1233 2067,1233 2115,1233 2163,1233 2211,1233 2259,1233 2307,1233"/>
                <TextEquiv>
                    <Unicode>sibile. Antecedes primum probatur: quia lrguitur sic </Unicode>
                </TextEquiv>
            </TextLine>
            <TextLine id="line_1578082753455_996" custom="readingOrder {index:19;}">
                <Coords points="1341,1300 2318,1297 2318,1251 2282,1241 1341,1244"/>
                <Baseline points="1347,1293 2312,1293"/>
                <TextEquiv>
                    <Unicode>hic pater generat: hic pater est haec essentia </Unicode>
                </TextEquiv>
            </TextLine>
            <TextLine id="line_1578082688004_949" custom="readingOrder {index:20;}">
                <Coords points="1346,1355 2334,1347 2298,1296 2051,1320 1346,1304"/>
                <Baseline points="1352,1347 1409,1347 1466,1347 1523,1347 1580,1347 1637,1347 1694,1347 1751,1347 1808,1347 1865,1347 1922,1347 1979,1347 2036,1347 2093,1347 2150,1347 2207,1347 2264,1347 2321,1347 2328,1347"/>
                <TextEquiv>
                    <Unicode>divina. igit haec essentia divina generat. est </Unicode>
                </TextEquiv>
            </TextLine>
            <TextLine id="r3l26" custom="readingOrder {index:21;}">
                <Coords points="1346,1417 1668,1400 2024,1430 2103,1403 2318,1411 2318,1358 2014,1355 1982,1387 1911,1355 1346,1364"/>
                <Baseline points="1352,1404 1400,1404 1448,1404 1496,1404 1544,1404 1592,1403 1640,1403 1688,1403 1736,1403 1784,1403 1832,1403 1880,1403 1928,1403 1976,1403 2024,1403 2072,1403 2120,1403 2168,1403 2216,1403 2264,1403 2312,1403"/>
                <TextEquiv>
                    <Unicode>enim syllogismus expositorius. Item filius est </Unicode>
                </TextEquiv>
            </TextLine>
            <TextLine id="r3l27" custom="readingOrder {index:22;}">
                <Coords points="1337,1482 1535,1459 2005,1486 2091,1454 2119,1483 2228,1484 2327,1465 2327,1410 1336,1428"/>
                <Baseline points="1343,1466 1391,1464 1440,1463 1489,1461 1538,1460 1587,1460 1636,1460 1685,1460 1734,1460 1783,1460 1832,1460 1880,1460 1929,1460 1978,1460 2027,1460 2076,1460 2125,1460 2174,1460 2223,1460 2272,1460 2321,1460"/>
                <TextEquiv>
                    <Unicode>genitus de substantia patris: quaero quam habi</Unicode>
                </TextEquiv>
            </TextLine>
            <TextLine id="r3l28" custom="readingOrder {index:23;}">
                <Coords points="1343,1526 2304,1531 2315,1475 1343,1479"/>
                <Baseline points="1349,1517 1397,1517 1445,1515 1493,1515 1541,1515 1589,1514 1637,1514 1685,1514 1733,1515 1781,1515 1829,1515 1877,1515 1925,1515 1973,1515 2021,1515 2069,1517 2117,1517 2165,1517 2213,1517 2261,1517 2309,1517"/>
                <TextEquiv>
                    <Unicode>tudinem dicit liber de: non formale: nec materia </Unicode>
                </TextEquiv>
            </TextLine>
            <TextLine id="r3l29" custom="readingOrder {index:24;}">
                <Coords points="1346,1578 2281,1596 2313,1587 2314,1532 1346,1523"/>
                <Baseline points="1353,1574 1400,1574 1448,1574 1496,1574 1543,1574 1591,1572 1639,1572 1686,1572 1734,1572 1782,1572 1830,1572 1877,1572 1925,1572 1973,1572 2020,1572 2068,1572 2116,1574 2163,1574 2211,1575 2259,1576 2307,1577"/>
                <TextEquiv>
                    <Unicode>lem: ergo efficietem: igitur substantia patris ge</Unicode>
                </TextEquiv>
            </TextLine>
            <TextLine id="r3l30" custom="readingOrder {index:25;}">
                <Coords points="1337,1643 2313,1641 2313,1586 2179,1575 2088,1605 2028,1580 1338,1589"/>
                <Baseline points="1344,1629 1392,1629 1440,1629 1488,1628 1536,1628 1584,1628 1632,1628 1681,1628 1729,1628 1777,1628 1825,1628 1873,1628 1921,1628 1969,1629 2018,1629 2066,1629 2114,1629 2162,1629 2210,1631 2258,1631 2307,1631"/>
                <TextEquiv>
                    <Unicode>nerat filium Item essentia est pater. igitur est pa</Unicode>
                </TextEquiv>
            </TextLine>
            <TextLine id="line_1578082743164_992" custom="readingOrder {index:26;}">
                <Coords points="1337,1699 2334,1690 2334,1656 2226,1636 2041,1638 2005,1672 1948,1636 1337,1644"/>
                <Baseline points="1344,1685 1375,1686 1407,1686 1439,1686 1471,1686 1503,1686 1534,1686 1566,1686 1598,1686 1630,1686 1662,1686 1693,1686 1725,1685 1757,1685 1789,1685 1821,1685 1852,1685 1884,1686 1916,1686 1948,1686 1980,1686 2046,1685 2071,1685 2096,1686 2121,1686 2146,1686 2171,1686 2197,1686 2222,1686 2247,1686 2272,1686 2297,1686 2322,1686 2328,1686"/>
                <TextEquiv>
                    <Unicode>ter filii. igitur generauit filium Item substan.- </Unicode>
                </TextEquiv>
            </TextLine>
            <TextLine id="line_1578082688006_953" custom="readingOrder {index:27;}">
                <Coords points="1332,1755 1937,1766 2152,1739 2268,1763 2334,1735 2312,1700 2044,1684 1974,1710 1332,1699"/>
                <Baseline points="1338,1742 1396,1742 1454,1742 1512,1740 1570,1740 1628,1740 1686,1740 1744,1740 1802,1740 1860,1742 1918,1742 1976,1742 2034,1742 2092,1743 2150,1743 2208,1743 2266,1743 2324,1745 2328,1745"/>
                <TextEquiv>
                    <Unicode>tia patris est substantia filii: sed filius est ge-</Unicode>
                </TextEquiv>
            </TextLine>
            <TextLine id="r3l35" custom="readingOrder {index:28;}">
                <Coords points="1337,1810 2303,1810 2303,1764 2211,1747 1337,1756"/>
                <Baseline points="1343,1797 1390,1796 1438,1796 1486,1796 1533,1794 1581,1794 1629,1794 1676,1794 1724,1796 1772,1796 1820,1796 1867,1796 1915,1797 1963,1797 2010,1797 2058,1799 2106,1799 2153,1799 2201,1800 2249,1800 2297,1800"/>
                <TextEquiv>
                    <Unicode>nitus de substantia paris: igitur filius est ge-</Unicode>
                </TextEquiv>
            </TextLine>
            <TextLine id="r3l36" custom="readingOrder {index:29;}">
                <Coords points="1337,1859 2191,1874 2294,1859 2295,1813 1337,1812"/>
                <Baseline points="1343,1851 1390,1851 1437,1850 1484,1850 1532,1850 1579,1850 1626,1851 1673,1851 1721,1851 1768,1851 1815,1852 1862,1853 1910,1853 1957,1853 2004,1854 2051,1854 2099,1854 2146,1854 2193,1856 2240,1856 2288,1856"/>
                <TextEquiv>
                    <Unicode>nitus de substantia filii: igitur filius est genitu: </Unicode>
                </TextEquiv>
            </TextLine>
            <TextLine id="line_1578082688007_955" custom="readingOrder {index:30;}">
                <Coords points="1325,1915 2265,1937 2335,1914 2335,1881 2134,1860 1519,1860 1467,1897 1414,1859 1325,1871"/>
                <Baseline points="1332,1910 1390,1910 1448,1908 1507,1908 1565,1908 1623,1908 1682,1908 1740,1908 1798,1909 1857,1910 1915,1910 1973,1910 2032,1911 2090,1911 2148,1911 2207,1911 2265,1913 2323,1913 2328,1913"/>
                <TextEquiv>
                    <Unicode>ex se. Praeterea essentia divina est res ge</Unicode>
                </TextEquiv>
            </TextLine>
            <TextLine id="r3l38" custom="readingOrder {index:31;}">
                <Coords points="1337,1971 2312,1980 2312,1924 1337,1924"/>
                <Baseline points="1344,1964 1392,1964 1440,1964 1488,1964 1536,1964 1584,1964 1632,1965 1680,1965 1728,1965 1776,1965 1825,1966 1873,1967 1921,1967 1969,1967 2017,1968 2065,1968 2113,1968 2161,1968 2209,1968 2257,1968 2306,1968"/>
                <TextEquiv>
                    <Unicode>nerans: igitur essentia divina est generans. consequentia </Unicode>
                </TextEquiv>
            </TextLine>
            <TextLine id="r3l39" custom="readingOrder {index:32;}">
                <Coords points="1328,2038 2316,2030 2316,1988 2280,1974 1328,1980"/>
                <Baseline points="1334,2019 1382,2019 1431,2021 1480,2021 1529,2021 1578,2021 1626,2021 1675,2021 1724,2022 1773,2022 1822,2022 1870,2022 1919,2022 1968,2022 2017,2023 2066,2024 2114,2024 2163,2024 2212,2024 2261,2025 2310,2025"/>
                <TextEquiv>
                    <Unicode>patet a termino sumpto cum determinatione </Unicode>
                </TextEquiv>
            </TextLine>
            <TextLine id="r3l40" custom="readingOrder {index:33;}">
                <Coords points="1326,2083 2316,2091 2316,2030 1326,2038"/>
                <Baseline points="1332,2078 1380,2076 1429,2076 1478,2076 1527,2076 1576,2076 1625,2076 1674,2076 1723,2076 1772,2076 1821,2078 1869,2078 1918,2078 1967,2079 2016,2079 2065,2079 2114,2079 2163,2081 2212,2081 2261,2081 2310,2081"/>
                <TextEquiv>
                    <Unicode>qui non est diminuens nec distrahens: ad termi</Unicode>
                </TextEquiv>
            </TextLine>
            <TextLine id="r3l41" custom="readingOrder {index:34;}">
                <Coords points="1324,2139 2308,2141 2308,2098 2203,2084 1896,2087 1844,2120 1712,2083 1325,2092"/>
                <Baseline points="1331,2130 1379,2130 1428,2130 1476,2130 1525,2130 1573,2130 1622,2130 1670,2131 1719,2132 1767,2132 1816,2133 1864,2133 1913,2134 1961,2135 2010,2135 2058,2135 2107,2136 2155,2136 2204,2136 2252,2136 2301,2136"/>
                <TextEquiv>
                    <Unicode>num sumptum absolute. Praeterea nullum in</Unicode>
                </TextEquiv>
            </TextLine>
            <TextLine id="r3l43" custom="readingOrder {index:35;}">
                <Coords points="1324,2196 2301,2203 2301,2156 2264,2141 1324,2152"/>
                <Baseline points="1331,2187 1379,2186 1427,2186 1475,2186 1523,2186 1572,2187 1620,2187 1668,2187 1716,2187 1764,2187 1813,2188 1861,2189 1909,2189 1957,2189 2005,2190 2054,2190 2102,2190 2150,2190 2198,2190 2246,2190 2295,2190"/>
                <TextEquiv>
                    <Unicode>communicabile tribus personis / est conicabile</Unicode>
                </TextEquiv>
            </TextLine>
            <TextLine id="r3l44" custom="readingOrder {index:36;}">
                <Coords points="1321,2252 2300,2253 2300,2211 2239,2195 2149,2219 2012,2195 1322,2204"/>
                <Baseline points="1328,2241 1376,2241 1424,2241 1472,2241 1521,2241 1569,2243 1617,2243 1666,2243 1714,2243 1762,2243 1811,2243 1859,2243 1907,2243 1955,2244 2004,2244 2052,2244 2100,2244 2149,2245 2197,2246 2245,2246 2294,2247"/>
                <TextEquiv>
                    <Unicode>tribus personis: pater est incommunicabilis </Unicode>
                </TextEquiv>
            </TextLine>
            <TextLine id="r3l45" custom="readingOrder {index:37;}">
                <Coords points="1331,2307 2108,2324 2295,2307 2295,2255 1331,2260"/>
                <Baseline points="1337,2298 1384,2298 1432,2297 1479,2297 1527,2297 1575,2297 1622,2297 1670,2297 1717,2298 1765,2298 1813,2298 1860,2298 1908,2300 1955,2300 2003,2300 2051,2300 2098,2301 2146,2301 2193,2301 2241,2301 2289,2300"/>
                <TextEquiv>
                    <Unicode>essentia est communicabilis: igitur pater non </Unicode>
                </TextEquiv>
            </TextLine>
            <TextLine id="r3l46" custom="readingOrder {index:38;}">
                <Coords points="1328,2363 2304,2368 2304,2316 2229,2308 1328,2316"/>
                <Baseline points="1334,2355 1382,2355 1430,2355 1478,2357 1526,2357 1574,2357 1622,2357 1671,2357 1719,2357 1767,2357 1815,2358 1863,2358 1911,2358 1959,2358 2008,2358 2056,2358 2104,2358 2152,2358 2200,2358 2248,2358 2297,2358"/>
                <TextEquiv>
                    <Unicode>est essentia. Maior patet: quia unum opposito-</Unicode>
                </TextEquiv>
            </TextLine>
            <TextLine id="r3l47" custom="readingOrder {index:39;}">
                <Coords points="1331,2418 2270,2435 2310,2426 2311,2380 1331,2371"/>
                <Baseline points="1337,2412 1385,2412 1433,2412 1482,2412 1530,2412 1578,2412 1627,2412 1675,2412 1723,2412 1772,2412 1820,2412 1868,2414 1917,2414 1965,2414 2013,2414 2062,2414 2110,2415 2158,2415 2207,2415 2255,2415 2304,2415"/>
                <TextEquiv>
                    <Unicode>rum remouetur a reliquo. et discursus patet: </Unicode>
                </TextEquiv>
            </TextLine>
            <TextLine id="r3l48" custom="readingOrder {index:40;}">
                <Coords points="1332,2474 2292,2483 2292,2435 2200,2428 2096,2428 2062,2461 1973,2420 1332,2433"/>
                <Baseline points="1338,2469 1385,2469 1432,2469 1480,2469 1527,2469 1575,2469 1622,2469 1669,2469 1717,2469 1764,2469 1812,2469 1859,2469 1906,2469 1954,2470 2001,2471 2049,2471 2096,2471 2143,2472 2191,2472 2238,2472 2286,2474"/>
                <TextEquiv>
                    <Unicode>quia regulatur per dici de nullo. Praeterea </Unicode>
                </TextEquiv>
            </TextLine>
            <TextLine id="r3l50" custom="readingOrder {index:41;}">
                <Coords points="1328,2529 2293,2536 2293,2492 2159,2476 1328,2475"/>
                <Baseline points="1334,2525 1381,2525 1429,2525 1476,2525 1524,2525 1572,2525 1619,2526 1667,2526 1714,2525 1762,2525 1810,2525 1857,2525 1905,2525 1952,2525 2000,2525 2048,2525 2095,2526 2143,2526 2190,2526 2238,2526 2286,2528"/>
                <TextEquiv>
                    <Unicode>ista consequentia est bona: nullus homo est non homo- </Unicode>
                </TextEquiv>
            </TextLine>
            <TextLine id="r3l52" custom="readingOrder {index:42;}">
                <Coords points="1331,2598 2303,2594 2303,2548 2185,2532 1331,2532"/>
                <Baseline points="1337,2583 1385,2583 1433,2583 1481,2583 1529,2583 1577,2583 1625,2583 1673,2583 1721,2582 1769,2582 1817,2582 1865,2582 1913,2582 1961,2582 2009,2583 2057,2583 2105,2583 2153,2583 2201,2583 2249,2583 2297,2583"/>
                <TextEquiv>
                    <Unicode>igifriste homo non est non homo: demonstrato </Unicode>
                </TextEquiv>
            </TextLine>
            <TextLine id="r3l53" custom="readingOrder {index:43;}">
                <Coords points="1327,2643 2296,2651 2296,2606 2227,2589 1327,2604"/>
                <Baseline points="1334,2637 1381,2639 1429,2639 1477,2640 1525,2640 1572,2640 1620,2640 1668,2640 1716,2640 1763,2640 1811,2640 1859,2640 1907,2640 1954,2640 2002,2640 2050,2639 2098,2639 2145,2639 2193,2640 2241,2640 2289,2640"/>
                <TextEquiv>
                    <Unicode>christo et vltra. igitur iste homo non est essen-</Unicode>
                </TextEquiv>
            </TextLine>
            <TextLine id="r3l54" custom="readingOrder {index:44;}">
                <Coords points="1325,2707 2301,2707 2301,2660 2190,2646 1325,2652"/>
                <Baseline points="1332,2693 1380,2694 1428,2696 1476,2696 1524,2697 1572,2697 1620,2697 1669,2697 1717,2697 1765,2696 1813,2696 1861,2696 1909,2696 1957,2696 2006,2696 2054,2696 2102,2696 2150,2696 2198,2696 2246,2697 2295,2699"/>
                <TextEquiv>
                    <Unicode>tia divina. haec consequentia patet: quia essentia divina</Unicode>
                </TextEquiv>
            </TextLine>
            <TextLine id="r3l55" custom="readingOrder {index:45;}">
                <Coords points="1320,2763 1894,2747 2186,2773 2298,2763 2298,2716 1320,2717"/>
                <Baseline points="1326,2750 1374,2751 1422,2753 1470,2753 1519,2754 1567,2754 1615,2754 1664,2753 1712,2753 1760,2753 1809,2753 1857,2752 1905,2751 1953,2751 2002,2751 2050,2751 2098,2751 2147,2753 2195,2753 2243,2754 2292,2756"/>
                <TextEquiv>
                    <Unicode>non est homo. et tamen sequitur sic quod est non homo </Unicode>
                </TextEquiv>
            </TextLine>
            <TextLine id="r3l56" custom="readingOrder {index:46;}">
                <Coords points="1342,2819 2301,2822 2301,2765 1343,2760"/>
                <Baseline points="1349,2808 1396,2808 1443,2810 1490,2810 1538,2810 1585,2810 1632,2810 1680,2808 1727,2808 1774,2808 1822,2808 1869,2808 1916,2808 1963,2808 2011,2808 2058,2808 2105,2808 2153,2810 2200,2811 2247,2812 2295,2813"/>
                <TextEquiv>
                    <Unicode>Nam si essentia diuina esset homo: essentia di</Unicode>
                </TextEquiv>
            </TextLine>
            <TextLine id="r3l57" custom="readingOrder {index:47;}">
                <Coords points="1329,2875 2171,2890 2295,2876 2295,2823 1329,2828"/>
                <Baseline points="1335,2861 1382,2861 1430,2862 1478,2862 1525,2864 1573,2864 1621,2864 1668,2864 1716,2864 1764,2864 1812,2864 1859,2864 1907,2862 1955,2862 2002,2864 2050,2864 2098,2864 2145,2864 2193,2865 2241,2865 2289,2867"/>
                <TextEquiv>
                    <Unicode>vina esset aliquis homo: et non nisi filius dei </Unicode>
                </TextEquiv>
            </TextLine>
            <TextLine id="r3l58" custom="readingOrder {index:48;}">
                <Coords points="1334,2921 2284,2932 2298,2883 1334,2876"/>
                <Baseline points="1341,2915 1388,2916 1436,2916 1483,2916 1531,2916 1578,2916 1626,2916 1673,2916 1721,2916 1768,2916 1816,2916 1863,2916 1911,2918 1958,2918 2006,2918 2053,2918 2101,2919 2148,2919 2196,2921 2243,2922 2291,2922"/>
                <TextEquiv>
                    <Unicode>ergo essentia divina esset genita. et similiter </Unicode>
                </TextEquiv>
            </TextLine>
            <TextLine id="r3l59" custom="readingOrder {index:49;}">
                <Coords points="1328,2978 2298,2987 2298,2930 2158,2957 2064,2932 1329,2924"/>
                <Baseline points="1335,2966 1382,2967 1430,2967 1478,2969 1526,2969 1574,2969 1621,2970 1669,2970 1717,2970 1765,2970 1813,2970 1860,2970 1908,2970 1956,2970 2004,2972 2052,2972 2099,2973 2147,2975 2195,2976 2243,2978 2291,2979"/>
                <TextEquiv>
                    <Unicode>haberet corpus: et haberet matrem. quod </Unicode>
                </TextEquiv>
            </TextLine>
            <TextLine id="r3l60" custom="readingOrder {index:50;}">
                <Coords points="1342,3028 2302,3035 2302,2995 2267,2980 1659,2974 1597,3008 1447,2972 1343,2988"/>
                <Baseline points="1349,3023 1396,3023 1443,3023 1490,3023 1538,3023 1585,3024 1632,3024 1680,3024 1727,3024 1774,3025 1822,3026 1869,3026 1916,3026 1963,3027 2011,3027 2058,3028 2105,3029 2153,3030 2200,3030 2247,3032 2295,3032"/>
                <TextEquiv>
                    <Unicode>est falsum. Praeterea si sic: duo contradictoria</Unicode>
                </TextEquiv>
            </TextLine>
            <TextLine id="r3l62" custom="readingOrder {index:51;}">
                <Coords points="1327,3084 2139,3107 2295,3099 2296,3048 1328,3029"/>
                <Baseline points="1334,3078 1381,3078 1429,3078 1477,3078 1525,3078 1572,3078 1620,3080 1668,3080 1716,3080 1763,3081 1811,3082 1859,3083 1907,3084 1954,3084 2002,3086 2050,3086 2098,3087 2145,3087 2193,3087 2241,3089 2289,3089"/>
                <TextEquiv>
                    <Unicode>forent simul vera scilicet ista deus generat deum: </Unicode>
                </TextEquiv>
            </TextLine>
            <TextLine id="r3l64" custom="readingOrder {index:52;}">
                <Coords points="1335,3163 1447,3138 1525,3163 1721,3143 2301,3172 2282,3099 1336,3091"/>
                <Baseline points="1341,3141 1388,3141 1436,3143 1484,3143 1531,3143 1579,3143 1627,3144 1674,3144 1722,3144 1770,3146 1818,3146 1865,3147 1913,3147 1961,3147 2008,3149 2056,3150 2104,3150 2151,3152 2199,3152 2247,3153 2295,3153"/>
                <TextEquiv>
                    <Unicode>et deus non generat deum. prima pars patet </Unicode>
                </TextEquiv>
            </TextLine>
            <TextEquiv>
                <Unicode>tet per Anselmum prosolu xv. Tu es itaque 
iustus verax et beatus: et quicquid est melius
esse quam non esse. minor patet etiam. quia quicquid 
convenit patri: est melius simpliciter ipsum 
quam non ipsum. igitur etc. Praeterea si vn-
deus est tres persone: deus erit composi-
situs ex tribus distinctis rebus. patet: quia ome
constituens distinguiitur a constituto: sed pa
ter constituitur per paternitatem: et pater 
est essentia. igitur sunt quatuor res in divi-
nis. Quod autem constituatur per paternitatem: patet per 
conem modum loquendi doctorum: et per sctmeTmho
mam in scripto suo locis diversis super primum 
ententiarum ubi dicit quod aliqua proprietas consti
tuit personam: et aliquo est personalis: et tamen non consti
tuit: sicut patet per magistrum primo sententiarum 
Praeterea essentia divina generat. igitur 
generat alium deum. igitur sunt duo dii: quod est impos-
sibile. Antecedes primum probatur: quia lrguitur sic 
hic pater generat: hic pater est haec essentia 
divina. igit haec essentia divina generat. est 
enim syllogismus expositorius. Item filius est 
genitus de substantia patris: quaero quam habi
tudinem dicit liber de: non formale: nec materia 
lem: ergo efficietem: igitur substantia patris ge
nerat filium Item essentia est pater. igitur est pa
ter filii. igitur generauit filium Item substan.- 
tia patris est substantia filii: sed filius est ge-
nitus de substantia paris: igitur filius est ge-
nitus de substantia filii: igitur filius est genitu: 
ex se. Praeterea essentia divina est res ge
nerans: igitur essentia divina est generans. consequentia 
patet a termino sumpto cum determinatione 
qui non est diminuens nec distrahens: ad termi
num sumptum absolute. Praeterea nullum in
communicabile tribus personis / est conicabile
tribus personis: pater est incommunicabilis 
essentia est communicabilis: igitur pater non 
est essentia. Maior patet: quia unum opposito-
rum remouetur a reliquo. et discursus patet: 
quia regulatur per dici de nullo. Praeterea 
ista consequentia est bona: nullus homo est non homo- 
igifriste homo non est non homo: demonstrato 
christo et vltra. igitur iste homo non est essen-
tia divina. haec consequentia patet: quia essentia divina
non est homo. et tamen sequitur sic quod est non homo 
Nam si essentia diuina esset homo: essentia di
vina esset aliquis homo: et non nisi filius dei 
ergo essentia divina esset genita. et similiter 
haberet corpus: et haberet matrem. quod 
est falsum. Praeterea si sic: duo contradictoria
forent simul vera scilicet ista deus generat deum: 
et deus non generat deum. prima pars patet </Unicode>
            </TextEquiv>
        </TextRegion>
    </Page>
</PcGts>
