2550 3300
354 171 1268 238 primo sentioa di iiii. Secundo patet. nam sequitur for
360 237 1266 292 maliter: filius non generat deum: igitur deus non
361 291 1272 347 generat deum. Similiter sequitur formaliter. essen-
360 343 1268 412 tia divina non generat: ergo deus non gene
357 395 1269 467 rat. vel sub hac forma. haec res non generat
356 447 1277 526 demonstrata divinitate: ergo deus non ge
353 504 1271 566 nerat. consequentia patet: quia eadem res demonstratur in
354 556 1272 628 subiecto antecedentis qpuod qua supponit sub
359 614 1266 683 iectum consequentis: et relique partes conuertutur.
419 676 1261 740 Praeterea illud quod est filius et filius conues
360 725 1272 794 tuntur: sed pater est illud quod est filius: ergo
348 787 1268 847 pater est filius. Maior patet: quia mutuo se in-
355 845 1276 908 ferunt. Similiter arguitur sub hac forma. omnie quod est
357 892 1272 971 filius: est non pater: essentia divina est silius:
360 956 1273 1023 ergo ipsa est non pater. ergo non est pater.
401 1014 1268 1077 Praeterea si sic: spuessanctus procederet a
365 1068 1266 1143 patre et filio. consequens est falsum. quia vel est aequel
345 1124 1264 1187 ter ab vtroque. et hoc non: quia tunc non foret nisi
348 1177 1269 1251 unus patet consequentia. vii. Metaphysica commentio xxxi ubi
351 1232 1260 1312 habet pro inconvenienti quod vnum actu secundum quod vnum
343 1296 1270 1371 generetur a duobus agentibus aequaliter vel inequa
351 1350 1256 1410 liter. et si hoc alterum istorum non esset deus.
347 1402 1272 1475 Item tunc procederet temporaliter a pare et filio. vl
348 1469 1263 1531 ergo eadem processione procedit temporaliter et aeter
348 1518 1267 1591 naliter: vel alia et alia. si eade: ergo cum vro
357 1580 1263 1642 cedat temporaliter a se: procederet aeternaliter a se.
344 1628 1263 1706 si alia et alia: ergo est mutabilis. Item si procedat
354 1691 1264 1755 a patre et filio: ergo pater et filius vel sunt
352 1739 1263 1811 unum principium spussancti: vel duo. si duo:
350 1789 1263 1876 igitur duo dii. si unum principium: ergo vna par-
353 1851 1270 1930 iona. Praeterea si sic: ergo trinitas perio
357 1908 1257 1979 narum staret cum summa simplicitate. consequens est
353 1956 1264 2027 falsum. quia si sic: pari ratione si essent quatuor
351 2020 1261 2083 personae: et per consequens infinitae: starent cum summa sim
351 2068 1266 2144 plicitate. Item tunc pater haberet filium: et
347 2133 1259 2195 per consequens hoc eet melius prima quam non habere filium:
345 2188 1263 2243 qui aliter non eompeteret deo: sed hoc non competit
349 2237 1269 2307 filio: ergo aliqua perfectio competit pari quae
350 2284 1275 2358 non competit filio. Confirmatur istud: demon-
356 2340 1263 2418 stratis istis duobus habere filium et non habere filium:
357 2412 1266 2482 quaero quod est melius: et patet deductio quod pa
359 2463 1263 2531 ter et filius non sunt aequales. Confirmatur ratio
353 2524 1266 2582 quia posse generare est melius quam non generare: igi
354 2572 1262 2635 tur conuenit summe essentiae. consequentia patet: quia ne
345 2636 1266 2691 cesse est vt supsma natura sit quicquid melius
349 2685 1263 2747 omnino est ipsum quod non ipsum: ergo essentia diui
344 2748 1257 2802 na potest gnare. antecedens patet: quia nihil attribuitur
352 2795 1256 2867 deo nisi quod est melius ipsum quam non ipsum. Prae
342 2853 1259 2923 terea filius generatur ab aliquo ente: ergo ab
353 2908 1271 2971 aliqua substantia vel accidente: quia omne ens est
353 2956 1264 3019 substantia vel accidens. sed a nullo accidente
350 3020 1260 3078 ergo ab aliqua substantia. sed a nulla crea
335 3077 1272 3155 tura: ergo a substantia divina. ergo silius ge
1323 196 2247 259 neratur ab essentia divina: igitur essentia diui
1322 253 2243 314 na generat. Praeterea haec est vera: trini-
1326 300 2229 370 tas est vnus deus: ergo trinitas est vnitas. sed non
1331 356 2232 423 est pater neque filius neque spuessctus: ergo est quae
1322 412 2229 484 ta res in divinis: Praeterea vnitas perso
1331 467 2240 539 nalis est maior quam unitas trinitatis. igit tri
1328 524 2241 595 nitas non est summe vna. Antecedens patet: quia illi rer
1331 580 2235 652 repugnat pluralitas aliquo quam alia permit
1325 628 2238 699 tit etc. Praeterea rationes ideales sunt essen
1326 692 2239 768 tia divina: sed ista differunt realiter: et non par-
1326 739 2241 819 sonaliter. ergo sut plures essentiae divinae.
1323 809 2241 876 Maior patet per Augustinum lxxxiii qui xvi et minor
1328 860 2256 932 etiam: vbi dicit sic. Sunt naque ideme quaedam prin-
1329 924 2239 990 cipales forme vel rationes rerum stabiles atquod
1317 964 2260 1036 immutabiles: quo ipse forme temporales non sunt:
1322 1032 2248 1092 ac per hoc aeterne. Ad oppositum est prima canon.
1331 1076 2238 1147 Iiom capitulo v Eres sunt qui testi. etc. Ad istam
1332 1148 2230 1219 questionem dico quod sic. quia haec est fides catho
1322 1196 2227 1267 lica sctis patribus reuelata sicut in diuer
1320 1251 2233 1324 sis symbolis satis patet. quia hoc probare facul
1326 1308 2242 1376 tatem habuenane rationis excedit: et ideo non solum
1314 1362 2245 1436 praesumptuosum: sed et fatuum est ad illa proban
1320 1428 2239 1491 da niti. et ideo in praesenti quaestione dico cum hila-
1317 1484 2247 1555 rio: sicut dicit et allegat magister primo sen
1320 1539 2247 1602 ten dit xxxiii capitulo v in fine. Corma fidei cer
1314 1596 2243 1659 ta est. non igitur aliquid addendum est: sed modus
1323 1652 2253 1714 constituendus audacie. quicquid ultra quaeritur:
1317 1708 2256 1772 non intelligitur. Qualiter tamen ad articulos fi-
1314 1761 2250 1819 dei se habeat vel se debeat habere studens ca
1314 1812 2238 1883 tholicus: docet Anselmus de incarnatione verbi
1320 1875 2240 1943 cito post principium. Nefanda (inquit) teme-
1317 1924 2251 1990 ritate audent quidam disputare contra ea quae chri
1317 1977 2250 2043 stiana fides consitetur: quando illud in intellectu
1314 2043 2244 2099 capre nequeunt: sed potius inflati supbia iudi-
1314 2092 2238 2150 cant nullatenus esse posse quod nequeunt in
1314 2140 2245 2212 telligere: quam humili sapientia fateantur esse
1320 2204 2250 2272 multa posse quae ipsi non valent comprehende
1320 2252 2241 2331 re. Et ideo docet infra quod catholicus debet hu-
1316 2315 2243 2379 militer quaerere rationem quodo sit. si potest intel
1316 2359 2233 2435 ligere: deo gratias agat. si non potest: non im-
1321 2428 2238 2491 mittat cornua ad ventilandum: sed submit
1317 2478 2229 2546 tat caput ad venerandum. haec ille Ad
1326 2524 2232 2598 primum principale quando dicitur tres personae sunt tres
1325 2587 2238 2659 vii: ergo vnus deus non est tres personae. Potest
1314 2635 2235 2715 dici quod nec anecens est verum: nec consequentia valet for
1321 2701 2231 2770 maliter: sed tantum gratia materie tenet. Quod non
1320 2748 2246 2839 sit formalis patet. nam non sequitur: tria ligna sut
1314 2812 2243 2878 tres substantiae: ergo vnum lignum non est tres
1323 2861 2238 2931 substantie: nam antecedens est verum: et consequens falsum:
1322 2924 2239 2987 tenendo quod totum sit suae partes. Similiter
1317 2975 2238 3049 antecedens istius est falsum scilicet tres personae
1314 3027 2257 3107 sunt tres dii. Et ad probationem quando dicitur haec.
1317 3085 2238 3162 consequentia est bona. vnum est tale quo maius etc.
