2550 3300
357 206 1272 267 teria. falsa est de vi vocis: sed debet intelli
359 269 1271 339 gi quod in diffinitione propria speciei genus
344 317 1263 379 se habet per modum maxerie. quia differentia
348 380 1272 448 ad constituendum speciem additur ipsi ge-
351 428 1269 490 neri: sicut forma materie additur ad constitu
359 483 1263 546 endum compositum in esse. Ad illud Ansel-
354 543 1266 611 mi monolio. xvii dicitur quod ipse loquitur de
353 604 1272 658 compositis que habent diffinitionem et sunt
356 651 1272 712 in genere. Ad illud quinto Metaphy
350 709 1270 771 sice dicendum quod istae propositiones sunt fal-
354 760 1266 827 se de virtute sermonis: sed debent intelli
342 823 1260 884 gi pro aliis quibus aequivalent. Unde haec
348 882 1266 938 est falsa: genus est pars specierum. sed aequi
343 940 1258 1010 valet hulc vere propositioni: genus est pars
344 989 1254 1058 diffinitionis speciei. vel genus ponitur in
345 1045 1261 1115 diffinitione speciei. Et haec forma speciei di
336 1109 1255 1169 viditur in genus et differentiam : hoc est dif
342 1155 1258 1226 finitio speciei constituitur ex genere et diffe
339 1220 1251 1275 rentia: vel habet genus et differentiam in con-
346 1267 1257 1339 stitutione sui. Et similiter genus recipit
336 1326 1255 1412 differentiam et qualitates: non quod sit aliqua
330 1388 1255 1453 res extra: sicut si sit subiectum aliquod: sed quia
336 1444 1258 1515 generi in diffinitione propria additur diffe
324 1500 1251 1563 rentia: ac si materie adderetur forma: et aliae
336 1550 1253 1619 differentiae accidentales quando non habe
326 1611 1251 1685 mus differentias proprias / adduntur gene
336 1667 1255 1731 ri loco differentiae proprie ad exprimendum
332 1716 1256 1787 speciem quae per eam diffinitur. patet. Et
327 1772 1245 1843 sic consequenter patet quid dicendum sit
332 1833 1242 1907 ad quaestionem et ad argumenta principa
323 1880 1153 1955 lia et haec de questionibus primi libri
375 2052 1162 2115 SSequuntur questiones eiusdem
388 2114 1180 2179 in secundum librum sententiarum.
299 2301 1247 2402 us ergo Eiusdem magistri oberti hvollot vi-
320 2395 1236 2451 ri longe argutissimi circa secundum sen-
323 2444 1236 2515 tentiarum incipitur disquisitio: pro cuius de
327 2494 878 2571 claratione praemittit sic.
320 2564 1236 2667 Distinctione prima secum
318 2659 1233 2723 di libri sententiarum agit magister de crea-
318 2725 1230 2787 tione hominis: et dicit hominem ideo creatum
317 2784 1233 2843 a deo ut deo serviret et deo frueretur. Uer-
327 2827 1227 2899 sus autem finem primi libri agit magister de
315 2892 1233 2947 gubernatione divina quaefit specialiter cir-
318 2949 1246 3003 ca naturam rationalem per praedestinatio
326 2995 1236 3059 nem et prescientiam: ideo continuando quo-
330 3052 1229 3123 dammodo finem primi libri cum principio
318 3105 1063 3187 secundi quaero istam questionem.
1676 273 2231 395 quie Trum creator
1721 387 2240 460 generis huani iustae gu
1721 442 2249 515 bernet genus hunanum: Quod
1724 499 2242 576 non: quia deus iniuste punit
1724 551 2232 635 homines et praemiat: ergo deus
1666 608 2236 682 l genus humanum non iuste
1322 668 2238 737 gubernat. consequentia patet. Antecedens probo primo de
1314 722 2232 794 punitione multipliciter. Primo pono quod
1308 773 2224 850 sit dare summam penam quam anima humana
1320 828 2233 907 possit sustinere. et hoc est verisimile: cum sit
1323 883 2218 960 potentiae finitae tam in agendo quam in patier
1322 934 2230 1019 do. sint ergo sortes et plato duo infideles
1313 1004 2224 1074 aequales in naturalibus per omnia: et peccet sor
1320 1052 2223 1130 tes donec sibi correspondeat summa poena
1305 1117 2228 1186 quam potest sustinere: peccet similiter plato
1307 1173 2233 1243 aequaliter omnino cum sorte: ita quod inter illos non
1304 1220 2233 1305 sint differentiae in peccatis: tamen ponatur cum istis quod
1305 1277 2239 1355 sortes moriatur ante platonem per annum. tunc
1305 1339 2235 1420 arguo sic. gravius punietur sortes quam plato
1307 1395 2235 1482 et tamen non peccavit gravius quam plato. ergo in-
1305 1446 2225 1531 suste punietur. Pria pars antecedentis pro-
1305 1501 2237 1579 batur. quia sortes punietur in inferno per annum
1311 1564 2244 1635 ante mortem platonis: et semper post mortem
1304 1620 2227 1691 platonis aequaliter punietur cum platone. ergo
1299 1685 2236 1756 gravius punietur quam plato. Praeterea prius pu
1305 1735 2217 1803 nietur quod plato: et postea aequaliter eum plato
1300 1788 2223 1858 ne in aeternum. ergo gravius quod plato. Item sub
1314 1844 2228 1909 hac forma. pena tutura post instans mor-
1289 1901 2224 1970 tis platonis est sufficiens pro peccato platonis
1299 1955 2220 2027 alio quin plato insufficienter puniretur a deo.
1289 2012 2215 2082 ergo eadem poena est sufficiens pro peccato sortis
1287 2060 2205 2138 ergo tota pena qua praecessit in sorte: est supersiva
1293 2108 2213 2204 igitur iniusta. nec pott dici quod plato quia tardius
1287 2172 2227 2244 moritur quam sortes: per aliquod tepus intesius affi
1296 2229 2208 2307 getur: vt fiat aequelitas unius ad penam alterius: quia
1290 2287 2223 2363 positum est quod sortes meruit summam poenam et
1292 2344 2208 2419 plato similiter. ergo illa non potestintendi in plato
1283 2403 2206 2466 ne. Secundo sic. accipio poenam vnius paruuli
1295 2447 2203 2523 decedentis in peccato originali: et sit a: et penam
1284 2512 2221 2580 alicuius adulti decedentis in peccato actuali
1287 2564 2206 2635 mortali: sit b. tunc constat quod b est maior a.
1284 2622 2214 2698 aut ergo in infinitum: et hoc non. aut in aliquom
1287 2676 2200 2755 proportione finita: et hoc est falsum. quia sit b
1293 2735 2202 2798 maior a in decuplo: pono ergo quod sit aliquis
1290 2789 2199 2856 viator qui in decuplo minus peccet quam istae ad
1284 2844 2190 2916 ultus datus iam damnatus. ergo in decuplo mini-
1281 2899 2203 2963 punietur. ergo aequaliter punietur istae pro actuali
1281 2953 2193 3019 sicut infans pro orix inali. consequens est falsum.
1287 3004 2196 3074 igitur. Tertio arguitur sic. decedat sortes in
1277 3062 2191 3131 peccato veniali et mortali: et puniatur in perpe-
1284 3126 2203 3203 tuum pro vtroque. ergo plus puvietur et intensio-
