2550 3300
306 189 1236 258 beata. et quod videat deum clarius: et intensius perci-
321 251 1233 307 piat lume glorie: et post transacta illa hora
309 299 1236 363 remittatur ad aequalitatem gaudii quod non habet
319 351 1230 403 alia anima boni latronis. sed videt hoc inconve
321 404 1227 473 niens propter multa. Primo quia sequeretur
326 467 1229 521 quod charitas beati posset minui. et sic beatus
327 515 1223 579 ille aut vellet diminutionem suae beatitudi-
324 572 1230 626 nis: quod non videtur possibile: vel saltem videtur
328 628 1224 683 multum irrationabile. vel nollet: et tunc tristare
323 684 1226 739 tur si hoc conciperet. Si dicitur quod hoc lateret eum:
330 737 1227 805 quod sua btitudo diminueret: igitur deciperetur
333 794 1232 856 quia si videt suam beatitudinem: ergo credit eam esse
323 860 1233 923 aeternam: et non erit: ergo decipitur. Secundo tunc quia
324 915 1242 975 postea posset recordari se fuisse beatiorem quod
327 969 1244 1032 post: et magis dilexisse deum: et tunc gauderet
324 1021 1227 1089 de hoc quod minus diligeret deum: et de hoc quod
329 1070 1233 1132 sua btitudo est diminuta. consequentia patet: quia beatus
326 1132 1236 1187 nihil habebit vnde non debeat gaudere: sicut
330 1187 1233 1252 dicit Anselmum de beati capitulo vii Tu inquitur isto
332 1251 1245 1307 gudio perfrueris: quia nihil vnde gaudere non
332 1299 1239 1363 debeas habebis. Tertio ex alia parte si hoc
330 1363 1235 1419 esset verum quod gaudium istius qui tardius me
329 1410 1239 1483 ruit deberet sibi recompensari per intensionem
329 1470 1239 1530 gudii sui: vt aequaretur totaliter praemium suum
339 1532 1245 1595 praemio alterius qui iam fuit beatus per mille
345 1584 1242 1635 vel quoscumque annos in praeterito: sequeretur
348 1636 1249 1703 quod si pater assumeret unam naturam humanam
347 1689 1240 1747 aequem humanitati christi: et illa tantum mererelur
344 1740 1251 1816 sicut natura quae in christo meruit: illa foret
333 1798 1230 1874 praemianda intesiqui merito per aliquod tempus quam
336 1855 1242 1907 anima christi conseqentia patet: quia cum ista tantum meruit
333 1901 1239 1977 quantum anima christi ergo debet aequaliter praemiar. ergo
324 1972 1242 2035 non sufficit quod praemietur modo et deiceps aequaliter
331 2024 1230 2091 cum anima christi: nisi fiat ei recompensatio pro beati
326 2076 1238 2147 tudine praeterita quam iam habuit anima christi
330 2125 1239 2200 sed hoc fieri non potest: nisi per intensionem gaudit
336 2180 1237 2259 sicut dicit haec responsio. ergo opet quod per aliquod tempus
336 2236 1234 2299 intensius gaudeat quam anima christi. Simile ar
330 2300 1237 2363 gumentum potest fieri de angelo: si cretur modo
343 2356 1230 2416 unus aequalis beatissimo in naturalibus:
343 2411 1233 2475 qui tantum mereatur quantum ad omnes circumsta
341 2460 1234 2532 tias sicut istae meruit: talis nullo modo posst
341 2516 1232 2595 iuste praemiari. Secundo ad principale sic. deus
341 2572 1252 2644 non gubernat genus humanum. ergo non iu-
342 2626 1240 2691 ste gubernat. conseqentia patet antecedens probatur: quia si
336 2692 1236 2756 gubernaret genus huanum: ordinaret omnem
342 2742 1244 2803 hominem ad vitamaeternam. consequentia patet: quia omnis gu-
345 2793 1240 2867 bernans alium si sapientergubernat: ordi-
348 2852 1244 2915 nat eum ad finem suum naturalem: sed finis hominis
338 2908 1237 2979 naturalis est beatitudo secundm Anselmum monolo.
341 2965 1243 3023 cclxix Rationalis creatura ad hoc facta est:
341 3012 1249 3083 ut sine fine amet summam essentiam. Item idem
333 3065 1239 3155 secundo. cur deus homo c. i ergo deus vult
1286 204 2203 277 voluntate beneplaciti quemlibet hominem habere
1287 252 2199 331 beatitudinem. consequens est falsum: ergo illud ex
1293 302 2199 378 quo sequitur. igitur deus non gubernat mum
1283 363 2193 435 dum seu genus humanum. Confirmatur
1281 420 2191 497 quia deus voluntate beneplaciti creat istam animam
1293 481 2188 560 ergo voluntate beneplaciti vult eam esse. aut igitu
1293 539 2200 603 vult eam esse voluntate beneplaciti propter finem:
1293 587 2209 654 aut non. si non: tunc deus in agendo non attenderet
1277 639 2217 725 finem. si sic: aut vult animam humanam fieri beatam
1295 701 2218 779 vel non. si non: igitur non fecit eam propter bea
1290 756 2210 827 titudinem. si sic: et ipsa non erit beata: ponatur.
1296 804 2194 883 gitur non gubernat eam. Item sub alia for
1293 872 2203 947 ma sic. Sub sapiente gubernatore nihil ac
1284 927 2204 1006 cidit praeter intentionem gubernantis: nequam
1286 982 2209 1058 aliquis periclitatur sub sua gubernatione:
1290 1027 2215 1122 sed multi homines periclitantur. igitur non sunt
1287 1085 2206 1163 sub divina gubernatione. Ite nihil inten
1284 1142 2212 1227 tum a natura accidit vt in paucioribus: sed
1299 1196 2221 1285 semper vel frequenter ii physicrim et deficit vt in
1290 1260 2221 1330 paucioribus. sed homines attingere ad bati-
1290 1318 2215 1394 tudinem accidit vt in paucioribus. igitur
1296 1371 2218 1451 non est intentum a natura: igitur nec a deo.
1292 1422 2203 1507 ergo nec est finis naturalis hominis. Item inconue
1301 1490 2204 1563 niens est nobilissimam creaturam gubernari
1304 1540 2206 1623 et frustrari fine suo in perpetuo: sed maior
1293 1596 2216 1666 pars generis humani frustratur beatiiudi-
1306 1652 2203 1739 ne. ergo est sine dei gubernatione. Tertio praien
1296 1708 2215 1786 cipaliter sic. nullus acceptator personarum
1299 1764 2207 1835 iustae gubernat personas: quarum alteram acce
1289 1819 2223 1883 ptetat: et alteram reprobat sine merito vel de-
1296 1871 2222 1947 merito. sed deus sic gubernat homines quod vnum
1290 1929 2218 2019 acceptat et alterum reprobat etc. Malacbumr. ic.
1289 1972 2218 2059 Iacob dilexi: Esau autem odio habui. et simi
1301 2042 2218 2112 lis ratio in aliis. neque valet dicere quod istum re-
1295 2092 2223 2171 probauit: quia vidit eius malitiamfuturam: et
1295 2146 2228 2235 istum elegit: quia vidit eius merita futura: quia
1293 2195 2224 2290 hoc retractauit beatus Augustinus dicens spem fu
1293 2255 2210 2339 turam et futuram fidem procedere ex gratia divi-
1286 2318 2228 2384 na libro ii capitulo xxiii Item sic. nullus sponte:
1299 2371 2229 2457 et de mera sua voluntate et gratia eligens ali
1290 2428 2207 2507 os ad honores et praemia: et reprobans ali
1296 2484 2220 2555 os ad poenas et supplicia: iuste eos guber-
1289 2540 2211 2610 nat: sed deus non propter futuram fidem et me-
1290 2595 2207 2675 rita elegit hos homines ab aeterno ad gloriam:
1299 2655 2214 2733 et alios praesciuit ad penam aeternam. igitur non iu-
1296 2700 2199 2790 ste sed voluntarie eligit quos vult: et quos
1298 2764 2193 2839 vult reprobat. Item arguitur sic. sint duo
1290 2828 2200 2899 cras nascituri: unus praedestinatus quae sit a. et alii
1295 2864 2212 2955 praescitus quae sit b. quaero quando deus creauit animam b.
1299 2931 2211 3003 vtrum ordinauit eam ad vitam aeternam: an ad pe
1290 2980 2212 3059 nam aeternam: non potest dici quod ad neutrum: quia ipe
1296 3035 2211 3123 ordinat quod quaelibet anima ibitad alterum. et per
1289 3091 2202 3187 consequens quod haec anima ibit adalterum. et hoc
