2550 3300
383 210 1302 274 est nisi punire. si non punitur: inordinatum di
385 265 1302 331 mittitur. et infra capit.o xx. secundum mensuram peccati opicet sa
385 324 1287 379 tisfactionem esse: aliter aliquatenus inordina-
390 372 1299 429 tum manet peccatum : quod esse non potest si deus ni-
382 421 1281 490 hil relinquit inordinatum in regno suo
440 477 1287 546 Tertio si gubernat: nihil inordinatum re
381 535 1281 602 linquit in regno suo. secundum quod dicit Anselmum secundo
384 605 1284 659 cur deus homo capitul xii et xiii sed multa sunt in-
377 652 1290 723 ter homines deordinata: et multa peccata impu
380 708 1291 771 nita: igitur deus eos non gubernat. Quarto
375 756 1287 827 sic . tanta est distantia pene temporalis ad acternam:
377 821 1288 890 quanta est aeterne ad temporalem. patet iii physico
369 871 1281 939 rum. Tanta est via Athenis etc. Sint igitur sor
360 932 1284 994 tes et plato duae personae quae peccauerunt sic:
367 988 1282 1051 quod sortes meruit penam temporalem quae sit a. et
354 1043 1282 1120 plato penam aeternam quae sit b. tunc arguitur sic.
359 1103 1283 1171 tanta est iustitia quod plato habeat b. sic quod sor-
354 1156 1284 1219 tes habeat a. et econverso. ergo tanta iniustitia
359 1213 1281 1275 est quod plato habeat a et non b. sicut quod sortes
354 1260 1278 1331 habeat b et non a. sed talia facit deus. nam illi
349 1330 1281 1387 cui debetur poena aeterna: facit commutationem
348 1380 1275 1450 in penam temporalem per sactum penitentiae. igitur fa
360 1436 1268 1500 cit tantam iniustitiam: quantam faceret si com-
354 1492 1263 1565 mutaret penam temporalem in aeternam. consequentia patet: quia
355 1548 1259 1622 aeque iustum est quod plato habeat b. sicut quod sor-
353 1605 1272 1668 tes habeat a. cum sit aequalitas proportionis
354 1655 1273 1731 geometricae inter sortem et a. et platonem etb.
353 1701 1263 1780 igitur tantum recedit ab ista aequalitate dando
354 1771 1272 1847 platoni a. sicut dando sorti b. quod est proposi
357 1820 1269 1899 tum. Quinto sic. ad iustum iudicem partinet
351 1883 1255 1955 nihil principere nisi quod vult fieri: nec aliquid pro
363 1940 1258 2011 hibere nisi quod vult non fieri quia sic finge-
348 1981 1266 2059 ret se velle quod non vult: et deciperet subditos.
348 2040 1263 2104 sed deus prinecipit quandoque hominibus illud quod non
354 2107 1255 2171 vult eos facere: et prohibet quibusdam illud quod
347 2157 1260 2227 vult eos facere. vn magister id est sentiane dist xiv
354 2212 1266 2278 et xlvii in fine dicit. Quaedam praecepit deus
349 2261 1270 2339 in nova et veteri lege: qui ab eis quibus praece
342 2324 1272 2387 pit fieri noluit. vt Abrae de immolatione fi
345 2372 1264 2443 lii. Den xxii et in euangelio quibusdam cu-
345 2436 1260 2500 ratis quibus praecepit ne alicui dicerent.
395 2496 1258 2557 Sexto pracipaliter sic. nullus detinens
351 2548 1256 2610 a subdito illud quod omnino sibi sufficienter de
341 2595 1265 2675 betur et meruit: subditum illum iustae gubernat:
336 2653 1254 2729 sed deus sic se habet ad subditum. probo . capio
333 2717 1263 2780 gudium illud quod debetur animabus iam existen-
336 2776 1264 2843 tibus in celo: et quod habebunt resumptis cor
339 2828 1201 2889 poribus post die iudicii: et sit a. tunc a tam
344 2884 1266 2948 meritis eorum quam pro meritis christi est sufficae-
347 2932 1260 3003 ter comparatum. igitur est sufficienter et de iusti-
356 2986 1253 3058 tia eis debitum. Confirmatur ratio ista. sub iu-
341 3037 1269 3124 sto gubernatore unus non debet damnari neque lu
353 3108 1274 3179 ere peccatum alterius cuius nullo modo est pari
1344 228 2255 278 cepa nec dccasio: sed ille animae luunt propter
1343 276 2268 337 peccata viuentium damnatorum: quia si illi
1337 335 2268 381 non damnarentur: foret citius iudicium et resur-
1337 388 2255 442 rectio generalis. et per consequens impletio
1343 438 2264 503 gaudii electorum. ergo iste animae et etiam bea
1342 491 2249 563 ti angeli modo habent culpas peccantium.
1340 552 2260 610 Quod autem eorum gaudium et beatitudo augebi
1334 604 2259 667 tur post diem iudicii: expresse dicit beatus
1335 660 2242 715 Augustinus super Gena. et allegatur in fine quar
1338 715 2245 779 ti senten dist xliiii et. xlix. Et confirmatur
1329 776 2241 835 ista ratio. quia istud damnum quod sustinent si
1328 827 2244 888 ne eorum culpa: nunquam recompensabitur. igiut
1332 877 2253 938 fit eis iniustitia. Septimo sic. nullus iu
1328 935 2240 1003 ste gubernans subditos exigit ab eis quoc
1326 996 2246 1063 non vult fieri ab eis. sed deus hoc facit: quia
1333 1057 2240 1114 exigit a reprobis quod servent finaliter iusti
1332 1107 2240 1170 tiam. ergo. Item quod deus iniuste guber
1329 1168 2237 1226 nat genus humanum: probatur sic. Duobus
1329 1227 2235 1283 pecctoribus decedentibus in peccatis et dam
1327 1284 2247 1339 natis: deus plus remittit de pena peiort
1324 1333 2246 1403 quam alteri. ergo etc. Antecedens probo sic. Sint duo
1323 1387 2260 1451 sortes et plato. et ponatur quod sortes peccavit
1317 1449 2240 1507 in duplo plus quam plato. igitur pena condigna
1325 1501 2235 1571 sortis erit dupla ad penam condignam plato:
1326 1564 2245 1619 nis. sit igitur pena sortis duodecupla: et pe-
1329 1620 2253 1676 na platonis sextupla: et supponatur quod de
1327 1675 2250 1743 us semper puniat citra condignum: et per con-
1314 1725 2249 1795 sequens aliquid remittit de condigno. quae
1310 1780 2246 1843 ro igitur an remittat istis aequaliter secundum
1317 1844 2237 1907 quantitatem: an aequaliter secundum proportio-
1314 1893 2241 1956 nem: Si primum: sit gratia exempli quod re
1311 1955 2244 2011 mittat utrique duos gradus: ergo remittit
1317 2004 2238 2067 uni tertiam partem: et alteri non nisi sextam:
1326 2051 2237 2114 et tamen aeque condigna fuit poena sextupla pla
1314 2115 2228 2170 ioni sicut poena. xii sorti. ergo misericordius
1311 2172 2233 2227 agit cum vno quam cum alio: ergo plus de condi
1314 2228 2238 2283 gno remittit vni quam alteri: quia penam vnius
1317 2276 2244 2331 reducit ad tertiam partem: et alteri infligit
1313 2332 2240 2393 tortam poenam praeter sextam parte. ergo
1318 2395 2231 2444 cum eo durius agit: et per consequens in
1307 2443 2231 2515 iuste. Si detur secundum: sit igitur quod vtrique re
1311 2508 2226 2571 mittat tertiam partem. ergo sorti remittit. iiii
1317 2553 2223 2619 et platoni tantum secunduam. ergo minus remittir
1305 2613 2219 2676 platoni minus malo quod iorti peiori. Ao
1311 2675 2217 2743 oppositum Sa pio xiiii. Tua autem pater providem
1308 2724 2215 2786 tia ab initio cumcta gubernat: et non nisi in
1314 2778 2211 2838 stae: quia iustus dicens in omnibus viis suis. ergo
1314 2838 2219 2901 lustae gubernat genus humanum. Item Augustinuis in
1311 2891 2219 2948 dicitur libe arbitrio capitulo iiii. Opii ne de deo ei istima-
1305 2947 2228 3018 re verissimum est pietatis e ordium. nec quiquam
1311 3004 2238 3066 optime de deo existimai: quae non eum omnipotente
1317 3060 2218 3120 atquam ex nulla parte commutabilem credit bono
1317 3110 2239 3194 rum omnium creatorem et quibus ipse praestatior est.
