2550 3300
324 196 1227 261 possit esse falsa patet. Nam quis minus pec
326 246 1236 307 cando potest substrabere deo maiorem honorem
333 300 1229 363 et magis peccando minorem. velbi gratia. Esto
330 357 1242 419 quod teneor sub pena peccatipenialis celebrare
329 413 1226 475 hodie unam missam: ita quod peccem venialite:
330 467 1236 530 si non celebrauero. Et similiter quod teneor dicere
326 524 1231 588 orationem dnenicam sub poena peccati mortalis
321 588 1235 650 tunc simul pono quod omittam vtrumque. Tunc ar-
317 638 1241 706 guitur sic. magis pecco omittendo orationem
324 700 1233 754 dnenicam quam omittendo missam. igitur maior
321 740 1233 821 honor est subtractus deo per hanc omissionem.
329 804 1226 867 consequens est falsum. quia sic maior honor esset deo
329 868 1242 927 quod aliquis diceret unam oronem dnenicam / quam quod ce
336 916 1236 978 lebraret missam. Si dicatur ad istud quod ex
330 972 1227 1035 casuconcedendum est quod maior honor sit deoc
328 1037 1237 1091 obediendo eius praecepto de leuando sciliet festucam:
335 1079 1233 1151 quam faciendo quodcumque opus bonum de consilio
345 1139 1226 1219 puta de edificando eccliam. Contra. igitur
333 1206 1235 1263 beatus Petrus plus honorauit deum quando serva
329 1260 1237 1323 uit sabbatum in iudaismo: quam quando obtulit se
330 1312 1243 1379 spoteste ad moriendum pro fide ecclie. consequentia patet:
333 1372 1242 1431 quia unum fecit de praecepto: alterum de consilio.
335 1433 1235 1490 Forte aliter posset dici quod honor subtra-
345 1484 1230 1539 tus deo: est infinitus: saltem duratione. Nam homo
341 1521 1231 1595 tenetur ex praecepto servare charitatem in aeter-
323 1589 1247 1657 num: et deum diligere in sempiternum. et ideo qui
330 1651 1245 1711 privat se charitate: privat se bono infini-
335 1709 1237 1763 to saltem secundum durationem. et ideo subtractio il-
327 1756 1239 1811 lius est infinitum malum intensivae eo modo qua pri-
330 1812 1238 1873 uatio potest dici malum infinitum. et ideo quando argui
330 1867 1239 1924 tur in argumento / quod honor deo debitus a
333 1920 1227 1978 creatura non est infinitus intensivae: conceditur. et
324 1980 1227 2035 tunc negol istam consequentiam. igitur subtractio illius
317 2027 1229 2090 honoris non est malum infinitum intensiue. et
327 2092 1236 2155 concedo quod privatio cuiussibet boni perpetui
321 2148 1227 2206 potest dici malum infinitum intensivae veraciter.
327 2196 1224 2259 Et vltra ad argumentum: quando arguitur quod si homo
320 2252 1230 2315 tenetur ad infinitum honore: tenetur tantum hono
317 2302 1235 2371 rare deum sicut filius prarem in divinis. dici potest
333 2358 1223 2439 quod nusquam legitur quod filius tenetur honorare pa-
318 2421 1220 2484 trem nec spuesictus: cum sint vnus dicens. Unde non
329 2476 1223 2539 tenetur filius honorare nisi secundum humnanitatem a
326 2530 1230 2593 sumptam: sed est impropria vel falsa locutio-
347 2594 1230 2651 Ad secundum quando arguitur: si malitia peccati foret
327 2636 1224 2707 infinita intesive: ergo foret tanta quanta est bo
326 2709 1234 2772 nitas dei. Dici potest distinguendo consequens. tanta
329 2761 1227 2819 est haec malitia quanta est dei bonitas secundum
338 2821 1234 2886 amphibologiam: eo quod potest accipi propriae: et
336 2868 1231 2945 tunc est falsa. denotatur enim quod malitia peccati sit
326 2923 1245 2986 aliquid: et bonitas dei aliquid. et neutrum istorum
329 2980 1230 3042 maius alio. et hoc est falsum: quia malitia est
336 3028 1226 3091 terminus negatiuus. et non est magis res in anima
332 3092 1246 3171 ubi deberet esse bonitas quam in lapide: sic-
1288 203 2222 272 ut dicit Anselmum de contraceptu verginali capitulo v Alio
1292 260 2223 322 modo potest accipi ista propositio improprie: prout
1287 310 2216 367 ista et consimili termino vtimur quando bene responde
1296 366 2210 420 mus ad quaestionem factam per quanta est de bonita
1296 420 2210 482 te: per quantum est de peccto mortali: et per quanta
1300 476 2198 539 est de bonitate dei. et hoc est verum. Dicimus
1291 539 2213 595 enim quod vtraque est infinita intensiue: sed diuer
1289 587 2213 651 simode: quia bonitas dei est infinita intensi
1289 645 2217 699 ve: peccati malitia est prevatio boni infiniti secundum
1290 700 2205 756 durationem. ideo aliquo modo duratio est in
1295 751 2213 819 finita intensiue. Ad tertium quand arguitur. si
1297 812 2196 876 peccatum foret infinitae malitiae: deus non posse
1289 868 2198 923 sufficienter punire illud. nego consequentiam. Et ad
1287 924 2205 1003 probationem quando arguitur / velle peccare per unum
1290 980 2211 1044 diem meretur poenam infinitam intensive: sed velle
1295 1043 2199 1106 peccare per tempus infinitum est in infinitum maius
1287 1091 2211 1168 malum quam velle peccare per unum diem tantum: igitur
1299 1156 2205 1212 velle peccare per tempus infinitum meretur poenam
1286 1206 2220 1267 infinitam intensiue: sed talem non potest natura to-
1290 1264 2209 1330 lerare. Ad istud potest dici negando minorem:
1293 1332 2220 1382 quia impossibile est quod aliquis ita graviter pec
1295 1380 2216 1433 cet volendo peccare per unum die tantum / sicut il-
1299 1435 2216 1507 le quai vult peccare per tempus infinitum. Ponatur
1302 1493 2221 1562 enim pro exemplo quod hic sint duo homines: quorum
1299 1549 2223 1611 unus statuat poenes se hodie volo occidere:
1296 1603 2216 1660 christum vel hodie volo destruere eccliam
1298 1659 2220 1723 dei et alius poenes se statuat siliter volo odi
1292 1716 2228 1791 re sortem in aeternum. non est dubium quin peccatum prae-
1287 1775 2204 1840 mi foret gravius. Nam circumstantia quaedam est a
1293 1828 2208 1891 parte voliti in volitione primi: quo praeponderat
1293 1888 2209 1947 circumstantiis de infinitis temporibus in volitione
1287 1931 2204 2003 secundu. et ideo potest dici quod minor accepta est fal
1287 1982 2207 2059 sa. Et si arguatur sic. Contra. velle odire deum
1290 2053 2209 2116 per diem meretur poenam infinitam secundum tempus: et velle
1293 2111 2214 2169 odire deum per duos dies meretur maiorem. et
1280 2156 2213 2225 velle odire deum per tres adhuc maiorem. ergo vel
1281 2212 2197 2284 le odire deum per tempus infinitum meretur poenam in
1281 2268 2197 2339 finitam intensiue. Dici potest quodr consequentia de forma
1277 2332 2214 2404 non valet: quia si fiat processus in augendo secundm
1277 2387 2214 2450 eandem proportionem et secundum aequelem quantitatem: erit
1281 2445 2210 2507 processus in infinitum: et ideo non sequitur / infinita
1284 2483 2199 2571 quantitas: sicut patet dividendo vnum lignum
1293 2558 2200 2619 pedale secundum tres partes proportionabiles: et
1278 2615 2198 2671 apponendo alteri continuo pedali: erit proces
1271 2660 2208 2732 sus apponendi in infinitum: et tamen numquam illudcui
1272 2716 2199 2785 fit additio / erit duorum pedum: quia nunquam to-
1286 2772 2190 2843 tum de quae fit appositio totum consumetur. et ideo for
1283 2832 2189 2895 ma illa arguendi non valet. Si vero arguitur
1280 2884 2195 2953 sic. velle peccare per unum diem est malitiae ali-
1286 2941 2208 3017 quantae: et velle peccare per duos dies est du
1293 3000 2187 3059 plae malitiae: et per tres triplae: et sic de ceteris
1287 3052 2199 3120 igitur velle peccare per tempus infinitum est infini
1292 3116 2184 3195 tae malitiae intensivae. Potest dici quod anectens es
