2550 3300
273 172 1203 235 falsum: quia sicut alias dictum fuit: nullum peccatum
282 236 1208 294 est in duplo gravius alio simpliciter loquendo: et
278 282 1206 353 pensando quatitatem peccati secundum penam corrudem
283 340 1203 403 tem de lege ordinata. nam sint a et b due
287 392 1199 461 pene aeterne: tun dicis quod a est dupla ad b.
282 459 1201 507 tunc arguo sic omne duplum ad aliud est diui
284 503 1214 563 sibile in duo: quorum vtrumque est aequele illi cui
290 559 1212 619 est duplum: sed a est duplum ad b. ergo a potest divi-
281 611 1203 684 di in duo: quorum vtrumque est aequele ipsib. igiul
288 675 1211 731 a componitur ex duobus infinitis. Nec valet
288 728 1202 787 ista consequentia / a est in duplo intensior b. ergo est
290 784 1219 843 in duplo maior b. sicut non sequitur / sortes est
296 841 1216 910 in duplo longior platone: ergo est in duplo
296 899 1210 955 malor platone: quia stat cum hoc quod plato sit
287 952 1202 1011 simpliciter maior: quia latior et spissior. Praeter
288 1012 1217 1083 ea a est aqualis b in aeternitate pene quae
281 1068 1212 1123 sit c. et vtraque est aeterna: ergo si a sit dupla
290 1123 1221 1179 ad b. oportet imaginari quod in a sit adhuc
294 1179 1209 1250 aliud a c aequale c. quia in c aequantur. ergo ali-
297 1231 1216 1305 qua intensio pene vel gradus foret quae aequm
300 1300 1227 1354 retur aeternitati pene a. alius ab aeternitate c.
302 1340 1212 1411 et sic non foret aeternitas pen. c potissima
299 1402 1221 1470 portio pene a. consequens est falsum. Contra istud
299 1467 1218 1524 arguitur sic. Omne quod est in infinitum maius
290 1526 1221 1589 alio / est plusquem duplum ad illud: et plusque tri
287 1575 1209 1643 plum ad illud: et sic in infinitum. sed unum peccatum
288 1631 1212 1691 est in infinitum maius alio secundum Anselmum ii. cur
297 1684 1216 1755 deus homo capiculo xiiii. Omne peccatum commissum
296 1735 1216 1811 in personam christi est in infinitum gravius
296 1804 1212 1860 quocumque alio peccato alterius generis. er
293 1848 1206 1923 go tale peccatum est plusque in duplo gravi
305 1913 1219 1971 et plusquod in triplo gravius: licet non praecise
298 1956 1218 2031 quocumque alio. Ad istud potest dici negando
300 2026 1225 2083 minorem: quae est Anselmi sicut allegant: et po
308 2077 1215 2147 test dici quod Anselmus loquitur hbuesperbolice-
301 2124 1224 2187 ad insinuandum summum honore quem homo
306 2179 1222 2243 debet illi personae. et quod non omne peccatum illatum im
305 2242 1228 2292 mediate illi personae sit in infinitum maius
309 2300 1235 2363 quolibet alio: patet: quia possibile essetquam aliquis
320 2355 1236 2411 per errorem occideret christum: et tunc si error
305 2409 1242 2467 istae foret invincibilis: nullum foret peccatum. Si
308 2460 1237 2523 vero error foret peccatum veniale: talis mole-
312 2516 1242 2571 stia illata christo iniuste foret veniale pec
320 2572 1224 2626 catum solum. Similiter potest dici et exponi sic Anselmus
320 2628 1245 2695 quod per istam cathegoricam hoc peccatum est incon-
320 2691 1242 2753 parabile cuilibet alteri: intelligit istam pro-
324 2741 1248 2805 positionem habet potheticam: si tota gravitas
328 2803 1248 2861 peccati esset ex circumstantia nobilitatis ob
330 2852 1248 2914 iecti contra quod immediate et corporaliter
333 2908 1246 2971 peccatur: et aliquis tunc peccaret corpora-
333 2965 1243 3019 liter molestando christum: suum peccatum foret
333 3013 1243 3075 incomparabile cuilibet alteri peccato distin-
330 3073 1257 3147 gto secundum speciem: quo quidem peccato iniuria
1259 187 2196 259 tur cuilibet alteri persone corporaliter. et
1266 237 2194 315 hoc est verum. Modo non sequitur. hoc est in
1266 304 2193 364 infinitum gravius illo secundum hanc circumstan-
1271 355 2191 419 tiam: ergo hoc in infinitum est gravius illo: sed
1265 412 2192 475 est fallacia secundum quid ad simpliciter. sicut non
1269 458 2199 539 sequitur / a est in infinitum longius b. ergo a
1271 523 2208 587 est in infinitum maius b simpliciter secundum omnem di
1267 580 2205 659 mensionem. vnde sit b una quatitas bipeda
1266 629 2193 699 lis longitudine et latitudine: et a quatitas
1269 692 2215 755 pedalis in latitudine ex vna extremitate.
1265 750 2202 818 extensa: ponendo partem proportionabilem iu-
1272 804 2205 861 xta parte: ita quod sequens semper sit aequelis praece
1272 860 2215 931 denti immediate in longitudine: subdupla in
1275 911 2214 987 latitudine: sicut contingit imaginari quan
1278 968 2205 1035 titatem pedalem extendi in infinitum. et sic a est in
1269 1029 2220 1107 infinitum logius b: et tamen aequele in magnitudine
1277 1083 2202 1147 Similiter aliud exemplum. sit b vna linea infinita:
1271 1147 2220 1202 et a unum corpus pedale. non sequitur a est in infi
1281 1203 2215 1259 nitum longius b. ergo est in infinitum maius
1281 1251 2202 1323 b. immo stat quod b sit in infinitum maius a.
1305 1316 2215 1371 Quantum ad quantitatem peccati mortalis de
1275 1356 2193 1449 quae est tota difficultas argumenti principalis
1283 1429 2203 1491 videtur probabiliter posse dici quod omne peccatum mor-
1272 1484 2194 1553 tale sit infinitae malitiae intesive: eo modo quo
1278 1532 2197 1603 infinitas intensiva ponit privationem. Cuius
1278 1588 2205 1660 causa potest sic assignari. Possumus privationem
1275 1651 2212 1715 commensurare ex habitu: et malum secundum bonum
1275 1708 2199 1778 quod privat. pruat autem peccatum gratiam quam in per
1272 1764 2218 1835 petuum homo tenetur in se servare. Item privat
1272 1819 2200 1883 peccantem beatitudine quae foret perpetua. Et ideo
1281 1874 2215 1946 cum peccatum puat tot bona infinita: opet peccatum
1284 1932 2204 1985 aliquo modo esse malitiae infinitae: et non exten-
1287 1979 2215 2043 sive. probo: quia non manet in infinitum. Similiter si
1287 2039 2220 2096 privat in infinitum bono infinito extensive:
1284 2090 2218 2166 foret malum infinitum extensive: ergo si puat modo
1281 2141 2206 2225 homines bono infinito intensivo: videtur quod sit ma
1287 2196 2211 2267 lum infinitum intensiue. Contra. Si hoc esset verum:
1293 2260 2212 2332 nullum peccatum esset gravius alio. consequens falsum. quia
1302 2318 2224 2379 be dicere est hereticum. consequentia patet per commentato
1289 2371 2233 2442 rem in de celo. commentio cxxxiiii vbi deducit
1283 2428 2226 2486 ad hoc tamquam ad inconneniens quod vnum in infi
1290 2479 2218 2547 nitum esset maius alio. Ad illud respondeo quod non
1290 2536 2221 2609 est imaginandum quod peccatum sit infinitum intensivae:
1290 2584 2218 2660 sed quia hoc nomen peccatum significat privative vl
1291 2644 2227 2715 negative multa: quorum aliquam sunt finita ali
1293 2708 2233 2777 qua infinita duratione. vnde quando dico / iste pec
1293 2764 2223 2827 cat mortaliter: denotatur quod facit vel omittit ali
1305 2807 2212 2893 quid de nouo alio modo quod sibi est praeceptum: et quod
1290 2867 2224 2931 io praevat se bonis infinitis secundum tempus. et ideo debet
1304 2924 2236 2987 quod suum peccatum est infinitum intensiue: non extensi
1302 2979 2215 3035 ue: nisi quantum ad reatum. Et esse infinitum in
1303 3027 2217 3090 tensive in proposito / non est aliud nisi quod intrin
1305 3080 2217 3154 seca ratione hoc est in descriptione expremete quam
