<?xml version="1.0" encoding="UTF-8" standalone="yes"?>
<PcGts xmlns="http://schema.primaresearch.org/PAGE/gts/pagecontent/2013-07-15" xmlns:xsi="http://www.w3.org/2001/XMLSchema-instance" xsi:schemaLocation="http://schema.primaresearch.org/PAGE/gts/pagecontent/2013-07-15 http://schema.primaresearch.org/PAGE/gts/pagecontent/2013-07-15/pagecontent.xsd">
    <Metadata>
        <Creator>prov=University of Rostock/Institute of Mathematics/CITlab|PLANET AI GmbH/Gundram Leifert/gundram.leifert@planet-ai.de:name=holcot-sent-m4(htr_id=20243)::::v=2.6.0
prov=University of Rostock/Institute of Mathematics/CITlab|PLANET AI GmbH/Tobias Gruening/tobias.gruening@planet-ai.de:name=de.uros.citlab.module.baseline2polygon.B2PSeamMultiOriented:v=2.6.0
prov=University of Rostock/Institute of Mathematics/CITlab/Tobias Gruening/tobias.gruening@uni-rostock.de:name=/net_tf/LA73_249_0mod360.pb:de.uros.citlab.segmentation.CITlab_LA_ML:v=?0.1
TRP</Creator>
        <Created>2019-01-18T05:12:36.443-05:00</Created>
        <LastChange>2020-01-08T04:32:36.651+01:00</LastChange>
        <TranskribusMetadata docId="116573" pageId="4332757" pageNr="104" tsid="22180466" status="IN_PROGRESS" userId="25065" imgUrl="https://files.transkribus.eu/Get?id=QBNKNSGIFAKSPKNEVSLGHEUL&amp;fileType=view" xmlUrl="https://files.transkribus.eu/Get?id=CGATLZOLXWJGPXZEKHOBWWKV" imageId="2465298"/>
    </Metadata>
    <Page imageFilename="104.jpg" imageWidth="2550" imageHeight="3300">
        <ReadingOrder>
            <OrderedGroup id="ro_1578486478815" caption="Regions reading order">
                <RegionRefIndexed index="0" regionRef="r3"/>
                <RegionRefIndexed index="1" regionRef="TextRegion_1578193915865_215"/>
            </OrderedGroup>
        </ReadingOrder>
        <TextRegion orientation="0.0" id="r3" custom="readingOrder {index:0;}">
            <Coords points="322,192 324,3156 1251,3156 1249,192"/>
            <TextLine id="r3l2" custom="readingOrder {index:0;}">
                <Coords points="329,259 1223,259 1233,204 1132,206 1094,173 1055,212 895,204 865,234 821,204 329,210"/>
                <Baseline points="335,249 379,248 424,248 468,248 513,248 557,249 602,249 646,249 691,251 735,251 780,252 825,252 869,252 914,252 958,254 1003,252 1047,252 1092,252 1136,251 1181,251 1226,249"/>
                <TextEquiv>
                    <Unicode>est finis naturalis hominis. Ad primum isto</Unicode>
                </TextEquiv>
            </TextLine>
            <TextLine id="r3l3" custom="readingOrder {index:1;}">
                <Coords points="324,314 1236,314 1236,259 324,270"/>
                <Baseline points="330,303 375,303 420,303 465,302 510,302 555,303 600,303 645,303 690,303 735,305 780,305 825,306 870,306 915,306 960,308 1005,308 1050,308 1095,308 1140,306 1185,306 1230,305"/>
                <TextEquiv>
                    <Unicode>rum dico sicut dictum est: quod finis hominis est </Unicode>
                </TextEquiv>
            </TextLine>
            <TextLine id="r3l4" custom="readingOrder {index:2;}">
                <Coords points="320,371 1230,363 1228,316 320,316"/>
                <Baseline points="326,359 370,359 415,357 460,357 505,357 550,357 595,357 640,359 685,359 730,359 775,360 819,360 864,362 909,362 954,362 999,362 1044,362 1089,362 1134,362 1179,362 1224,360"/>
                <TextEquiv>
                    <Unicode>beatitudo: et quilibet homo ordinatur ad bea</Unicode>
                </TextEquiv>
            </TextLine>
            <TextLine id="r3l5" custom="readingOrder {index:3;}">
                <Coords points="322,418 1233,422 1233,371 322,373"/>
                <Baseline points="327,413 372,413 417,411 462,411 507,411 552,411 597,411 642,411 687,413 732,413 777,414 822,414 867,416 912,416 957,416 1002,417 1047,417 1092,416 1137,416 1182,416 1227,414"/>
                <TextEquiv>
                    <Unicode>titudinem: hoc est talis natura quae est capax bea</Unicode>
                </TextEquiv>
            </TextLine>
            <TextLine id="r3l6" custom="readingOrder {index:4;}">
                <Coords points="321,474 1228,483 1229,429 321,428"/>
                <Baseline points="326,468 370,467 415,467 460,467 505,465 550,467 595,467 639,467 684,468 729,468 774,468 819,470 864,470 909,471 953,471 998,471 1043,471 1088,471 1133,471 1178,470 1223,468"/>
                <TextEquiv>
                    <Unicode>titudinis. vnde sicut generans graue ordinatur </Unicode>
                </TextEquiv>
            </TextLine>
            <TextLine id="r3l7" custom="readingOrder {index:5;}">
                <Coords points="323,543 1225,532 1235,485 323,491"/>
                <Baseline points="329,525 374,524 419,522 464,522 509,522 554,522 599,522 644,522 689,524 734,524 779,525 824,526 869,527 914,527 959,527 1004,527 1049,527 1094,525 1139,525 1184,522 1229,521"/>
                <TextEquiv>
                    <Unicode>grave vt sit deorsum. et nihil aliud est di-</Unicode>
                </TextEquiv>
            </TextLine>
            <TextLine id="r3l8" custom="readingOrder {index:6;}">
                <Coords points="331,587 1166,603 1232,586 1232,531 331,545"/>
                <Baseline points="336,578 380,578 425,578 469,579 514,579 558,579 603,579 647,581 692,581 736,581 781,581 825,582 870,582 914,582 959,582 1003,582 1048,582 1092,582 1137,582 1181,582 1226,582"/>
                <TextEquiv>
                    <Unicode>ctu / hoc ordinat grave deorsum: nisi quia hoc </Unicode>
                </TextEquiv>
            </TextLine>
            <TextLine id="r3l9" custom="readingOrder {index:7;}">
                <Coords points="318,642 1227,643 1204,595 318,588"/>
                <Baseline points="324,633 368,633 413,633 458,633 503,635 548,635 593,635 637,635 682,636 727,636 772,636 817,638 862,638 907,638 951,638 996,638 1041,639 1086,639 1131,638 1176,638 1221,638"/>
                <TextEquiv>
                    <Unicode>dat sibi gravitatem: vel removetur prohibens. </Unicode>
                </TextEquiv>
            </TextLine>
            <TextLine id="r3l10" custom="readingOrder {index:8;}">
                <Coords points="321,699 1095,707 1232,699 1233,651 321,644"/>
                <Baseline points="327,689 372,689 417,689 462,689 507,689 552,689 597,690 642,690 687,691 732,692 777,693 822,693 867,693 912,695 957,695 1002,695 1047,695 1092,693 1137,693 1182,692 1227,690"/>
                <TextEquiv>
                    <Unicode>ita deus ideo dicitur ordinare hominem ad btitudi-</Unicode>
                </TextEquiv>
            </TextLine>
            <TextLine id="r3l11" custom="readingOrder {index:9;}">
                <Coords points="327,754 1236,754 1215,700 327,707"/>
                <Baseline points="333,746 377,746 422,746 467,746 512,746 557,746 602,747 646,747 691,747 736,748 781,749 826,749 871,749 916,750 960,750 1005,750 1050,750 1095,749 1140,749 1185,749 1230,747"/>
                <TextEquiv>
                    <Unicode>nem: quia creat hominem naturam capacem beatitudi</Unicode>
                </TextEquiv>
            </TextLine>
            <TextLine id="r3l12" custom="readingOrder {index:10;}">
                <Coords points="327,811 1223,811 1233,763 327,765"/>
                <Baseline points="332,801 376,801 421,801 466,802 511,803 555,803 600,803 645,803 690,804 734,804 779,804 824,804 869,806 913,806 958,806 1003,806 1048,806 1092,805 1137,804 1182,804 1227,803"/>
                <TextEquiv>
                    <Unicode>nis. et removet prohibens quantum in eo est: sta </Unicode>
                </TextEquiv>
            </TextLine>
            <TextLine id="r3l13" custom="readingOrder {index:11;}">
                <Coords points="333,864 964,887 1004,864 1224,866 1224,812 333,812"/>
                <Baseline points="338,857 382,857 426,857 470,858 514,858 558,858 602,860 646,860 690,860 734,860 778,861 822,861 866,861 910,861 954,861 998,860 1042,860 1086,860 1130,860 1174,858 1218,857"/>
                <TextEquiv>
                    <Unicode>tuendo leges convenientes homini pro tali fine com</Unicode>
                </TextEquiv>
            </TextLine>
            <TextLine id="r3l14" custom="readingOrder {index:12;}">
                <Coords points="324,923 1102,931 1235,922 1236,876 324,868"/>
                <Baseline points="330,914 375,914 420,914 465,914 510,914 555,914 600,915 645,915 690,915 735,915 780,917 825,917 870,917 915,917 960,917 1005,917 1050,917 1095,917 1140,917 1185,917 1230,915"/>
                <TextEquiv>
                    <Unicode>sequendo. et non sic ordinat hominem ad btitu</Unicode>
                </TextEquiv>
            </TextLine>
            <TextLine id="r3l15" custom="readingOrder {index:13;}">
                <Coords points="321,978 1073,977 1126,999 1227,979 1227,923 322,932"/>
                <Baseline points="327,969 371,969 416,969 461,969 505,971 550,971 595,971 639,972 684,972 729,972 774,973 818,974 863,974 908,974 952,974 997,975 1042,975 1086,974 1131,974 1176,974 1221,972"/>
                <TextEquiv>
                    <Unicode>dinem: sicut ordinatur sagitta ad metam per arcum </Unicode>
                </TextEquiv>
            </TextLine>
            <TextLine id="r3l16" custom="readingOrder {index:14;}">
                <Coords points="335,1034 1212,1043 1230,981 335,987"/>
                <Baseline points="341,1026 385,1026 429,1026 473,1026 517,1026 561,1026 605,1026 650,1026 694,1028 738,1028 782,1029 826,1029 870,1029 914,1031 959,1031 1003,1031 1047,1031 1091,1031 1135,1030 1179,1029 1224,1028"/>
                <TextEquiv>
                    <Unicode>ut continue moueat vel pellat hominem in beati </Unicode>
                </TextEquiv>
            </TextLine>
            <TextLine id="r3l17" custom="readingOrder {index:15;}">
                <Coords points="330,1090 1227,1091 1219,1036 330,1038"/>
                <Baseline points="336,1082 380,1082 424,1082 468,1082 513,1082 557,1082 601,1082 645,1083 690,1083 734,1083 778,1085 822,1085 867,1085 911,1086 955,1086 999,1086 1044,1086 1088,1086 1132,1086 1176,1085 1221,1085"/>
                <TextEquiv>
                    <Unicode>tudinem: sed sicut dictum est: quia fecit eum capacem</Unicode>
                </TextEquiv>
            </TextLine>
            <TextLine id="r3l18" custom="readingOrder {index:16;}">
                <Coords points="333,1146 1235,1155 1228,1092 1091,1113 334,1092"/>
                <Baseline points="339,1139 383,1139 428,1139 472,1139 517,1139 561,1140 606,1140 650,1140 695,1142 739,1142 784,1142 829,1143 873,1143 918,1143 962,1143 1007,1143 1051,1143 1096,1143 1140,1143 1185,1142 1230,1142"/>
                <TextEquiv>
                    <Unicode>btitudinis: et quia tunc est perfectissimus quando consiun</Unicode>
                </TextEquiv>
            </TextLine>
            <TextLine id="r3l19" custom="readingOrder {index:17;}">
                <Coords points="330,1213 1236,1205 1236,1163 995,1148 948,1169 331,1156"/>
                <Baseline points="336,1194 380,1194 425,1193 470,1194 514,1194 559,1194 604,1194 648,1196 693,1196 738,1197 783,1197 827,1199 872,1199 917,1200 961,1200 1006,1201 1051,1202 1095,1202 1140,1200 1185,1200 1230,1200"/>
                <TextEquiv>
                    <Unicode>gitur deo: ideo est deus finis hominis. Tunc ad argu</Unicode>
                </TextEquiv>
            </TextLine>
            <TextLine id="r3l20" custom="readingOrder {index:18;}">
                <Coords points="342,1259 1236,1267 1218,1208 342,1213"/>
                <Baseline points="348,1250 392,1250 436,1250 480,1251 524,1251 568,1251 612,1253 656,1253 700,1253 744,1254 789,1254 833,1254 877,1256 921,1256 965,1256 1009,1256 1053,1256 1097,1256 1141,1256 1185,1254 1230,1254"/>
                <TextEquiv>
                    <Unicode>mentum quando dicitur quod maior pars caret et carebit </Unicode>
                </TextEquiv>
            </TextLine>
            <TextLine id="r3l21" custom="readingOrder {index:19;}">
                <Coords points="330,1314 1173,1332 1232,1322 1233,1268 712,1284 665,1260 331,1259"/>
                <Baseline points="336,1305 380,1305 425,1305 469,1307 514,1307 558,1307 603,1308 647,1308 692,1308 736,1310 781,1310 826,1311 870,1311 915,1311 959,1313 1004,1313 1048,1313 1093,1313 1137,1313 1182,1311 1227,1311"/>
                <TextEquiv>
                    <Unicode>btitudine: concedo. quia sunt liberi arbitrii: et </Unicode>
                </TextEquiv>
            </TextLine>
            <TextLine id="r3l22" custom="readingOrder {index:20;}">
                <Coords points="337,1371 1239,1379 1224,1333 1088,1318 337,1324"/>
                <Baseline points="342,1361 386,1361 431,1361 475,1362 520,1362 564,1362 609,1364 653,1364 698,1365 742,1365 787,1367 832,1368 876,1368 921,1370 965,1370 1010,1370 1054,1370 1099,1370 1143,1370 1188,1370 1233,1370"/>
                <TextEquiv>
                    <Unicode>avertunt a fine quae consequi deberem scilicet a deo. </Unicode>
                </TextEquiv>
            </TextLine>
            <TextLine id="r3l23" custom="readingOrder {index:21;}">
                <Coords points="331,1425 1236,1443 1237,1381 331,1372"/>
                <Baseline points="336,1418 380,1418 425,1418 470,1418 514,1418 559,1419 604,1419 648,1420 693,1421 738,1422 783,1422 827,1424 872,1424 917,1425 961,1425 1006,1425 1051,1425 1095,1425 1140,1425 1185,1424 1230,1424"/>
                <TextEquiv>
                    <Unicode>Et quando dicitur quod nullum violentum est perpetuum: hocoatet </Unicode>
                </TextEquiv>
            </TextLine>
            <TextLine id="r3l24" custom="readingOrder {index:22;}">
                <Coords points="336,1483 1232,1491 1233,1444 336,1435"/>
                <Baseline points="342,1475 386,1475 430,1475 474,1475 519,1475 563,1475 607,1476 651,1476 696,1476 740,1478 784,1478 828,1479 873,1479 917,1481 961,1481 1005,1481 1050,1481 1094,1481 1138,1481 1182,1481 1227,1481"/>
                <TextEquiv>
                    <Unicode>negari: quia in infefno erit violeta actio sine</Unicode>
                </TextEquiv>
            </TextLine>
            <TextLine id="r3l25" custom="readingOrder {index:23;}">
                <Coords points="346,1538 1248,1547 1248,1500 1195,1492 346,1491"/>
                <Baseline points="351,1527 395,1527 440,1529 484,1529 529,1529 573,1530 618,1532 662,1532 707,1533 751,1533 796,1535 841,1535 885,1536 930,1536 974,1538 1019,1538 1063,1538 1108,1538 1152,1536 1197,1536 1242,1535"/>
                <TextEquiv>
                    <Unicode>corruptione. Contra. eadem ratione possem dice</Unicode>
                </TextEquiv>
            </TextLine>
            <TextLine id="r3l26" custom="readingOrder {index:24;}">
                <Coords points="339,1595 1166,1610 1233,1603 1234,1557 340,1548"/>
                <Baseline points="345,1580 389,1580 433,1581 477,1581 521,1583 565,1584 609,1584 653,1586 697,1587 741,1587 786,1589 830,1589 874,1590 918,1590 962,1590 1006,1592 1050,1592 1094,1591 1138,1590 1182,1590 1227,1589"/>
                <TextEquiv>
                    <Unicode>re quod deus ordinat hominem ad miseriam: quia fe-</Unicode>
                </TextEquiv>
            </TextLine>
            <TextLine id="r3l27" custom="readingOrder {index:25;}">
                <Coords points="344,1646 1239,1658 1240,1606 344,1604"/>
                <Baseline points="350,1638 394,1637 438,1637 482,1637 526,1638 570,1638 614,1640 659,1640 703,1641 747,1643 791,1644 835,1644 879,1646 923,1646 968,1647 1012,1647 1056,1647 1100,1646 1144,1646 1188,1644 1233,1643"/>
                <TextEquiv>
                    <Unicode>cit hominem talem naturam quae est capax miserie.</Unicode>
                </TextEquiv>
            </TextLine>
            <TextLine id="r3l28" custom="readingOrder {index:26;}">
                <Coords points="356,1707 1244,1707 1245,1661 357,1644"/>
                <Baseline points="362,1692 405,1692 449,1694 493,1694 537,1695 581,1695 625,1695 668,1697 712,1697 756,1698 800,1698 844,1698 888,1700 932,1700 975,1700 1019,1700 1063,1700 1107,1700 1151,1700 1195,1700 1239,1700"/>
                <TextEquiv>
                    <Unicode>Nego consequentiam tum quia beatitudo sive deus cuius </Unicode>
                </TextEquiv>
            </TextLine>
            <TextLine id="r3l29" custom="readingOrder {index:27;}">
                <Coords points="341,1762 1247,1762 1241,1707 342,1700"/>
                <Baseline points="347,1748 391,1748 436,1748 481,1749 525,1749 570,1749 615,1751 659,1751 704,1751 749,1752 794,1752 838,1754 883,1754 928,1755 972,1755 1017,1755 1062,1755 1106,1755 1151,1755 1196,1754 1241,1754"/>
                <TextEquiv>
                    <Unicode>homo est capax / perficit naturam: et ei summe con</Unicode>
                </TextEquiv>
            </TextLine>
            <TextLine id="r3l30" custom="readingOrder {index:28;}">
                <Coords points="345,1811 1151,1827 1241,1819 1242,1764 345,1769"/>
                <Baseline points="351,1803 395,1803 439,1803 483,1803 528,1803 572,1803 616,1803 660,1805 705,1805 749,1806 793,1806 837,1808 882,1808 926,1809 970,1809 1014,1809 1059,1809 1103,1809 1147,1809 1191,1808 1236,1808"/>
                <TextEquiv>
                    <Unicode>venit. et ideo naturam hominis esse talis rei capace</Unicode>
                </TextEquiv>
            </TextLine>
            <TextLine id="r3l31" custom="readingOrder {index:29;}">
                <Coords points="335,1866 1247,1875 1248,1821 335,1828"/>
                <Baseline points="341,1857 386,1857 431,1857 476,1857 521,1857 566,1857 611,1859 656,1859 701,1859 746,1860 791,1860 836,1862 881,1862 926,1863 971,1863 1016,1863 1061,1863 1106,1863 1151,1863 1196,1862 1242,1862"/>
                <TextEquiv>
                    <Unicode>est eam ad illam ordinari sicut ad finem. sicut li</Unicode>
                </TextEquiv>
            </TextLine>
            <TextLine id="r3l32" custom="readingOrder {index:30;}">
                <Coords points="341,1923 1245,1923 1244,1882 1171,1868 341,1876"/>
                <Baseline points="347,1916 391,1914 436,1913 480,1913 525,1913 570,1913 614,1914 659,1914 703,1916 748,1916 793,1917 837,1917 882,1919 926,1919 971,1919 1016,1919 1060,1919 1105,1919 1149,1918 1194,1917 1239,1916"/>
                <TextEquiv>
                    <Unicode>cet grave possit esse deorsum: et similiter sursum</Unicode>
                </TextEquiv>
            </TextLine>
            <TextLine id="r3l33" custom="readingOrder {index:31;}">
                <Coords points="344,1976 1198,1987 1242,1979 1243,1931 344,1924"/>
                <Baseline points="350,1968 394,1968 438,1968 482,1968 527,1968 571,1968 615,1970 660,1970 704,1970 748,1971 793,1971 837,1971 881,1973 925,1973 970,1973 1014,1973 1058,1973 1103,1974 1147,1973 1191,1973 1236,1973"/>
                <TextEquiv>
                    <Unicode>tamen magis conuenit naturae suae esse deorsum: et </Unicode>
                </TextEquiv>
            </TextLine>
            <TextLine id="r3l34" custom="readingOrder {index:32;}">
                <Coords points="345,2031 1239,2035 1239,1995 1134,1980 346,1978"/>
                <Baseline points="351,2022 395,2022 439,2022 483,2022 527,2023 571,2024 615,2024 659,2025 703,2025 747,2027 792,2027 836,2028 880,2028 924,2028 968,2028 1012,2030 1056,2030 1100,2028 1144,2028 1188,2028 1233,2027"/>
                <TextEquiv>
                    <Unicode>ibi maxime salvatur. Tum quia deus non datleges</Unicode>
                </TextEquiv>
            </TextLine>
            <TextLine id="r3l35" custom="readingOrder {index:33;}">
                <Coords points="332,2092 1244,2090 1244,2035 333,2031"/>
                <Baseline points="338,2078 383,2078 428,2078 473,2078 518,2078 563,2078 608,2078 653,2079 698,2080 743,2081 788,2082 833,2082 878,2084 923,2084 968,2084 1013,2084 1058,2084 1103,2084 1148,2084 1193,2082 1238,2081"/>
                <TextEquiv>
                    <Unicode>homini vel doctrinam quae inclinetur ad peccandum: sed </Unicode>
                </TextEquiv>
            </TextLine>
            <TextLine id="r3l36" custom="readingOrder {index:34;}">
                <Coords points="339,2139 1235,2147 1236,2099 339,2095"/>
                <Baseline points="345,2132 389,2132 433,2132 477,2133 522,2133 566,2133 610,2135 654,2135 699,2135 743,2136 787,2136 831,2138 876,2138 920,2138 964,2139 1008,2139 1053,2139 1097,2139 1141,2138 1185,2138 1230,2136"/>
                <TextEquiv>
                    <Unicode>magis ad contrarium: et ideo proprie loquendo non ordi</Unicode>
                </TextEquiv>
            </TextLine>
            <TextLine id="line_1578193975887_236" custom="readingOrder {index:35;}">
                <Coords points="345,2195 1243,2203 1244,2156 898,2140 853,2180 822,2148 345,2148"/>
                <Baseline points="350,2187 390,2186 430,2186 470,2186 510,2186 550,2186 590,2187 630,2187 670,2189 710,2189 751,2190 791,2190 831,2192 871,2192 911,2193 951,2193 991,2193 1031,2193 1071,2193 1111,2192 1152,2192 1169,2192 1203,2192 1238,2192"/>
                <TextEquiv>
                    <Unicode>nat hominem ad miseriam. Ad secundum quando ar-</Unicode>
                </TextEquiv>
            </TextLine>
            <TextLine id="r3l39" custom="readingOrder {index:36;}">
                <Coords points="341,2256 854,2267 947,2241 1161,2267 1241,2259 1242,2217 342,2207"/>
                <Baseline points="347,2241 391,2241 435,2240 480,2241 524,2241 569,2241 613,2241 658,2243 702,2243 747,2244 791,2246 835,2246 880,2247 924,2247 969,2249 1013,2249 1058,2249 1102,2249 1147,2249 1191,2249 1236,2247"/>
                <TextEquiv>
                    <Unicode>guitur. omnie quod accidit in pluribus suppositim etc. </Unicode>
                </TextEquiv>
            </TextLine>
            <TextLine id="r3l40" custom="readingOrder {index:37;}">
                <Coords points="353,2306 1214,2315 1230,2257 353,2257"/>
                <Baseline points="359,2298 402,2297 445,2297 488,2297 532,2297 575,2297 618,2297 661,2297 705,2298 748,2298 791,2299 834,2300 878,2301 921,2301 964,2301 1007,2303 1051,2303 1094,2303 1137,2303 1180,2303 1224,2303"/>
                <TextEquiv>
                    <Unicode>Dico quod hoc est verum de natura non libera tantum. </Unicode>
                </TextEquiv>
            </TextLine>
            <TextLine id="r3l41" custom="readingOrder {index:38;}">
                <Coords points="374,2360 1230,2370 1226,2314 375,2308"/>
                <Baseline points="380,2354 422,2352 464,2352 506,2352 548,2352 591,2352 633,2354 675,2354 717,2355 759,2357 802,2357 844,2358 886,2359 928,2360 970,2361 1013,2361 1055,2361 1097,2361 1139,2361 1181,2360 1224,2360"/>
                <TextEquiv>
                    <Unicode>Ad confirmationem secundui principals quando arguitur </Unicode>
                </TextEquiv>
            </TextLine>
            <TextLine id="r3l42" custom="readingOrder {index:39;}">
                <Coords points="341,2419 1160,2437 1229,2428 1230,2380 342,2365"/>
                <Baseline points="347,2409 390,2408 434,2408 478,2408 522,2408 566,2409 610,2409 653,2409 697,2411 741,2411 785,2412 829,2414 873,2414 917,2415 960,2415 1004,2417 1048,2417 1092,2417 1136,2417 1180,2417 1224,2417"/>
                <TextEquiv>
                    <Unicode>sic. deus ordinat hominem ad btitudinem: ergo vo</Unicode>
                </TextEquiv>
            </TextLine>
            <TextLine id="r3l43" custom="readingOrder {index:40;}">
                <Coords points="346,2475 1242,2482 1243,2428 831,2420 696,2444 656,2419 346,2419"/>
                <Baseline points="351,2465 395,2464 439,2463 483,2463 528,2465 572,2465 616,2465 660,2466 705,2466 749,2468 793,2468 837,2469 882,2470 926,2471 970,2472 1014,2472 1059,2474 1103,2474 1147,2474 1191,2474 1236,2474"/>
                <TextEquiv>
                    <Unicode>luntate beneplaciti creat istam animam: et vult eam </Unicode>
                </TextEquiv>
            </TextLine>
            <TextLine id="r3l44" custom="readingOrder {index:41;}">
                <Coords points="336,2530 1161,2548 1240,2539 1241,2491 337,2484"/>
                <Baseline points="342,2522 386,2522 431,2520 475,2520 520,2520 565,2520 609,2522 654,2522 699,2522 743,2523 788,2524 833,2525 877,2526 922,2526 967,2528 1011,2528 1056,2528 1101,2528 1145,2528 1190,2528 1235,2526"/>
                <TextEquiv>
                    <Unicode>esse. vel ergo ad finem illum: vel non. Concedo quod vo</Unicode>
                </TextEquiv>
            </TextLine>
            <TextLine id="r3l45" custom="readingOrder {index:42;}">
                <Coords points="341,2587 1203,2595 1236,2589 1237,2547 342,2532"/>
                <Baseline points="347,2576 391,2576 435,2576 479,2576 523,2576 567,2576 611,2576 656,2577 700,2578 744,2579 788,2580 832,2580 876,2582 920,2582 965,2583 1009,2583 1053,2583 1097,2583 1141,2583 1185,2583 1230,2582"/>
                <TextEquiv>
                    <Unicode>luntate bnplaciti vult eam esse proptur tinem illum: </Unicode>
                </TextEquiv>
            </TextLine>
            <TextLine id="r3l46" custom="readingOrder {index:43;}">
                <Coords points="345,2644 1242,2645 1228,2588 1018,2610 930,2588 346,2596"/>
                <Baseline points="351,2633 395,2633 439,2631 483,2631 528,2631 572,2632 616,2633 660,2633 705,2633 749,2634 793,2636 837,2636 882,2637 926,2637 970,2637 1014,2639 1059,2639 1103,2639 1147,2639 1191,2639 1236,2639"/>
                <TextEquiv>
                    <Unicode>quia voluntas beneplaciti est efficat causa rerum </Unicode>
                </TextEquiv>
            </TextLine>
            <TextLine id="r3l47" custom="readingOrder {index:44;}">
                <Coords points="336,2688 1200,2706 1247,2699 1248,2644 336,2652"/>
                <Baseline points="342,2687 389,2687 436,2687 483,2687 531,2687 578,2688 625,2688 673,2690 720,2690 767,2691 815,2691 862,2693 909,2693 957,2694 1004,2694 1051,2694 1099,2694 1146,2693 1193,2693 1241,2691"/>
                <TextEquiv>
                    <Unicode>et ideo nihil vult voluntate beneplaciti nisi iliud </Unicode>
                </TextEquiv>
            </TextLine>
            <TextLine id="r3l48" custom="readingOrder {index:45;}">
                <Coords points="348,2752 1232,2763 1232,2703 594,2700 564,2728 517,2697 349,2708"/>
                <Baseline points="354,2744 397,2743 441,2742 484,2743 528,2744 572,2744 615,2744 659,2745 702,2746 746,2747 790,2748 833,2748 877,2750 920,2750 964,2751 1008,2751 1051,2751 1095,2751 1138,2751 1182,2751 1226,2751"/>
                <TextEquiv>
                    <Unicode>quod efficit. Ad aliam formam quando arguitur: sub </Unicode>
                </TextEquiv>
            </TextLine>
            <TextLine id="r3l49" custom="readingOrder {index:46;}">
                <Coords points="343,2810 1091,2828 1241,2811 1242,2771 343,2751"/>
                <Baseline points="348,2799 392,2799 436,2799 481,2799 525,2799 570,2800 614,2801 658,2801 703,2802 747,2802 792,2804 836,2804 880,2805 925,2805 969,2807 1014,2807 1058,2807 1102,2808 1147,2808 1191,2808 1236,2807"/>
                <TextEquiv>
                    <Unicode>sapiente gubernatore nihil accidit praeter in-</Unicode>
                </TextEquiv>
            </TextLine>
            <TextLine id="r3l50" custom="readingOrder {index:47;}">
                <Coords points="351,2867 1223,2875 1240,2829 352,2811"/>
                <Baseline points="357,2855 400,2853 444,2853 488,2853 532,2854 576,2855 619,2855 663,2856 707,2857 751,2858 795,2859 838,2859 882,2861 926,2861 970,2862 1014,2862 1057,2862 1101,2862 1145,2862 1189,2862 1233,2861"/>
                <TextEquiv>
                    <Unicode>tentionem agentis. Concedo illam propositionem de deo: </Unicode>
                </TextEquiv>
            </TextLine>
            <TextLine id="r3l51" custom="readingOrder {index:48;}">
                <Coords points="360,2923 1232,2923 1233,2883 361,2869"/>
                <Baseline points="366,2909 409,2907 452,2907 495,2906 538,2906 581,2907 624,2907 667,2907 710,2909 753,2910 796,2911 839,2912 882,2913 925,2914 968,2915 1011,2916 1054,2916 1097,2916 1140,2916 1183,2915 1227,2915"/>
                <TextEquiv>
                    <Unicode>quia praeter intentionem suam nihil accidit. Quia sua</Unicode>
                </TextEquiv>
            </TextLine>
            <TextLine id="r3l52" custom="readingOrder {index:49;}">
                <Coords points="347,2967 1247,2979 1248,2933 347,2925"/>
                <Baseline points="353,2958 397,2958 441,2958 486,2959 530,2960 575,2960 619,2961 664,2961 708,2963 753,2963 797,2964 841,2964 886,2966 930,2966 975,2966 1019,2967 1064,2967 1108,2967 1153,2967 1197,2966 1242,2966"/>
                <TextEquiv>
                    <Unicode>voluntas vel fit de nobis: vel a nobis secundum </Unicode>
                </TextEquiv>
            </TextLine>
            <TextLine id="r3l53" custom="readingOrder {index:50;}">
                <Coords points="351,3019 1238,3040 1239,2979 1171,2973 1027,2995 970,2971 352,2968"/>
                <Baseline points="357,3014 400,3014 444,3015 488,3015 532,3015 576,3015 619,3017 663,3017 707,3017 751,3018 795,3018 838,3018 882,3019 926,3020 970,3020 1014,3021 1057,3022 1101,3023 1145,3023 1189,3024 1233,3026"/>
                <TextEquiv>
                    <Unicode>Augustinus Enchi c. centesimo. Intensio sua in pro</Unicode>
                </TextEquiv>
            </TextLine>
            <TextLine id="r3l54" custom="readingOrder {index:51;}">
                <Coords points="354,3083 1242,3088 1251,3043 354,3028"/>
                <Baseline points="360,3069 404,3069 448,3069 492,3069 537,3071 581,3071 625,3071 669,3072 714,3072 758,3072 802,3074 846,3074 891,3075 935,3075 979,3075 1023,3076 1068,3077 1112,3077 1156,3077 1200,3078 1245,3078"/>
                <TextEquiv>
                    <Unicode>posito est voluntas sua. vnd non est intentio </Unicode>
                </TextEquiv>
            </TextLine>
            <TextLine id="r3l55" custom="readingOrder {index:52;}">
                <Coords points="354,3147 526,3155 590,3129 1160,3163 1256,3148 1257,3092 355,3083"/>
                <Baseline points="360,3126 404,3128 449,3131 493,3131 538,3132 582,3134 627,3134 671,3135 716,3137 760,3137 805,3138 850,3138 894,3138 939,3140 983,3140 1028,3140 1072,3141 1117,3141 1161,3141 1206,3141 1251,3143"/>
                <TextEquiv>
                    <Unicode>sua simpliciter et absolute quod omnes saluentur: sed </Unicode>
                </TextEquiv>
            </TextLine>
            <TextEquiv>
                <Unicode>est finis naturalis hominis. Ad primum isto
rum dico sicut dictum est: quod finis hominis est 
beatitudo: et quilibet homo ordinatur ad bea
titudinem: hoc est talis natura quae est capax bea
titudinis. vnde sicut generans graue ordinatur 
grave vt sit deorsum. et nihil aliud est di-
ctu / hoc ordinat grave deorsum: nisi quia hoc 
dat sibi gravitatem: vel removetur prohibens. 
ita deus ideo dicitur ordinare hominem ad btitudi-
nem: quia creat hominem naturam capacem beatitudi
nis. et removet prohibens quantum in eo est: sta 
tuendo leges convenientes homini pro tali fine com
sequendo. et non sic ordinat hominem ad btitu
dinem: sicut ordinatur sagitta ad metam per arcum 
ut continue moueat vel pellat hominem in beati 
tudinem: sed sicut dictum est: quia fecit eum capacem
btitudinis: et quia tunc est perfectissimus quando consiun
gitur deo: ideo est deus finis hominis. Tunc ad argu
mentum quando dicitur quod maior pars caret et carebit 
btitudine: concedo. quia sunt liberi arbitrii: et 
avertunt a fine quae consequi deberem scilicet a deo. 
Et quando dicitur quod nullum violentum est perpetuum: hocoatet 
negari: quia in infefno erit violeta actio sine
corruptione. Contra. eadem ratione possem dice
re quod deus ordinat hominem ad miseriam: quia fe-
cit hominem talem naturam quae est capax miserie.
Nego consequentiam tum quia beatitudo sive deus cuius 
homo est capax / perficit naturam: et ei summe con
venit. et ideo naturam hominis esse talis rei capace
est eam ad illam ordinari sicut ad finem. sicut li
cet grave possit esse deorsum: et similiter sursum
tamen magis conuenit naturae suae esse deorsum: et 
ibi maxime salvatur. Tum quia deus non datleges
homini vel doctrinam quae inclinetur ad peccandum: sed 
magis ad contrarium: et ideo proprie loquendo non ordi
nat hominem ad miseriam. Ad secundum quando ar-
guitur. omnie quod accidit in pluribus suppositim etc. 
Dico quod hoc est verum de natura non libera tantum. 
Ad confirmationem secundui principals quando arguitur 
sic. deus ordinat hominem ad btitudinem: ergo vo
luntate beneplaciti creat istam animam: et vult eam 
esse. vel ergo ad finem illum: vel non. Concedo quod vo
luntate bnplaciti vult eam esse proptur tinem illum: 
quia voluntas beneplaciti est efficat causa rerum 
et ideo nihil vult voluntate beneplaciti nisi iliud 
quod efficit. Ad aliam formam quando arguitur: sub 
sapiente gubernatore nihil accidit praeter in-
tentionem agentis. Concedo illam propositionem de deo: 
quia praeter intentionem suam nihil accidit. Quia sua
voluntas vel fit de nobis: vel a nobis secundum 
Augustinus Enchi c. centesimo. Intensio sua in pro
posito est voluntas sua. vnd non est intentio 
sua simpliciter et absolute quod omnes saluentur: sed </Unicode>
            </TextEquiv>
        </TextRegion>
        <TextRegion orientation="0.0" id="TextRegion_1578193915865_215" custom="readingOrder {index:1;}">
            <Coords points="1284,188 2214,188 2216,3166 1286,3166"/>
            <TextLine id="line_1578193916012_218" custom="readingOrder {index:0;}">
                <Coords points="1296,258 2183,259 2222,244 2222,212 1295,212"/>
                <Baseline points="1302,249 1355,251 1409,252 1462,253 1516,254 1569,254 1623,254 1676,252 1730,252 1783,251 1837,251 1890,249 1944,249 1997,248 2051,246 2104,246 2158,246 2211,246 2216,246"/>
                <TextEquiv>
                    <Unicode>vult quod quicumque vixerit secundum leges statutas / </Unicode>
                </TextEquiv>
            </TextLine>
            <TextLine id="line_1578193916013_220" custom="readingOrder {index:1;}">
                <Coords points="1288,315 1838,330 1877,302 2199,315 2222,286 2149,253 1819,280 1787,252 1693,278 1287,257"/>
                <Baseline points="1293,305 1345,306 1398,306 1450,308 1503,308 1556,308 1608,308 1661,308 1714,306 1766,306 1819,306 1872,305 1924,305 1977,303 2030,303 2082,302 2135,302 2188,302 2216,302"/>
                <TextEquiv>
                    <Unicode>saluetur. Ad tertiam quando dicitur quod nihil intentum a </Unicode>
                </TextEquiv>
            </TextLine>
            <TextLine id="r4l4" custom="readingOrder {index:2;}">
                <Coords points="1280,371 2201,363 2173,308 1280,326"/>
                <Baseline points="1286,359 1331,360 1376,360 1422,362 1467,362 1513,362 1558,362 1604,362 1649,362 1695,362 1740,360 1785,360 1831,360 1876,359 1922,359 1967,357 2013,357 2058,356 2104,356 2149,356 2195,354"/>
                <TextEquiv>
                    <Unicode>natura accidit vt in paucioribus. verum est in </Unicode>
                </TextEquiv>
            </TextLine>
            <TextLine id="r4l5" custom="readingOrder {index:3;}">
                <Coords points="1284,426 2206,418 2206,372 1283,380"/>
                <Baseline points="1289,414 1334,414 1380,414 1425,414 1471,414 1517,414 1562,414 1608,414 1653,414 1699,414 1745,414 1790,414 1836,414 1881,413 1927,413 1973,413 2018,413 2064,411 2109,411 2155,411 2201,410"/>
                <TextEquiv>
                    <Unicode>natura intendente finem naturae solum. non autem </Unicode>
                </TextEquiv>
            </TextLine>
            <TextLine id="r4l6" custom="readingOrder {index:4;}">
                <Coords points="1287,475 2190,475 2199,421 1287,431"/>
                <Baseline points="1293,470 1338,470 1383,470 1428,470 1473,470 1518,470 1563,470 1608,470 1653,470 1698,470 1743,470 1788,470 1833,468 1878,468 1923,468 1968,468 2013,467 2058,467 2103,467 2148,465 2193,465"/>
                <TextEquiv>
                    <Unicode>a natura quae dupliter potest intenders scilicet naturaliter</Unicode>
                </TextEquiv>
            </TextLine>
            <TextLine id="r4l7" custom="readingOrder {index:5;}">
                <Coords points="1289,531 2198,531 2198,484 2164,470 2032,493 1289,484"/>
                <Baseline points="1295,524 1339,525 1384,525 1429,525 1474,527 1519,527 1564,527 1608,527 1653,527 1698,527 1743,525 1788,525 1833,525 1878,525 1922,524 1967,524 2012,524 2057,522 2102,522 2147,522 2192,521"/>
                <TextEquiv>
                    <Unicode>et libere. Nam secundum Augustinum xiii de tritria capitulo v. Omnes </Unicode>
                </TextEquiv>
            </TextLine>
            <TextLine id="r4l8" custom="readingOrder {index:6;}">
                <Coords points="1280,594 2200,586 2200,539 1280,533"/>
                <Baseline points="1286,581 1331,581 1376,581 1422,581 1467,581 1513,582 1558,582 1604,582 1649,582 1695,582 1740,582 1785,581 1831,581 1876,581 1922,581 1967,581 2013,581 2058,580 2104,579 2149,579 2195,578"/>
                <TextEquiv>
                    <Unicode>homines volunt naturaliter esse beati: et tamen in pau</Unicode>
                </TextEquiv>
            </TextLine>
            <TextLine id="r4l10" custom="readingOrder {index:7;}">
                <Coords points="1283,651 1605,640 1729,665 2006,633 2126,656 2195,642 2195,591 2026,588 1989,625 1919,587 1283,603"/>
                <Baseline points="1289,636 1334,638 1379,638 1424,638 1469,639 1514,639 1559,639 1604,638 1649,638 1694,638 1739,638 1784,638 1829,638 1874,636 1919,636 1964,636 2009,636 2054,636 2099,636 2144,636 2190,636"/>
                <TextEquiv>
                    <Unicode>cioribus accidit quod aliquis sit beatus. Ad quaertam </Unicode>
                </TextEquiv>
            </TextLine>
            <TextLine id="r4l11" custom="readingOrder {index:8;}">
                <Coords points="1293,707 2204,699 2204,644 1292,657"/>
                <Baseline points="1298,693 1343,693 1388,693 1433,693 1478,693 1523,693 1568,693 1613,693 1658,693 1703,692 1748,692 1793,692 1838,692 1883,692 1928,692 1973,692 2018,692 2063,690 2108,690 2153,690 2198,690"/>
                <TextEquiv>
                    <Unicode>quando arguitur: inconveniens est gubernatori si</Unicode>
                </TextEquiv>
            </TextLine>
            <TextLine id="r4l13" custom="readingOrder {index:9;}">
                <Coords points="1292,754 2210,754 2210,708 1292,708"/>
                <Baseline points="1298,746 1343,747 1388,747 1433,747 1479,749 1524,749 1569,749 1615,749 1660,749 1705,749 1751,749 1796,749 1841,749 1886,749 1932,749 1977,747 2022,747 2068,747 2113,747 2158,746 2204,746"/>
                <TextEquiv>
                    <Unicode>nobilissimum quod ei subditur / perpetuo careat </Unicode>
                </TextEquiv>
            </TextLine>
            <TextLine id="r4l14" custom="readingOrder {index:10;}">
                <Coords points="1289,811 2213,810 2199,756 2093,783 2055,756 1289,757"/>
                <Baseline points="1295,803 1340,803 1386,804 1431,804 1477,804 1523,804 1568,804 1614,804 1660,804 1705,804 1751,804 1797,804 1842,804 1888,804 1934,804 1979,803 2025,803 2071,803 2116,803 2162,801 2208,801"/>
                <TextEquiv>
                    <Unicode>suo fine: nego ilud. immo inconveniens esset </Unicode>
                </TextEquiv>
            </TextLine>
            <TextLine id="r4l15" custom="readingOrder {index:11;}">
                <Coords points="1295,866 1871,866 1892,886 2192,866 2173,812 1794,832 1295,812"/>
                <Baseline points="1301,857 1345,857 1389,858 1433,858 1478,858 1522,860 1566,860 1610,860 1655,860 1699,860 1743,860 1787,860 1832,860 1876,860 1920,860 1964,860 2009,858 2053,858 2097,858 2141,857 2186,857"/>
                <TextEquiv>
                    <Unicode>si nobilissima creatura contra propriam electio </Unicode>
                </TextEquiv>
            </TextLine>
            <TextLine id="r4l16" custom="readingOrder {index:12;}">
                <Coords points="1293,923 1949,940 2137,917 2172,938 2205,923 2205,868 1713,868 1683,898 1653,869 1524,860 1293,876"/>
                <Baseline points="1299,915 1344,915 1389,917 1434,917 1479,917 1524,917 1569,917 1614,917 1659,917 1704,917 1749,917 1794,917 1839,917 1884,917 1929,917 1974,917 2019,917 2064,917 2109,917 2154,917 2199,917"/>
                <TextEquiv>
                    <Unicode>nem cogeretur in finem. Ad tertium principale quando </Unicode>
                </TextEquiv>
            </TextLine>
            <TextLine id="r4l17" custom="readingOrder {index:13;}">
                <Coords points="1286,979 1882,995 2032,972 2134,995 2191,979 2191,932 1286,935"/>
                <Baseline points="1292,972 1336,974 1381,974 1426,974 1470,974 1515,974 1560,974 1604,974 1649,974 1694,974 1739,974 1783,974 1828,974 1873,974 1917,974 1962,972 2007,972 2051,972 2096,972 2141,974 2186,974"/>
                <TextEquiv>
                    <Unicode>arguitur. nullus perfsonarum acceptator etc. Pro</Unicode>
                </TextEquiv>
            </TextLine>
            <TextLine id="r4l19" custom="readingOrder {index:14;}">
                <Coords points="1290,1034 2210,1044 2210,999 2159,980 1290,988"/>
                <Baseline points="1296,1028 1341,1028 1386,1029 1432,1029 1477,1029 1523,1029 1568,1029 1614,1029 1659,1029 1705,1029 1750,1029 1795,1029 1841,1029 1886,1029 1932,1029 1977,1029 2023,1029 2068,1029 2114,1029 2159,1029 2205,1029"/>
                <TextEquiv>
                    <Unicode>materia istius argumenti opiet videre tria. </Unicode>
                </TextEquiv>
            </TextLine>
            <TextLine id="r4l21" custom="readingOrder {index:15;}">
                <Coords points="1293,1091 2208,1090 2208,1044 2157,1036 1293,1035"/>
                <Baseline points="1299,1082 1344,1083 1389,1083 1434,1085 1479,1085 1524,1085 1569,1086 1615,1086 1660,1086 1705,1086 1750,1086 1795,1086 1840,1085 1885,1085 1931,1085 1976,1085 2021,1085 2066,1083 2111,1083 2156,1083 2202,1083"/>
                <TextEquiv>
                    <Unicode>Unum est: an in praedestinato sit aliquam causa suae</Unicode>
                </TextEquiv>
            </TextLine>
            <TextLine id="r4l22" custom="readingOrder {index:16;}">
                <Coords points="1290,1161 1902,1145 1968,1168 2211,1147 2211,1100 1289,1092"/>
                <Baseline points="1295,1142 1340,1142 1386,1142 1431,1142 1477,1142 1522,1142 1568,1142 1613,1142 1659,1142 1704,1142 1750,1142 1795,1142 1841,1142 1886,1142 1932,1142 1977,1142 2023,1142 2068,1142 2114,1140 2159,1140 2205,1140"/>
                <TextEquiv>
                    <Unicode>praedestinationis. Secundo an in reprobato sit </Unicode>
                </TextEquiv>
            </TextLine>
            <TextLine id="r4l23" custom="readingOrder {index:17;}">
                <Coords points="1283,1203 2205,1202 2204,1155 2128,1148 1283,1164"/>
                <Baseline points="1289,1197 1334,1197 1380,1198 1425,1199 1471,1199 1516,1199 1562,1200 1607,1200 1653,1200 1698,1200 1744,1200 1789,1199 1835,1199 1880,1199 1926,1199 1971,1199 2017,1197 2062,1197 2108,1197 2153,1197 2199,1196"/>
                <TextEquiv>
                    <Unicode>aliquam eam suae reprobationis. Tertio quis dicen</Unicode>
                </TextEquiv>
            </TextLine>
            <TextLine id="r4l24" custom="readingOrder {index:18;}">
                <Coords points="1293,1267 2186,1267 2186,1213 2123,1204 2056,1237 2022,1205 1293,1207"/>
                <Baseline points="1299,1253 1343,1254 1387,1254 1431,1256 1475,1256 1519,1257 1563,1257 1607,1257 1651,1257 1695,1256 1739,1256 1783,1256 1827,1256 1871,1254 1915,1254 1959,1254 2003,1254 2047,1254 2091,1253 2135,1253 2180,1254"/>
                <TextEquiv>
                    <Unicode>dus est proprie acceptator personarum. Circa </Unicode>
                </TextEquiv>
            </TextLine>
            <TextLine id="r4l26" custom="readingOrder {index:19;}">
                <Coords points="1292,1328 2192,1315 2176,1269 2071,1260 1292,1268"/>
                <Baseline points="1298,1311 1342,1311 1386,1311 1431,1311 1475,1311 1520,1311 1564,1313 1608,1313 1653,1313 1697,1313 1742,1313 1786,1313 1830,1313 1875,1313 1919,1313 1964,1313 2008,1311 2052,1311 2097,1311 2141,1311 2186,1310"/>
                <TextEquiv>
                    <Unicode>primum primo ponam quaesdam distinctiones: </Unicode>
                </TextEquiv>
            </TextLine>
            <TextLine id="r4l28" custom="readingOrder {index:20;}">
                <Coords points="1293,1386 1845,1367 1884,1394 2135,1363 2191,1387 2199,1317 1293,1328"/>
                <Baseline points="1299,1370 1343,1370 1388,1370 1433,1368 1477,1368 1522,1368 1567,1368 1611,1368 1656,1368 1701,1368 1746,1368 1790,1368 1835,1368 1880,1368 1924,1368 1969,1368 2014,1368 2058,1368 2103,1368 2148,1368 2193,1368"/>
                <TextEquiv>
                    <Unicode>Prima est quod istae terminus praedestinatio aequi </Unicode>
                </TextEquiv>
            </TextLine>
            <TextLine id="r4l31" custom="readingOrder {index:21;}">
                <Coords points="1290,1435 2192,1434 2192,1387 1290,1388"/>
                <Baseline points="1296,1425 1340,1424 1385,1424 1429,1424 1474,1424 1518,1424 1563,1424 1607,1425 1652,1425 1696,1425 1741,1425 1785,1425 1830,1425 1874,1424 1919,1424 1963,1424 2008,1424 2052,1424 2097,1424 2141,1424 2186,1422"/>
                <TextEquiv>
                    <Unicode>uoce dicitur. Uno modo sonat in actionem alio </Unicode>
                </TextEquiv>
            </TextLine>
            <TextLine id="r4l33" custom="readingOrder {index:22;}">
                <Coords points="1292,1491 2184,1491 2184,1444 2110,1429 2009,1451 1734,1428 1292,1444"/>
                <Baseline points="1298,1481 1342,1481 1386,1481 1430,1481 1474,1481 1518,1481 1562,1481 1606,1482 1650,1482 1694,1482 1738,1482 1782,1482 1826,1482 1870,1482 1914,1482 1958,1481 2002,1481 2046,1481 2090,1481 2134,1479 2178,1479"/>
                <TextEquiv>
                    <Unicode>modo in passionem. Tertio modo possum</Unicode>
                </TextEquiv>
            </TextLine>
            <TextLine id="r4l35" custom="readingOrder {index:23;}">
                <Coords points="1290,1546 2196,1546 2196,1498 2090,1488 1290,1492"/>
                <Baseline points="1296,1536 1340,1536 1385,1536 1430,1536 1474,1536 1519,1536 1564,1536 1608,1536 1653,1538 1698,1538 1743,1538 1787,1538 1832,1538 1877,1539 1921,1539 1966,1538 2011,1538 2055,1538 2100,1536 2145,1535 2190,1535"/>
                <TextEquiv>
                    <Unicode>dicere quod gsfia aeterna est praedestinatio: vel </Unicode>
                </TextEquiv>
            </TextLine>
            <TextLine id="r4l37" custom="readingOrder {index:24;}">
                <Coords points="1295,1610 2203,1603 2203,1555 1295,1556"/>
                <Baseline points="1301,1592 1345,1592 1390,1590 1435,1590 1480,1590 1525,1590 1570,1590 1614,1590 1659,1590 1704,1590 1749,1592 1794,1592 1839,1592 1884,1592 1928,1592 1973,1592 2018,1592 2063,1592 2108,1591 2153,1590 2198,1589"/>
                <TextEquiv>
                    <Unicode>gratia est praedestinatio. et generaliter omne do</Unicode>
                </TextEquiv>
            </TextLine>
            <TextLine id="r4l39" custom="readingOrder {index:25;}">
                <Coords points="1293,1650 1903,1650 1938,1672 2198,1651 2198,1603 1293,1611"/>
                <Baseline points="1298,1644 1342,1643 1387,1643 1432,1643 1477,1644 1521,1644 1566,1644 1611,1644 1656,1646 1700,1646 1745,1646 1790,1646 1835,1647 1879,1647 1924,1647 1969,1647 2014,1646 2058,1646 2103,1646 2148,1644 2193,1643"/>
                <TextEquiv>
                    <Unicode>num collatum homini a deo / quino homo bene uti </Unicode>
                </TextEquiv>
            </TextLine>
            <TextLine id="r4l40" custom="readingOrder {index:26;}">
                <Coords points="1293,1707 1955,1722 2202,1707 2202,1660 1293,1661"/>
                <Baseline points="1299,1697 1343,1697 1388,1698 1433,1698 1478,1698 1523,1698 1568,1700 1612,1700 1657,1700 1702,1700 1747,1700 1792,1700 1837,1701 1882,1701 1926,1701 1971,1701 2016,1701 2061,1701 2106,1701 2151,1700 2196,1700"/>
                <TextEquiv>
                    <Unicode>tur ad btitudinem / potest vocari praedessinatio </Unicode>
                </TextEquiv>
            </TextLine>
            <TextLine id="r4l41" custom="readingOrder {index:27;}">
                <Coords points="1295,1763 2204,1779 2204,1715 2136,1708 1295,1717"/>
                <Baseline points="1301,1755 1345,1754 1390,1754 1435,1754 1480,1754 1525,1754 1570,1754 1614,1754 1659,1755 1704,1755 1749,1755 1794,1755 1839,1757 1884,1757 1928,1757 1973,1757 2018,1758 2063,1758 2108,1758 2153,1758 2198,1758"/>
                <TextEquiv>
                    <Unicode>Quarto modo istae terminus praedestinatio pro</Unicode>
                </TextEquiv>
            </TextLine>
            <TextLine id="r4l42" custom="readingOrder {index:28;}">
                <Coords points="1295,1819 2204,1819 2204,1779 2146,1763 1295,1771"/>
                <Baseline points="1301,1806 1345,1806 1390,1808 1435,1808 1480,1808 1525,1809 1570,1809 1614,1809 1659,1809 1704,1809 1749,1809 1794,1809 1839,1811 1884,1811 1928,1811 1973,1811 2018,1811 2063,1811 2108,1811 2153,1812 2198,1812"/>
                <TextEquiv>
                    <Unicode>nulla re supponit: sicut iste terminus edifi</Unicode>
                </TextEquiv>
            </TextLine>
            <TextLine id="r4l43" custom="readingOrder {index:29;}">
                <Coords points="1292,1866 1996,1888 2046,1866 2145,1892 2213,1875 2214,1822 1293,1832"/>
                <Baseline points="1298,1862 1343,1862 1388,1862 1434,1862 1479,1862 1525,1862 1570,1862 1616,1863 1661,1863 1707,1865 1752,1865 1797,1866 1843,1866 1888,1868 1934,1868 1979,1868 2025,1869 2070,1869 2116,1869 2161,1869 2207,1869"/>
                <TextEquiv>
                    <Unicode>catio: sed est terminus quae vtimur proptur eloquen</Unicode>
                </TextEquiv>
            </TextLine>
            <TextLine id="r4l44" custom="readingOrder {index:30;}">
                <Coords points="1284,1923 2213,1931 2213,1885 2182,1875 1285,1881"/>
                <Baseline points="1290,1916 1335,1916 1381,1917 1427,1917 1473,1917 1519,1917 1565,1917 1610,1917 1656,1917 1702,1919 1748,1919 1794,1919 1840,1920 1886,1920 1931,1922 1977,1922 2023,1923 2069,1923 2115,1925 2161,1925 2207,1926"/>
                <TextEquiv>
                    <Unicode>tiam et breviloquium loco vnius conplexi. Unde </Unicode>
                </TextEquiv>
            </TextLine>
            <TextLine id="r4l45" custom="readingOrder {index:31;}">
                <Coords points="1293,1987 2202,1987 2202,1949 2117,1932 1293,1924"/>
                <Baseline points="1299,1971 1343,1971 1388,1971 1433,1971 1478,1971 1523,1972 1568,1973 1612,1973 1657,1974 1702,1974 1747,1976 1792,1976 1837,1977 1882,1977 1926,1979 1971,1979 2016,1979 2061,1980 2106,1980 2151,1980 2196,1979"/>
                <TextEquiv>
                    <Unicode>istae terminus edificatio denotat aliquem ap-</Unicode>
                </TextEquiv>
            </TextLine>
            <TextLine id="r4l46" custom="readingOrder {index:32;}">
                <Coords points="1293,2043 2204,2044 2220,1987 1293,1988"/>
                <Baseline points="1299,2028 1344,2028 1390,2028 1436,2028 1482,2028 1527,2028 1573,2029 1619,2030 1665,2030 1710,2030 1756,2031 1802,2031 1848,2031 1893,2032 1939,2033 1985,2033 2031,2034 2076,2034 2122,2034 2168,2034 2214,2036"/>
                <TextEquiv>
                    <Unicode>ponere et coniugere ligna et lapides et huiusmoni</Unicode>
                </TextEquiv>
            </TextLine>
            <TextLine id="r4l47" custom="readingOrder {index:33;}">
                <Coords points="1293,2091 1993,2089 2023,2110 2208,2098 2209,2052 1294,2044"/>
                <Baseline points="1299,2081 1344,2081 1389,2082 1434,2082 1479,2082 1524,2084 1569,2084 1615,2084 1660,2084 1705,2084 1750,2085 1795,2085 1840,2085 1885,2085 1931,2085 1976,2087 2021,2087 2066,2088 2111,2088 2156,2090 2202,2090"/>
                <TextEquiv>
                    <Unicode>in certam figuram. et sic istae terminus praedestina</Unicode>
                </TextEquiv>
            </TextLine>
            <TextLine id="r4l48" custom="readingOrder {index:34;}">
                <Coords points="1295,2147 2207,2147 2207,2107 1996,2092 1295,2099"/>
                <Baseline points="1301,2136 1346,2138 1391,2138 1436,2138 1481,2139 1526,2139 1571,2139 1616,2139 1661,2139 1706,2141 1751,2141 1796,2141 1841,2141 1886,2141 1931,2142 1976,2142 2021,2142 2066,2142 2111,2144 2156,2144 2201,2145"/>
                <TextEquiv>
                    <Unicode>tio accipitur loco talis conplexi / deum velle da</Unicode>
                </TextEquiv>
            </TextLine>
            <TextLine id="r4l50" custom="readingOrder {index:35;}">
                <Coords points="1290,2203 2205,2210 2205,2165 2164,2155 1291,2156"/>
                <Baseline points="1296,2192 1341,2192 1386,2192 1431,2193 1476,2193 1521,2193 1566,2193 1612,2193 1657,2195 1702,2195 1747,2196 1792,2196 1837,2197 1882,2198 1928,2199 1973,2199 2018,2201 2063,2201 2108,2202 2153,2203 2199,2204"/>
                <TextEquiv>
                    <Unicode>re alicui vitam aeternam quam ille non habet: sed ha</Unicode>
                </TextEquiv>
            </TextLine>
            <TextLine id="r4l52" custom="readingOrder {index:36;}">
                <Coords points="1291,2259 2126,2275 2204,2266 2205,2220 1696,2220 1630,2194 1471,2204 1438,2236 1400,2204 1291,2203"/>
                <Baseline points="1296,2246 1341,2247 1386,2247 1431,2249 1476,2249 1521,2249 1566,2250 1612,2250 1657,2250 1702,2250 1747,2252 1792,2252 1837,2252 1882,2252 1928,2253 1973,2253 2018,2255 2063,2255 2108,2256 2153,2256 2199,2258"/>
                <TextEquiv>
                    <Unicode>bebit. Si igitur quaeratur an praedestinatio habe</Unicode>
                </TextEquiv>
            </TextLine>
            <TextLine id="r4l54" custom="readingOrder {index:37;}">
                <Coords points="1294,2307 2139,2330 2214,2323 2215,2275 1294,2267"/>
                <Baseline points="1299,2301 1344,2301 1389,2303 1435,2303 1480,2303 1526,2303 1571,2304 1617,2304 1662,2304 1708,2306 1753,2306 1798,2306 1844,2307 1889,2307 1935,2309 1980,2309 2026,2310 2071,2310 2117,2312 2162,2313 2208,2313"/>
                <TextEquiv>
                    <Unicode>at aliquam causam in praedestinato. Dici potest </Unicode>
                </TextEquiv>
            </TextLine>
            <TextLine id="r4l56" custom="readingOrder {index:38;}">
                <Coords points="1303,2378 2208,2378 2208,2333 2118,2315 2029,2338 1952,2315 1303,2318"/>
                <Baseline points="1308,2361 1352,2361 1397,2361 1442,2360 1486,2360 1531,2360 1576,2360 1620,2360 1665,2361 1710,2361 1755,2361 1799,2361 1844,2363 1889,2363 1933,2363 1978,2364 2023,2364 2067,2364 2112,2366 2157,2366 2202,2366"/>
                <TextEquiv>
                    <Unicode>quod praedestinatio primo modo loquendo nullam </Unicode>
                </TextEquiv>
            </TextLine>
            <TextLine id="r4l57" custom="readingOrder {index:39;}">
                <Coords points="1293,2421 1712,2427 1744,2402 1915,2440 2211,2433 2211,2388 2100,2372 1293,2379"/>
                <Baseline points="1298,2415 1343,2415 1388,2415 1434,2415 1479,2415 1524,2415 1570,2415 1615,2415 1660,2415 1706,2417 1751,2417 1796,2417 1842,2418 1887,2418 1932,2419 1978,2420 2023,2420 2068,2421 2114,2421 2159,2423 2205,2423"/>
                <TextEquiv>
                    <Unicode>causam habet: cum sit deus. Si loquamur secun</Unicode>
                </TextEquiv>
            </TextLine>
            <TextLine id="r4l58" custom="readingOrder {index:40;}">
                <Coords points="1296,2479 2208,2494 2208,2434 2166,2427 1784,2428 1759,2452 1691,2427 1297,2421"/>
                <Baseline points="1302,2471 1347,2469 1392,2471 1437,2471 1482,2471 1527,2471 1572,2471 1617,2471 1662,2471 1707,2472 1752,2472 1797,2474 1842,2474 1887,2474 1932,2475 1977,2475 2022,2477 2067,2477 2112,2478 2157,2480 2202,2480"/>
                <TextEquiv>
                    <Unicode>do modo: tunc sensus quistionis est: nunquid </Unicode>
                </TextEquiv>
            </TextLine>
            <TextLine id="r4l59" custom="readingOrder {index:41;}">
                <Coords points="1295,2546 1527,2522 1555,2547 2204,2537 2204,2501 2104,2484 1296,2477"/>
                <Baseline points="1301,2526 1345,2525 1390,2525 1435,2525 1480,2525 1525,2525 1570,2526 1614,2526 1659,2526 1704,2527 1749,2528 1794,2528 1839,2529 1884,2529 1928,2531 1973,2531 2018,2532 2063,2532 2108,2534 2153,2534 2198,2535"/>
                <TextEquiv>
                    <Unicode>praedestinatus habeat causam sui in se. Et si loqui-</Unicode>
                </TextEquiv>
            </TextLine>
            <TextLine id="r4l60" custom="readingOrder {index:42;}">
                <Coords points="1298,2586 2199,2603 2200,2542 1299,2547"/>
                <Baseline points="1304,2580 1348,2580 1392,2580 1437,2580 1481,2580 1526,2580 1570,2582 1615,2582 1659,2582 1704,2583 1748,2583 1792,2585 1837,2585 1881,2586 1926,2586 1970,2588 2015,2588 2059,2589 2104,2591 2148,2592 2193,2594"/>
                <TextEquiv>
                    <Unicode>mur de homine: maimfestum est quod sic. quia conponitur </Unicode>
                </TextEquiv>
            </TextLine>
            <TextLine id="r4l61" custom="readingOrder {index:43;}">
                <Coords points="1297,2643 2199,2659 2199,2612 2109,2597 1297,2604"/>
                <Baseline points="1302,2636 1346,2637 1391,2637 1435,2637 1480,2637 1524,2637 1569,2637 1613,2637 1658,2637 1702,2639 1747,2639 1792,2639 1836,2639 1881,2640 1925,2642 1970,2642 2014,2643 2059,2645 2103,2646 2148,2648 2193,2651"/>
                <TextEquiv>
                    <Unicode>ex materia et forma quae sunt esse sui: sed hoc </Unicode>
                </TextEquiv>
            </TextLine>
            <TextLine id="r4l62" custom="readingOrder {index:44;}">
                <Coords points="1286,2698 2201,2712 2201,2668 2011,2648 1287,2653"/>
                <Baseline points="1292,2693 1337,2693 1382,2693 1427,2694 1472,2694 1517,2694 1562,2694 1608,2694 1653,2694 1698,2694 1743,2694 1788,2694 1833,2694 1878,2696 1924,2696 1969,2696 2014,2697 2059,2699 2104,2700 2149,2702 2195,2703"/>
                <TextEquiv>
                    <Unicode>nihil est ad propositum. Si autem loquimur ter-</Unicode>
                </TextEquiv>
            </TextLine>
            <TextLine id="r4l63" custom="readingOrder {index:45;}">
                <Coords points="1293,2763 2198,2779 2199,2724 1294,2708"/>
                <Baseline points="1299,2748 1343,2748 1388,2748 1433,2748 1477,2748 1522,2748 1567,2748 1611,2748 1656,2749 1701,2750 1746,2750 1790,2751 1835,2751 1880,2753 1924,2753 1969,2754 2014,2756 2058,2757 2103,2759 2148,2761 2193,2763"/>
                <TextEquiv>
                    <Unicode>tio modo: tunc est sensus: an sit aliqua causa ex</Unicode>
                </TextEquiv>
            </TextLine>
            <TextLine id="r4l64" custom="readingOrder {index:46;}">
                <Coords points="1290,2826 2217,2826 2217,2782 2111,2772 1291,2765"/>
                <Baseline points="1296,2807 1341,2806 1387,2805 1433,2805 1479,2805 1524,2804 1570,2804 1616,2805 1662,2805 1707,2805 1753,2807 1799,2807 1845,2808 1890,2808 1936,2810 1982,2811 2028,2813 2073,2814 2119,2815 2165,2817 2211,2819"/>
                <TextEquiv>
                    <Unicode>parte praedestinati quare ipsre habebit gratiam </Unicode>
                </TextEquiv>
            </TextLine>
            <TextLine id="r4l65" custom="readingOrder {index:47;}">
                <Coords points="1304,2866 2204,2883 2185,2823 2120,2844 2082,2820 1305,2823"/>
                <Baseline points="1310,2861 1354,2861 1398,2861 1443,2861 1487,2861 1532,2861 1576,2861 1620,2861 1665,2861 1709,2861 1754,2862 1798,2862 1842,2862 1887,2864 1931,2865 1976,2865 2020,2867 2064,2869 2109,2871 2153,2873 2198,2876"/>
                <TextEquiv>
                    <Unicode>et gloriam. Et sic videtur dicendum quod aliquis effe</Unicode>
                </TextEquiv>
            </TextLine>
            <TextLine id="r4l66" custom="readingOrder {index:48;}">
                <Coords points="1302,2922 2214,2939 2195,2883 1303,2875"/>
                <Baseline points="1308,2913 1353,2913 1398,2913 1443,2913 1488,2913 1533,2913 1578,2913 1623,2913 1668,2915 1713,2915 1758,2915 1803,2916 1848,2916 1893,2918 1938,2919 1983,2921 2028,2921 2073,2922 2118,2924 2163,2925 2208,2927"/>
                <TextEquiv>
                    <Unicode>ctus praedestinationis id est predestinatus habet </Unicode>
                </TextEquiv>
            </TextLine>
            <TextLine id="r4l67" custom="readingOrder {index:49;}">
                <Coords points="1307,2978 2094,2996 2200,2987 2201,2941 1308,2932"/>
                <Baseline points="1313,2967 1357,2967 1401,2966 1445,2966 1489,2966 1533,2966 1577,2966 1621,2967 1665,2967 1709,2967 1754,2969 1798,2970 1842,2970 1886,2972 1930,2972 1974,2974 2018,2975 2062,2976 2106,2977 2150,2978 2195,2979"/>
                <TextEquiv>
                    <Unicode>causam in praedestinato: et aliquis non: sed tota </Unicode>
                </TextEquiv>
            </TextLine>
            <TextLine id="r4l68" custom="readingOrder {index:50;}">
                <Coords points="1295,3026 2217,3043 2218,2996 2164,2987 1296,2987"/>
                <Baseline points="1301,3021 1346,3020 1392,3020 1437,3020 1483,3020 1528,3020 1574,3021 1619,3021 1665,3023 1710,3023 1756,3024 1801,3026 1847,3027 1892,3027 1938,3029 1983,3030 2029,3030 2074,3031 2120,3032 2165,3032 2211,3032"/>
                <TextEquiv>
                    <Unicode>multitudo effectuum praedestinationis non habet </Unicode>
                </TextEquiv>
            </TextLine>
            <TextLine id="r4l69" custom="readingOrder {index:51;}">
                <Coords points="1296,3083 1872,3106 2041,3083 2111,3107 2201,3099 2202,3052 1296,3044"/>
                <Baseline points="1301,3075 1345,3075 1390,3075 1435,3076 1479,3077 1524,3077 1569,3078 1613,3078 1658,3080 1703,3081 1748,3082 1792,3083 1837,3084 1882,3085 1926,3086 1971,3087 2016,3087 2060,3089 2105,3089 2150,3089 2195,3090"/>
                <TextEquiv>
                    <Unicode>causam in praedestinato. h patet. quia bona operatio</Unicode>
                </TextEquiv>
            </TextLine>
            <TextLine id="r4l70" custom="readingOrder {index:52;}">
                <Coords points="1299,3154 1921,3145 2197,3171 2208,3110 1300,3084"/>
                <Baseline points="1305,3140 1349,3140 1394,3141 1439,3141 1484,3141 1529,3141 1574,3143 1618,3143 1663,3143 1708,3144 1753,3144 1798,3146 1843,3146 1888,3147 1932,3147 1977,3149 2022,3149 2067,3150 2112,3152 2157,3152 2202,3153"/>
                <TextEquiv>
                    <Unicode>hominis habet causam in homine: et in est unus effectus </Unicode>
                </TextEquiv>
            </TextLine>
            <TextEquiv>
                <Unicode>vult quod quicumque vixerit secundum leges statutas / 
saluetur. Ad tertiam quando dicitur quod nihil intentum a 
natura accidit vt in paucioribus. verum est in 
natura intendente finem naturae solum. non autem 
a natura quae dupliter potest intenders scilicet naturaliter
et libere. Nam secundum Augustinum xiii de tritria capitulo v. Omnes 
homines volunt naturaliter esse beati: et tamen in pau
cioribus accidit quod aliquis sit beatus. Ad quaertam 
quando arguitur: inconveniens est gubernatori si
nobilissimum quod ei subditur / perpetuo careat 
suo fine: nego ilud. immo inconveniens esset 
si nobilissima creatura contra propriam electio 
nem cogeretur in finem. Ad tertium principale quando 
arguitur. nullus perfsonarum acceptator etc. Pro
materia istius argumenti opiet videre tria. 
Unum est: an in praedestinato sit aliquam causa suae
praedestinationis. Secundo an in reprobato sit 
aliquam eam suae reprobationis. Tertio quis dicen
dus est proprie acceptator personarum. Circa 
primum primo ponam quaesdam distinctiones: 
Prima est quod istae terminus praedestinatio aequi 
uoce dicitur. Uno modo sonat in actionem alio 
modo in passionem. Tertio modo possum
dicere quod gsfia aeterna est praedestinatio: vel 
gratia est praedestinatio. et generaliter omne do
num collatum homini a deo / quino homo bene uti 
tur ad btitudinem / potest vocari praedessinatio 
Quarto modo istae terminus praedestinatio pro
nulla re supponit: sicut iste terminus edifi
catio: sed est terminus quae vtimur proptur eloquen
tiam et breviloquium loco vnius conplexi. Unde 
istae terminus edificatio denotat aliquem ap-
ponere et coniugere ligna et lapides et huiusmoni
in certam figuram. et sic istae terminus praedestina
tio accipitur loco talis conplexi / deum velle da
re alicui vitam aeternam quam ille non habet: sed ha
bebit. Si igitur quaeratur an praedestinatio habe
at aliquam causam in praedestinato. Dici potest 
quod praedestinatio primo modo loquendo nullam 
causam habet: cum sit deus. Si loquamur secun
do modo: tunc sensus quistionis est: nunquid 
praedestinatus habeat causam sui in se. Et si loqui-
mur de homine: maimfestum est quod sic. quia conponitur 
ex materia et forma quae sunt esse sui: sed hoc 
nihil est ad propositum. Si autem loquimur ter-
tio modo: tunc est sensus: an sit aliqua causa ex
parte praedestinati quare ipsre habebit gratiam 
et gloriam. Et sic videtur dicendum quod aliquis effe
ctus praedestinationis id est predestinatus habet 
causam in praedestinato: et aliquis non: sed tota 
multitudo effectuum praedestinationis non habet 
causam in praedestinato. h patet. quia bona operatio
hominis habet causam in homine: et in est unus effectus </Unicode>
            </TextEquiv>
        </TextRegion>
    </Page>
</PcGts>
