2550 3300
345 174 1303 243 ter velle malum: sed dicitur antecedenter homines velle
360 236 1296 299 mereri et bene agere. et sic intelligitur illa au
357 281 1284 355 ctoritas Apliter. i. Linmato ii. Deus vult omnes ho
348 339 1281 411 mines saluos feri. quia dat eis antecedentia
350 389 1277 460 quibus possunt consequi salutem cum praecepto et con
351 444 1276 523 silio consequendi: et numquam eis principiet contrarium
351 508 1285 578 et eis paratus est coagere: permittens eos libere
342 556 1278 627 velle agere ad consecutione salutis suae. Per
341 612 1281 682 vltimam particulam excluditur instantia qua posset
334 667 1270 738 fieri de damnatis: quis deus non vult saluos fic
333 723 1266 795 ri etiam asicedenter. Uoluntas autem placiti con
340 775 1264 850 sequens est illa quae deus vult aliquid efficaciter po
325 838 1267 906 nendo illud in esse. hoc Oncliam super. i sententeni distintione
329 892 1261 963 xlvi. diou Sed contra. hoc est dubium: quia secundum istud deus
324 956 1276 1019 non vult paruulos salvari voluntate antece
336 1000 1260 1076 dente. quia non dat eis nalia vel aentia quibus possunt
324 1060 1257 1143 consequi salutem: neque praecepta neque consequenlia. igr etc.
317 1119 1266 1195 Item non vr quod illa descptio conueniat volunta-
320 1176 1252 1263 ti beneplaciti: sed magis voluntati signi. vic i pr
317 1227 1251 1318 ticula dicit divinam o perationem: media praeceptio
320 1291 1250 1355 nem et prohibitionem: vltima permissionem: quoi omnia
317 1347 1252 1419 partinet ad voluntatem signi. Ione potest dici quod hoc
311 1413 1248 1483 propositio / deus vult omnes homines saluos fieri-
321 1460 1245 1531 debet intelligi de voluntate signi: et non de volun
323 1515 1243 1595 tate beneplaciti. sensus est iste. deus fecit omnes
312 1564 1240 1637 homines capaces salutis. et statuit praecepta quo
306 1626 1243 1699 si omnes homines facerent: salui forent. et non plus in
309 1684 1243 1755 portatur per illam quam per hanc compulativam. Aliter eam
318 1741 1237 1811 exponit magister: dices deus vult omnes homines etc
306 1788 1242 1866 i. nullus salvatur nisi quem deus vult salvari.
339 1844 1240 1916 De secundo videlicet an voluntas beneplaciti sem
306 1908 1237 1971 per impleatur: dicendum est quod sic: quia voluntas bne-
306 1966 1243 2035 placiti denotat deum velle aliquid proprie lo quin
308 2020 1233 2083 do. voluntas vero signi non: quia denotat deum ali
312 2062 1231 2139 quid velle mediante signo. Probatur primum. nam
306 2124 1240 2194 si voluntas beneplaciti potest impediri: sequitur
306 2180 1243 2251 primo quod deus non esset omnipotes nec infinitae
309 2241 1230 2313 virtutis. Secundo sequitur quod deus potest tristari:
299 2296 1234 2363 quia omnis voluntas nata est tristari quando impeditur
302 2347 1221 2411 ne fiat quod ipsa vult: et sic deus non esset beatus
300 2403 1228 2469 Tertio patet idem per magisrum sentention it dist xlv in si
300 2460 1230 2523 ubi dicit sic. Consonat rerum effectibus bene-
294 2519 1230 2579 placitum dei: et ipsi effectus rerum ab illo non
306 2576 1245 2635 discordant. fit enim omne quod beneplacito vult
305 2624 1236 2690 fieri: et omne quod non vult fieri: nequaquam fit.
308 2678 1237 2759 Item dis xlvii in prin. Uoluntas quippe der
311 2748 1233 2806 semper efficax est vt fiat omne quod velit: et ni-
309 2791 1236 2868 hil fiat quod non velit: quo de homine semper impleum
300 2857 1230 2911 quocumque se vertat. nihil enim ut ait Augustini in
305 2900 1236 2969 de libe. arb. constitutum superat voluntatem dei
314 2955 1236 3034 hoc idem sonat scriptura sacra ubique. Ter
305 3016 1248 3088 tio restat videre an deus velit peccatum fieri: et
300 3072 1246 3147 an sit auctor peccati. et iste articuius ut mihi vi
1343 195 2283 263 detur: dependet ex duabus propositionibus:
1337 253 2273 314 quarum prima est: an deus sit causa et auctor
1340 308 2271 369 omnis rei quae fit. Secunda est. an peccatum sit res
1340 355 2273 419 aliqua: sicut communiter dicitur quod peccatum commissio-
1328 412 2270 475 nis sit actus voluntatis elicitus vel impera
1334 460 2250 531 tus: et maxime primum peccatum dicitur actus elicit
1335 519 2250 594 voluntatis. Quantum ad primum: est sententia com
1325 580 2256 651 munis omnim theologorum: quod deus est causa im
1325 636 2256 707 mediata omnis rei producte: sic quod omni creaturae
1327 693 2256 763 agenti: sive sit natura sive voluntas: deus coa-
1320 755 2266 819 git. et sic imaginandum est quod in omni actione crea
1319 808 2258 874 turae quao aliquid producitur: deus et creatura sunt
1317 859 2267 931 duae causae partiales illius producti: non sic ima
1325 916 2272 988 ginando quod deus producit vnam partem effectus: et cre
1316 980 2252 1058 atura aliam: et ob hoc dicatur causa partialiter. sicut qui-
1307 1036 2267 1094 dam rudes imaginantur: sed ideo oir concurrunt in
1314 1084 2271 1155 agendo vel causando: vt alias ostendetur. vnde tam
1314 1148 2261 1212 causa vlis quam particularis dicitur communiter causa partialius.
1316 1205 2248 1272 et ideo etiam solet homo sunt duae causae partiales ho
1310 1259 2248 1330 minis generandi: et similiter vir et mulier: quia ad hoc
1314 1317 2244 1379 quod aliquid dicitur causa partiali: sufficit quod sit tale quod
1301 1364 2257 1435 propter ipsum et quodam aliud vel quaedam alia res
1295 1436 2255 1491 ponatur in esse: sic quod illis positis res est: et ali
1305 1483 2258 1555 quo istorum ablato res non fiet. Ad hoc addu-
1296 1547 2255 1594 ci potest dictum Anselmum de cor cac. xviii. Ipsa vero.
1296 1592 2250 1658 id est voluntas: se suis affectionibus mouet:
1299 1652 2253 1714 unde dici potest instrumentum seipsum movens. Di-
1302 1708 2234 1771 co voluntatem instrumentum omnes voluntarios mo-
1287 1763 2238 1827 tus facere. sed si diligenter consideremus: deus ipse
1292 1820 2226 1883 verius dicitur facere omne quod facit natura au
1302 1878 2230 1939 voluntas: quia facit naturam instrumentum volen
1283 1932 2238 1994 di cum affectionibus suis: sine quibus istud
1293 1980 2227 2052 instrumuntum nihil facit. Ad idem liero de casu diabo
1289 2035 2245 2116 li capitulo xx quod deus facit singulas actiones quae fiunt
1289 2100 2232 2171 mera / alias mala voluntate. Supponatur ergo quod
1299 2157 2232 2212 haec sit vera. deus agit in omni actione natu
1287 2212 2232 2279 re et voluntatis. Supponatur etiam haec propoteo
1290 2261 2233 2324 quod aliquod peccatum sit res: quia aliquod peccatum est
1290 2320 2222 2395 actus voluntatis. quibus suppositis sequi-
1280 2372 2232 2443 tur necessario quod deus sit immediata causa pecca
1286 2428 2222 2494 ti sub duplici forma arguendi. sam sequitur
1296 2480 2224 2547 in darii. cuiuslibet actus voluntatis deus est
1293 2540 2219 2616 causa aliquod peccatum est actus voluntatis: ergo alicui-
1290 2596 2227 2672 peccati deus est causa similiter sequitur per syllogismum
1293 2652 2220 2715 expositorium: huius acius deus est causa: hic actus
1289 2708 2212 2771 est peccatum: ergo huius peccati deus est causa. Consi
1293 2763 2216 2843 mili modo contingit probare quod deus est prise
1284 2819 2211 2883 cipalior causa peccati quam voluntas creata: quia quam
1289 2876 2219 2942 cumque rem deus et natura causant / deus prin
1289 2923 2210 2983 cipalius causat. Ex eodem sequitur quod deus
1292 2981 2217 3043 voluntate beneplaciti vult peccatum esse etfieri.
1293 3035 2232 3108 qui arguitur sic. omne illud cuius deus est
1293 3093 2229 3163 causa effectiva: deus vult esse voluntate bene
