2550 3300
276 199 1205 273 iustum iudicem: ergo non iustae gubernat. consequentia patet:
296 267 1208 324 quia a est unum de iis qui partinent ad iustum iudi-
299 311 1201 392 cem: demonstrato sorte. quia illa propsitio deus non
296 365 1217 426 facit omnie quod partinet ad hoc quod ipse sit iustus iu
296 420 1209 491 dex etc. nego ad illum intellectum antecens. Et quand
295 478 1202 550 probatur per hoc quod ipse permittit mala fieri qo
293 542 1215 607 posset impedire ne fieret: concedo. sed nego vl
300 585 1217 650 terius consequentiam. ergo non facit omnie quod partinet ad hoc
304 652 1211 711 quod sit iustus iudex. nam ipse iuste permittit ma
303 708 1216 764 la fieri: prohibet tamen ne fiant per leges et doctr
312 756 1214 819 nam. non tamen impedit violenter naturam liberam.
305 814 1229 883 sed relinquit eam suae libertati: loquendo de adul
312 868 1218 931 tis. Paruulos autem qui non fuerunt participes
317 925 1219 1005 sacorum: iuste proptur peccatum originale damnat:
321 980 1180 1050 sicut dictum fuit in tertio arti. principali.
312 1045 1221 1109 ad auctoritatem illorum capsorum decreti dico quod
318 1106 1226 1161 debent intelligi de iudicibus existentibus sub
317 1152 1235 1219 lege: non de deo cuius voluntas est lex: et ome
332 1221 1238 1283 quod vult iustum est. Unde si ipsi permittant mala
329 1266 1230 1331 fieri ubi possentimpedire licitae et iustae: ipsi
337 1324 1238 1395 peccant: sed secus est de deo. Ad secunduam for
339 1382 1247 1451 mam quando arguitur. deus semper remittit partem
336 1441 1247 1508 pene condigne: ergo recedit ab aequalitate. dici
338 1494 1248 1561 potest quod pena dicitur condigna alicui culpere dupliter
345 1555 1247 1611 Uno modo quia tam magna est pena quod magna
345 1603 1241 1667 fuit culpa: et tunc esset tanta quantam ipse me
342 1667 1251 1730 ruit qui peccauit. Alio modo dicitur pena condigna
350 1727 1251 1779 culpe: quia tanta est quantam placet iusto iu-
341 1781 1252 1836 dici insigere pro ea. Primo modo deus punit cuia
350 1828 1245 1883 tra contdignum. secundo modo non. Contra. Omnis pe-
351 1892 1248 1962 na posset esse condigna cuicumque culpe: ergo
341 1940 1266 1995 si insligeret Neroni penam Iude: condigna esset
336 1992 1257 2051 utrique vtraque. sed tanta esset modo quanta tunc
347 2059 1256 2118 esset: et modo pena Neronis est minor: ergo Ne
345 2100 1248 2162 ro minus modo punitur. Dico quod omnis poena est con
345 2156 1260 2217 digna culpe secundo modo: quatum placet sibi in-
332 2217 1259 2275 sigere pro culpa. et non valet consequentia: ergo pena mi
353 2274 1254 2348 nor est diminuta. quia eo ipso quod est ab eo vo
353 2323 1253 2387 lita: est iusta et condigna illo mo. Et ad aucto
356 2382 1266 2443 ritatem Anselmu. cur deus hom capitulo xii quando dicit re-
353 2435 1253 2512 cte ordinare peccatum etc. Dico quod istud sicut
353 2492 1265 2551 sonat est falsum: loquendo de poena satisfa-
359 2555 1263 2611 ctoria: vel qualis debet insligi pro satisfactione
353 2612 1266 2667 quia multa peccata ad tempus deus dimittit impu-
360 2672 1270 2739 nita: quia dissimulat peccata hominum propter
354 2724 1259 2794 poenitentiam: et tamen non sequitur quod deus ad tempus re
353 2780 1266 2843 linquat aliquid deordinatum in mundo. et
356 2833 1268 2890 ideo potest intelligi sic quod ordinare peccatum est
366 2879 1273 2955 statuere leges punitivas: et illas opportu
351 2943 1271 3003 ne executioni mandare. Opportune dico:
357 2988 1267 3059 quando deo placet. Ad aliam auctoritatem eius-
363 3056 1262 3107 dem libri capitulo xx quod secundum mensuram peccati etc.
371 3099 1264 3186 Dico quod mensura peccati est vno modo atten-
1265 204 2193 279 denda secundum mensuram legis cuius est pvari
1271 269 2183 323 catio: et satisfactio est mensuranda mensu
1275 331 2178 384 ra legis punitive. Satisfacit autem homo deo
1269 372 2186 434 quando penam subit pro peccato quam placet deo sibi
1268 424 2191 493 insligere. vnde omnis pena quae sibi placet infligi
1275 492 2194 554 pro peccato: est sibi satisfactio contradigna. et ideo illa
1277 537 2188 612 verba Anselmus et consimilia sctorum sunt prolata ad
1279 605 2205 659 modum iudicui humani nobis noti: et non sunt
1272 652 2178 714 omnia propria iudici divino. Ad tertium quando at
1277 708 2181 775 guit quod multa videmus impunita in mundo
1271 765 2189 833 concedo: videlicet quod puniuntur aliqua: et aliquam
1277 828 2195 883 remittuntur. sed bene ordinantur etiam sine pu
1287 884 2214 931 nitione: quia sicut deo placet ita fit: et ideo iu-
1278 940 2214 1012 ste fit mirantur tamen homines quare deus sic per-
1286 989 2202 1063 mittit: quo putant deum obligatum ad regendum
1287 1053 2216 1107 mundum suum secundum capita eorum: et tunc male iret
1292 1102 2205 1181 negotium. et ideo quando expectat: misericordi-
1290 1161 2217 1235 ter expectat. et quando punit: iuste punit. et quando
1283 1220 2215 1283 remittit: tam misericorditur quam iuste remittit.
1352 1276 2199 1349 Ad quartum quando arguitur . tanta distantia pe
1301 1345 2201 1395 ne etc. concedo quod vtraque distat ab alia in in-
1290 1380 2199 1451 finitum. et nego vltra consequentiam. ergo tantam iniust
1295 1449 2177 1514 tiam faciet deus commutando penam aeternam
1299 1499 2216 1565 temporalem / quanta fieret commutando temporalem in
1311 1560 2210 1626 eternam. Ad quintum quando arguitur. nihil parti
1290 1614 2219 1675 net ad iustum iudicem principere / nisi quod velit fie
1314 1668 2224 1729 ri ab eis. dico quod verum est de voluntate permis
1302 1732 2220 1794 sionis. vnde si praeciperet eis alquid: et costea
1311 1785 2225 1843 eos impediret sine culpa eorum ne illud pos
1298 1836 2238 1895 sent implere: iniuste faceret. potest tamen continge
1307 1895 2228 1954 re quod aliqui faciant se ineptos ad exequendum
1308 1946 2232 2013 praeceptum: et tamen deus vult praeceptum suum stare:
1317 2006 2223 2065 et tamen non placet sibi quod exequantur praeceptum pro
1303 2063 2228 2118 tunc: sed vult eos vurire: quia fecerunt se ineptos
1311 2118 2226 2185 ad exequendum praeceptum. Exemplum de seruo qui
1308 2169 2242 2235 se inebriat: nec potest protunc servire dumno suo:
1302 2230 2235 2291 nec ideo relaxatur praeceptum de sibi deseruien
1311 2282 2223 2347 do: sed manet praeceptum: et tamen dicens protunc non
1318 2340 2229 2399 vult suum servitium: nec illud ipse potest impen-
1309 2398 2228 2459 dere. Ad Augustinus de praecepto Abrae facto et
1311 2460 2224 2523 ceco curato: qui videntur fuisse signa falsa: quia
1314 2508 2211 2572 praecepit quod non voluit fieri. Dicunt quidan
1317 2564 2224 2635 quod videbat Abrae praecepisse immolationem: quod
1317 2626 2228 2683 tamen non fecit. Potest dici quod praecepit sibi immola-
1315 2676 2225 2738 re filium: et tamen noluit hoc: sicut patuit per effe
1320 2731 2226 2794 ctum et si arguitur contra. Fictio videtur quod aliquis
1322 2784 2220 2862 principiat unum et velit oppositum: quia tunc facit si
1324 2840 2226 2907 gnum falsum. Potest dici quod non repugnat iu
1323 2890 2220 2954 stitiae nec sapientiae dei fingere: hoc est facere si
1319 2956 2222 3012 gnum quam velit alquid fieri: et tamen quod nolit il-
1320 3012 2236 3076 lunoi immo hoc expedit vtilitati illius cui fit
1322 3060 2217 3139 signum: sicut multum expediebat Abrae quod
1319 3118 2220 3203 deus paetendebat se hoc voluisse per praeceptum
