2550 3300
308 209 1238 286 produtisse mundum ab aeterno: ergo posset probari
305 267 1235 331 quod mundus productus est ex tempore. et sic articulus
302 329 1224 380 fidei posset probari. Praeterea voluntati rationa
308 373 1233 435 li non repugnat habere effectum liberum sibi coe-
308 431 1231 490 ternum. ergo nec deo. Assumptum patet de anima chri
303 488 1233 546 sti: quia si christus ab aeterno fuisset viator: ab
315 540 1233 602 aeterno habuisset actum meritorium. Confir-
309 603 1242 660 matur ratio per Dioo de divinis nominieus capitulo iiii Divi
299 660 1231 723 nus amor non permisit eum sine germine esse: sed
304 723 1238 771 amor ille fuit ab aeterno. Praeterea secundum Aum
311 771 1229 845 iui a ixuto de ciui capitulo xxxi. Si pes ab aeterno fuis
305 827 1238 891 set in pulvere etc. Chr uso super Ioan honi
312 884 1233 955 xxxvi dicit quod virguitum et eius imago coeter-
302 947 1239 995 na sunt. si semper inquit virgultum ab aeterno fu
309 993 1242 1053 it sempr: ergo imago de virgulto fuit. sed si
308 1053 1230 1116 pes vel virgultum fuisset ab aeterno: non pos-
306 1109 1242 1176 iet citius vel prius habere effectum quam deus. ergo cum
314 1164 1237 1219 beus ab aeterno fuit: potuit habuisse effectum
300 1219 1233 1283 sibi coeternum. Praeterea: quicquid perfectionis est in
309 1284 1233 1347 eam secunda: debet attribui causae priae: sed hoc est perfe
310 1339 1227 1387 ctionis in causa secunda / habere effectum sibi coe
309 1388 1237 1458 ternum: quod non expectet tempus ad hoc quod posset pro
311 1445 1237 1507 ducere suum effectum. vnde quanto causa est perfectior
312 1501 1242 1562 tanto minus expectat de tempore. ergo hoc debet deo at
303 1556 1236 1611 tribui / quod possit statim habere effectum sibi coe-
311 1612 1227 1667 ternum. ergo deus potuit produxisse mundum ab aeter
301 1658 1236 1739 no. Tertio ad principale sic. si deus etc ergo ab
318 1724 1228 1787 terno sciuit se producere plures mundos:
315 1780 1239 1834 vel non. si non: ergo non potuit producere plures
310 1837 1239 1899 mundos: eade ratione nec modo potest. consequens falsum
305 1892 1239 1962 quia tantae potentiae est modo sicut tunc fuit quando produ
297 1940 1233 2002 tit istum mundum: nec est alia resistentia vel im-
297 1992 1230 2067 pedimentum quam tunc impediens. ergo posset modo pro
304 2055 1230 2115 ducere alium si vellet. Si dicatr quod deus ab aeter
306 2107 1224 2171 non sciuit se producere plures mundos. Con-
308 2163 1235 2227 tra ergo plures mundi fuerunt intellecti a deo: et
302 2217 1236 2275 sunt adhuc intellecti a deo. ergo aliquam intellecta
311 2266 1229 2345 iunt plures mundi. Item vel intelligit se pro-
303 2333 1225 2387 ducere plures mundos finitos vel infinitos
308 2389 1234 2442 tantum. non finitos tantum: quia quae ratione sex: eadem ratione
308 2436 1237 2507 septem vel octo: et sic in infinitum. si infinitos quoi
305 2491 1239 2555 erunt aequeles isti: ergo illi infiniti si essent / moue
300 2551 1227 2607 ri possent motu circulari in suis partibus su
302 2607 1235 2675 peroribus: sicut istae mundus mouetur. ergo pari ratione si
306 2660 1215 2722 esset unum infinitum conpositum ex il illud posset mo
303 2715 1224 2777 ueri motu diurno: et sic corpus infinitum posset
312 2772 1221 2834 moueri iu tempore finito: contra pahiloso
299 2828 1223 2890 phumi i de celo et vi Physicorum. Item
312 2879 1216 2939 si deus potuit produxisse plures mundos
295 2941 1212 3009 et non fecit: ergo fuit invidus consequentia probatur pr
297 2988 1215 3051 modum arguendi beati Augustinus iiii super de capit. xvii
290 3040 1230 3115 Iona autem facere si non possit nia esset potentia
279 3101 1219 3171 siant posset nec faceret: magna esset ividentia
1290 212 2238 275 quia igitur est omnipotens et bonus: inoeo omnia valde bora
1295 272 2241 330 tecit: ergo pari ratione si deus potuisset producere
1293 327 2217 379 mundos infinitos: et non fecit: ergo fuit invidi
1326 380 2229 435 Confirmatur. quia qui omittit quod melius est: non
1292 436 2228 491 facit optimum quod posset facere: nec optime
1289 500 2225 563 quod posset: sed si deus posset producere plures
1286 547 2233 611 mundos: et non fecit: omisit illud quod melius est
1301 604 2237 659 Nam melius esset duos mundos esse quod vnum . com-
1301 659 2231 723 stat: quia in duplo: manifestum est. igitur deus non
1289 716 2233 786 optime cumcta disponit. Confirmatur simpliciter
1289 771 2233 838 per illud Augustinusm iii de libero arbitrio capitulo vii Quicquid tibi
1292 828 2238 891 vera ratione melius occurrerit: scias fecisse deum
1286 889 2224 947 tamquam omnim bonorum conditorem: igitur de facto
1299 939 2222 1002 iam fecit plures mundos. Praeterea. si deus
1293 1008 2233 1068 quando produrit istum mundum: sciuit se posse produ
1296 1066 2238 1130 cere alium mundum ab isto: sit ille a. quaero igitur
1293 1109 2247 1171 quare magis voluit producere istum quod a: vel fu
1302 1165 2247 1224 t aliquam ro: vel nulla. Si nulla: voluntas sua
1290 1224 2241 1283 fuit irrationabilis. Si aliquam: cum omnia sint paria
1290 1279 2223 1353 in obiectis intellectivis: videtur quod magis non
1290 1340 2221 1402 debuit producere hunc quam istum: et sic vel nullum
1284 1392 2230 1466 vel istos infinitos. Praeterea. aut potuit
1293 1456 2239 1516 produxisse mundum meliorem isto: vel non. si sic:
1293 1515 2223 1575 igitur non fecit quicquid melius potuit. igitur non fe-
1294 1564 2238 1618 cit optiae quod scivit et potuit. Si non potuit:
1293 1612 2235 1676 Contra. iste mundus est finitae perfectionis: ergo po
1293 1670 2220 1731 tuit fecisse mundum maioris perfectionis. Similiter
1287 1725 2235 1790 posset fecisse hominem meliorem quam fecit. secundum
1293 1783 2219 1842 magistrum. i. sentem dinione xliiii. c. ii. Et probat ma
1286 1843 2228 1911 gister hoc per Augustinum u super ODeni c. x. Talem potu-
1284 1905 2235 1963 it deus hominem recisse qui non peccare posset
1290 1956 2216 2019 nec vellet: et si talem fecisset: quis dubitat quin
1281 2011 2226 2066 meliorem fecisset: igitur potuit hominem fecisse
1280 2068 2214 2131 meliorem: igitur pari ratione angelum: et sic per consequens
1290 2118 2214 2178 totum vniversum. Praeterea. si deus posset
1284 2172 2217 2234 modo facere alium mundum ab isto: posset facere
1281 2222 2207 2285 illum esse alicubi: sicut iste est mo: ita quod par
1289 2283 2226 2339 tes illius mundi distarent abinuicem extra munu-
1278 2336 2220 2394 dum istum. quaero ergo quid est ibi modo: an aliquid
1287 2396 2220 2452 an nihil: si alquid: ergo extra mundum de facto est
1277 2444 2216 2507 aliqui. si nihil: tunc arguitur sic. extra mundum ni
1284 2498 2205 2572 hillest: et extra mundum potest esse corpus: ergo
1281 2563 2216 2618 extra mundum est vacuum: quia ubi potest esse cor-
1281 2611 2215 2675 pus / et nullum est: ibi vacuum est. ergo vacuum
1278 2660 2198 2731 modo est. Quarto ad principale. si deus ab
1277 2724 2213 2787 aeterno scivit etc. ergo antequam produxit mundum
1281 2780 2211 2843 verum fuit deum esse producturum mundum. ergo sic
1277 2833 2217 2894 haec propote ab aeterno fuisset vira: deus produ
1272 2892 2212 2955 cet mundum ab aeterno. igitur si homo fuisset crea
1281 2940 2206 3011 tus ante mundum: qui dixisset istam: dixisset ve-
1284 2999 2203 3066 rum. ergo de necessitate deus produxit mun
1269 3054 2211 3128 dum. Confirmatur iste modus arguendi per proces
1278 3103 2199 3195 sum Aristoteles i. peri her in fine. vbi ondit quod
