2550 3300
303 187 1260 251 fidem esse falsam: et deum fefellisse homines quis do
314 252 1264 310 cuit. Praeterea. Non minorem certitudinem
312 303 1251 361 debet causare reuelatio divina quam proprhentia.
302 356 1253 415 sed proprohetia causat certitudinem veritatis im
311 412 1241 475 mobilem: ergo diuina reuelatio. Maior patet: quia te
309 468 1257 541 ta certitudo qui est in propohetia: est propter divi
309 524 1253 587 nam reuelationem. Minor patet per diffinitionem
302 579 1250 646 prophetiae et maior similiterquo est ista. Proprhetia est
293 642 1266 691 divina inspiratio rerum eventus immobili vitate de
299 699 1259 747 nuntians. ergo si aliquid est propobetatum esse futu-
296 748 1254 811 rum: illud immobiliter erit futurum sit praesens:
306 804 1250 860 et ultra necario erit futurum. Praetea. Ome
303 860 1247 915 illud necario eveniet / quod sic est futurum quod non
302 917 1238 991 potest esse non futurum antequam sit praesens: sed omne quod
294 980 1249 1041 deus proponit facere: est sic futurum quam non pos
295 1036 1258 1100 esse non futurum antequam sit praesens: ergo ome tale
297 1091 1248 1140 necario est futurum. Ideo si deus se reuelet
296 1142 1241 1195 aliquid facturum illud post reuelationem neces
296 1192 1248 1252 sario eveniet. Maior patet. minorem probo per
299 1252 1245 1315 Anselmus ii. Cur deus homo c. xviii ubi dicit quod volun
297 1307 1241 1366 tas dei vult veritatem esse immutabilem: et si propo
296 1363 1248 1426 nit alquid se immutabiliter facturum illud non potest
294 1419 1248 1490 non esse futurum antequam fiat. Item in eodem c. lo-
294 1475 1248 1534 quens de fide beatem virginis: qua credidit filium
294 1533 1246 1595 moriturum: dicit quod vera fuit fides eius: et neces-
300 1583 1242 1646 se fuit ita futurum esse sicut ipsa credidit. Tunc
290 1645 1239 1706 arguitur sic. Omnie quod est a deo reuelatum: necess
288 1707 1248 1770 est fieri postquam est reuelatum: ergo nihil post
285 1756 1243 1827 ea manet contingens: ergo ista sunt incompos-
287 1805 1243 1888 sibilia: hoc fore est contingens: et hoc fore est reue
288 1859 1231 1942 latum a deo. Prefea. Si teneor credere quod prgo
296 1922 1226 1998 ohetatum vel reuelatum possit non evenire: ergo non
285 1980 1230 2034 teneor credere prophshe nec deo: quia scio quod tum-
293 2035 1231 2092 cumque asseruit vel iurauit: quod oppositum dicti
291 2085 1236 2167 sui ptet esse verum: ergo non teneor credere quod dictum
276 2138 1245 2203 suum sit verum: ergo Iudei non tenebantur credere
284 2204 1230 2266 propohetis de Christo de eessia mittendo: quia
288 2253 1243 2326 non obstante quacumque propohetia hieremie vel
281 2308 1227 2373 Esaie de filio incarnado vel de Messia mit-
281 2364 1233 2435 tendo: credere debuerunt quod oppositum potuit
276 2420 1225 2483 evenire: et per consequens quod pohetia talis non fuit
276 2476 1219 2539 certa: Prefea quod deus non possit reuelare com
282 2532 1230 2587 tingentia futura: arguitur sic. Sit sortes nunc in
270 2593 1226 2653 charitate: et reuelet sibi deus quom cras peccabit
273 2643 1223 2699 mortaliter: ergo sortes pret hoc licitae velle consequens impossi-
270 2689 1227 2755 bile: ergo antecedens. impossibilitas patet. quia sequitiur: vult
272 2756 1221 2812 esse in peccato mortali: ergo est in peccato mortali: et vl
279 2812 1216 2876 tra: ergo peccat mortaliter. Et similiter ex eodem sequitur quod
282 2859 1228 2928 licitae vult esse in peccato mortali: ergo non peccat
276 2916 1222 2979 mortaliter sic volendo. consequentia probatur: quia posito isto
279 2972 1218 3026 casu: sortes scit deum velle ipsum cras peccare
282 3028 1221 3083 mortaliter: ergo potest se confirmare divinae voluntati.
281 3076 1225 3155 Item eodem casu posito / sequitur quod contradictoria
1316 188 2280 258 aliquomodo sint simul vera: igitur casus est impossibilis
1310 252 2271 320 Antecedens probo: quia sorti est reuelatum quam peccabit: ergo
1319 308 2281 388 sortes volet peccare. Ex alia parte sortes. scit quod si
1304 363 2268 435 peccet erit miser: ergo non potest velle peccare.
1314 428 2280 482 consequentia patet per Anselmus de casu dia capitulo xxiii ubi probatu
1314 476 2293 555 quod angelus non potuit praescire casum suum. Prae
1317 539 2268 595 terea si deus posset reuelare propositione de
1311 586 2273 651 futuro: quae ratione unam et aliam. Ponatur igitur quod in
1310 634 2277 706 rei vritate sortes. sit damnandus: ergo potest hoc deus reue
1311 698 2271 772 lare sortes. Quo facto arguitur quod sortes despa-
1310 753 2270 819 bit: quia tenetur credere deo: ergo deus erit auctor
1314 811 2256 881 istius desperationis: et sic erit auctor peccati. Prae
1302 869 2256 940 terea reuelet deus Gabrieli quod sortes. sper erit in
1314 925 2252 987 charitate: et simul cum hoc principiat Gabrieli quod iu-
1300 984 2262 1044 uet sortes. quandiu est in charitate. istis positis ad
1310 1035 2277 1099 huc remanet in libera facultate sortes. peccan
1305 1096 2273 1151 di quia nec reuelatio eum impediret: nec praeceptum
1305 1148 2266 1224 datum Gabrieli manifestum est. Ponatur ergo quod
1302 1204 2267 1268 peccat: quo facto quaero vtrum Gabriel tenetur
1295 1268 2267 1323 eum iuvare an non: Si sic: contra. non est in chari
1295 1317 2268 1378 tate: ergo Gabriel non tenetur eum iuuare. Si non:
1295 1372 2264 1435 contra. habriel credit quod sper erit in charitate per re
1299 1427 2250 1499 uelationem: ergo sper tenetur eum iuvare. Praetfea
1294 1487 2247 1547 revelet deus sorti exsenti in charitate quod finaliter
1305 1540 2244 1613 damnandus est: quaero tunc utrum sortes potest iuste orare pro
1302 1596 2262 1660 sua salute an non: ergo si sic prtet iuste velle opposi
1292 1651 2258 1719 tum illius quod scit deum velle per reuelationem. consequens
1293 1711 2262 1779 falsum. similiter si liceret sibi orare pro seipso casu
1297 1772 2248 1844 posito: sic liceret ecclie orare pro hominibus de quie
1296 1821 2250 1883 vus ipsa esset certa quod damnarentur. consequens falsum
1302 1884 2248 1938 et contra Augustinum libro xxi de civiat dei capitulo xxiiii ubi dicit
1286 1934 2253 1994 Denique si de aliquibus ita certa esset ecclesia
1292 1988 2237 2050 ut qui sint il scilicet damnandi etiam non nosset: qui
1287 2038 2247 2102 licet adhuc in hac vita sint constituti: tamen praede
1292 2092 2243 2163 stinati sut in ignem aeternum ire cum diabolo: tam
1283 2148 2231 2220 pro eis non oraret quam nec pro ipso. Ex hac aucto
1293 2207 2249 2259 ritate arguitur quod reuelatum non est contingens
1286 2267 2228 2322 post reuelationem. quia si sic: dato quod reuelatum
1281 2317 2247 2387 foret eccsie de sortes. quod est damnandus: et tamen adhuc
1277 2368 2240 2443 haec foret contingens: sortes damnabitur: ergo li
1287 2435 2247 2499 ceret sperare de sorte et orare pro eo: ergo secundm
1281 2484 2243 2547 mente Augustinus facta tali reuelatione haec foret
1272 2539 2222 2603 ita vera: sortes damnabitur: sicut haec: diabo
1283 2588 2226 2657 lus damnabitur. Si dicatur quod casu illo posito
1283 2655 2237 2715 iortes non potest iuste orare pro salute sua. Con
1277 2708 2231 2769 tra sortes est viator: ergo tenetur ex praecepto velle
1271 2756 2244 2827 salutem suam. Similiter per casum sortes. est in charitate
1280 2820 2232 2883 etiam post reuelationem: ergo diligit se ad btitu-
1275 2877 2226 2927 dinem. Similitur non potest non velle btitudinem
1277 2926 2229 2986 ergo potest liciteorare ut habeat eam. Similitur
1283 2975 2231 3042 facta tali reuelatione tenetur diligere proxi-
1280 3036 2235 3099 mum: ergo seipsum: alioquin non servaret or-
1277 3092 2229 3168 dinem charitatis: ergo iustae potest orare pro salute
