2550 3300
320 212 1250 283 quam quilibet homo alius: ergo fuisset simpliciter primus
318 275 1269 337 ergo tota illa multitudo habuit simpliciter pri
317 325 1251 384 mum: ergo omnes alii fuissent finiti numero. Confi
328 380 1263 448 matur illa propositio per auctoritatem hilaru
321 443 1261 507 vii de triniate quia silius non est de nihilo: ergo non habet
314 492 1263 547 esse de nouo: ergo secundm eum omnie quod fuit de nihi
323 543 1261 603 lo habet esse de nouo. et huti de sacramen
330 599 1250 659 tis lib. i. c. i Non fuit possibile deo habere crea
326 654 1257 710 turam coeternam. Praes: rea Anselmus monolo. vi
332 708 1264 787 Si quid est ex nihilo per aliquid: necesse est vt illud
328 765 1259 841 per quod est / prius sit. Contra primam qua dicitur
329 828 1265 891 mundum fuisse aeternaliter: est problema neutrum
332 886 1257 942 Et contra secundam sic arguitur. et probatur multi-
329 931 1260 1008 pliciter quod includat contradictionem mundum fuisse
329 989 1274 1058 ab aeterno. Primo sic. Infinito repugnat esse
332 1051 1270 1121 pertransitum: sed si mundus fuisset ab aeterno: mul-
337 1107 1262 1163 titudo infinita fuisset partransita: ouia infiniti
338 1163 1268 1228 homines fuissent mortui. Tunc arguitur sic. quili
338 1220 1265 1275 bet eorum fuit futurus ergo tota multitudo su
345 1268 1256 1331 it futura: et nunc est praeterita: ergo infinita
337 1324 1268 1387 multitudo est partransita. Praeterea. infinito
336 1392 1262 1444 repugnat excedi: sed si mundus fuisset aeternus
335 1438 1256 1499 una multitudo excederet aliam in infinitum. et
335 1499 1274 1562 go etc. Maior probatur: quia omne excessum ab
338 1554 1263 1629 alio est finitum. Minor ostenditur: quia plures
353 1608 1268 1667 fuissent digiti quam homines: et reuolutiones lu
344 1660 1262 1719 ne quam solis etc. Tertio. in omni die potui-
346 1719 1273 1787 set creasse unam animam et conservasse. et sic per consequens
345 1773 1268 1835 iam foret altera multitudo infinita actu . conse-
339 1836 1262 1884 quens impossibile secundum quosdam: immo de fa
345 1891 1263 1949 cto posita aeternitate mundi / infiniti homines
329 2045 1283 2106 hominibus qui fuerunt: quilibet eorum fuit posterior-
332 2100 1269 2162 sole: ergo sol praecessit istam multitudinem: ergo illo
345 2153 1269 2223 priori in quo sol praecessit non fuit aliquis homo. ergo
345 2211 1265 2267 ab aeterno non fuit homo. Quinto. si sic: pars
338 2268 1265 2323 non esset minor suo toto: quia a tota multitu-
338 2320 1266 2379 dine hominim aufero decem: quaero vtrum residur
336 2380 1275 2431 sint finiti an infiniti: Si infiniti: ergo tota
344 2443 1266 2508 multitudo residua non est minor tota multi
347 2487 1270 2563 tudinem hominim ergo tot: cum x non sint plures quam
353 2556 1266 2611 tot sine decem. Praeterea si sic: deus non potst
350 2599 1275 2660 creare plures antas quam fecit: quia da quod sic: tunc
343 2651 1263 2722 possent esse plures animae quam infinitae. Ad pri
344 2713 1267 2784 mamcum dicitur. Infinito repugnat esse partransitum.
342 2771 1276 2836 Dico quod possumus loqui de infinito dupli-
344 2834 1279 2883 citer. vel de infinito secundum quantitatem continuam:
345 2876 1272 2939 sicut de infinita magnitudine: vel secundum mul-
344 2931 1264 2986 titudinem: et hoc dupliter: vel quod sit infinita actu-
357 2989 1272 3052 vel potentia: sicut est multitudo partium pro-
348 3040 1265 3105 portionalium in continuo. Similiter esse partransitum
348 3100 1272 3172 potest dupliter exponti. Uno modo exponitur in su-
1317 222 2256 275 cessivis per esse prio futurum et postea praeteritum:
1323 267 2265 330 sicut dicimus quod dies praeterita est pertransita.
1316 325 2253 395 Alio modo exponitur in permanentibus esse partransitum
1310 388 2252 451 per hoc quod aliquid motum est ab extremo ad extre
1316 437 2244 507 mum alicuius quantitatis. et sic dicimus quod magni
1320 488 2262 560 tudo super quam est factus motus aliquis: est partras
1322 547 2246 603 ita a mobili: cum peruenerit usque ad finem per me
1316 604 2256 660 dium illius Tunc ad propositum cum dicitur infinito re
1323 651 2261 721 pugnat esse pertransitum. Nego istam: si intelligatur
1316 714 2249 771 de quanto infinito: quia nullum tale est: et ideo
1307 771 2256 827 nihil sibi repugnat. Et quando arguitur. si mundu-
1313 820 2265 883 fuisset ab aeterno: multitudo infinita fuisset
1316 880 2269 948 pertransita. Dico quod nullum inconveniens est concede
1322 940 2255 996 re illam propositionem: quia quolibet tempore peartransito / infi
1323 1004 2263 1059 nita multitudo est partransita. et similiter partransita
1317 1052 2262 1115 quacumque magnitudine quantumcumque parua: con-
1322 1107 2259 1171 cedendum est quod infinita multitudo est partransi-
1319 1159 2268 1216 ta: quia omnis magnitudo est vna multitudo in
1316 1214 2256 1274 finita. nam unus numerus seu magnitudo est
1313 1271 2259 1331 unum: duo: tria: et sic in infinitum : capiendo illam
1319 1325 2253 1392 ut est de compulato extremo: et sic concedo quod
1320 1380 2257 1442 infiniti homines fuissent mortui: si mundus fuit
1307 1438 2268 1499 set abaeterno. Et cum dicitur: quilibet illorum fuit fu
1314 1493 2277 1570 turus: demonstratis omnibus praeteritis. Potest dici
1317 1556 2273 1620 quod est falsa: quia est implicativa falsi. implicat
1329 1605 2255 1666 enim quod aliqui fuerunt homines illi: et tunc est negan
1326 1666 2274 1723 da haec scilicet tota multitudo hominim fuit futura:
1325 1717 2259 1778 quia infinita multitudo non est aliquam vna mul-
1329 1772 2256 1835 titudo. Aut potest dici quod tota multitudo
1328 1828 2261 1893 hominim praeteritorum non fuit futura: et ideo non
1322 1890 2258 1952 est modo partransita: proprie loquendo de per-
1326 1941 2275 1995 transito. Similiter quo negat illas consequentias.
1329 2003 2266 2061 a erit: ergo a est futurum a fuit: ergo a est praeter-
1325 2050 2281 2115 itum haberent negare istam: multitudo hominim
1325 2103 2259 2166 est patrttasita: quia ille terminus multitudo sup-
1321 2158 2273 2224 ponit pro mulutudine quae est: ergo illa consequentia
1313 2220 2270 2282 potest negari. quilibet illorum fuit futurus: er-
1322 2261 2274 2332 go multitudo fuit futura: sicut non sequitur.
1323 2324 2273 2387 quilibet illorum est praeteritus: demostratis omni
1319 2380 2258 2435 bus de choris angelorum: ergo haec multitu-
1326 2436 2270 2491 do est praeterita. Nec sequitur: quilibet illorum fuit
1313 2492 2276 2546 futurus ergo omnes isti fuerut futuxi. et licet haec sit
1317 2548 2261 2603 falsa: tota multitudo hominim fuit futura: haec
1315 2603 2277 2659 tamen est vera: infiniti homines fuerunt futuri. et si
1317 2659 2259 2716 in hac propositione infinita multitudo fuit futu
1314 2715 2265 2771 ra: ille terminus infinita possit stare syncathe
1319 2778 2267 2838 goreumaticae: concedo quod est vera: et sic conce
1332 2828 2277 2883 do similiter istam: infinita multitudo est partransita:
1328 2879 2258 2939 ergo omnes ille vnitates sunt pertransitae. sed nego
1322 2932 2256 2997 ergo tota multitudo fuit futura. et similiter hanc to-
1328 2981 2248 3051 ta haec multitudo est praeterita. Contra. qualibit
1331 3044 2241 3131 unitas illius multitudinis est pertransita: erg
1322 3099 2241 3178 omnes ille vnitates sunt porstansite: per tota miti
