2550 3300
331 213 1278 271 tatem anime humane sola fides determi-
345 268 1275 331 nat cum multitudine animarum secundum multitudinem
336 324 1277 379 corporum. Auliter potest dici quod conclusio de infini
342 372 1284 428 to in actu potest concedi. concedendo nunc. et ne-
332 435 1277 495 gando esse in actu idem quod esse rem veram
330 492 1272 539 in hoc mundo: quia in quolibet continuo sunt
336 540 1272 601 infinita in actu distincta situm ab inuicem. quia
332 596 1265 651 volo quod a significet primam partem proportiona
338 650 1275 707 lem alicuius continui: et iii et v et vii et sic in
330 704 1263 763 infinitum secundum numeros impares. et b sit no-
335 762 1265 819 men secunde partis continue proportionalis eius-
326 812 1257 875 dem continui ii iiii vi viii et sic in infinitum secundum
319 869 1262 939 progressionem numeri paris. tunc manitestum
323 930 1265 987 est quod infinita a sunt in isto continuo: et similiter
323 980 1251 1043 infinita b. et quaecumque a distant ab inuicem lo-
327 1036 1254 1098 co et situ: et inter quaecumque a sunt aliqua b
312 1092 1251 1154 media: et inter quaecumque b infinita a. ista tamen
323 1147 1251 1211 omnia constituunt unum continuum. Et ideo apud Ario.
317 1204 1247 1266 iii physicrui vocatur haec multitudo in potentia.
312 1258 1245 1323 quia omnis res quae eist pars alterius / dicitur apuo
323 1324 1247 1387 eum esse in potentia: et sic sol est ens in poten
314 1372 1251 1434 tia: quia pars sui orbis secundum eum. et corpus hominis
305 1433 1254 1483 est quoddam ens in potentia: quia est pars ho-
312 1483 1253 1545 minis. Sed credo quod apud Aristoteles non posset
306 1539 1248 1603 esse multitudo actu infinita. et ideo secundum eum
299 1596 1255 1659 non forent animae infinitae: quamcumque viam tene
308 1652 1251 1712 ret. Ad hoc vitandum ex libris suis non claret
307 1708 1245 1778 nec reditus aliquarum animarum ad corpora aliquam
308 1755 1248 1818 liter videtur probabilis. Ad quartum cum
312 1811 1241 1875 icitur ergo quilibet homo fuit posterior sole . come-
299 1876 1247 1924 cedo: et nego consequentiam. vltra. ergo tota multi-
297 1924 1242 1995 tudo hominim fuit posterior sole. Et iterum ergo
300 1978 948 2043 homines fuerunt posteriores sole.
297 2036 1235 2091 tum cum dicitur tunc pars non esset minor suo to-
284 2092 1227 2147 to. concedo quod est dare partem aequalem toti compo
296 2143 1235 2218 sito: sicut corpus hominis est aequale toti compo-
290 2202 1236 2259 sito. Similiter si materia et forma sunt duae res
293 2260 1236 2324 extense in igne: vtraque pars est aequelis toti con-
288 2316 1239 2371 posito simul sive in quantitate continua sive
298 2368 1240 2435 discreta. Imaginemur quantitatem finitam ex
295 2419 1236 2491 una parte: et infinitam ex alia: concedo quod pars non
293 2481 1240 2539 est minor toto ex parte illa qua totum est infi
296 2539 1238 2594 nitum. verbi gratia. si imaginamur unam li
291 2595 1226 2651 neam ab hoc loco protractam in infinitum versus
299 2643 1235 2705 occidentem: quae sit a. et sit b ista tota linea
290 2700 1230 2764 prater unum pedem versus terminum huius line
305 2756 1230 2816 i. versus orientem: tunc b est pars a manifestum
297 2811 1237 2874 est et tamen b est linea infinita: nec est simplicitur
298 2867 1230 2930 minor a. Eodem modo de multitudine infinita
302 2923 1243 2988 a parte ante / et finita a parte post / potest fieri
308 2978 1230 3034 additio: et istius multitudins a parte ante sunt
311 3021 1242 3091 nfinitae multitudines: quarum quaelibet est fi
300 3083 1234 3163 nita. et tamen sunt multitudines infinitae termi-
1337 211 2271 275 nate ad istum hominem qui modo nascitur: et ideo con
1344 272 2271 328 edo quod subtractis x. residua multitudo est
1327 323 2259 379 infinita: nec est minor multitudo quod composi
1324 378 2265 434 ta ex x. et residuis. sicut si imaginamur unum
1334 431 2262 491 compositum ex verbo dei et humanitate sibi vni
1328 484 2267 547 ta: dico quod illa perfectio composita si foret / non
1323 540 2255 603 foret maior altero composito: quia illud est quo
1322 596 2259 664 maius cogitari non potest. et sic concedo quod
1317 652 2258 714 non omnis pars est minor suo toto. Et licet
1319 707 2253 763 omne totum est maius sua parte: non tamen omne
1314 763 2256 826 totum est maius qualibet sua parte. Ad sex
1317 815 2253 883 tum cum dicitur. si essent animae infinitae: deus
1318 876 2252 932 non posset creare plures animas quam creauit . comn-
1310 938 2246 1003 cedo consequentiam: et concedo de virtute vocis quod deus
1310 987 2261 1050 non posset creare plures res quam creavit. potest
1310 1043 2250 1101 tamen creare alias animas dato quod essent infinitae:
1309 1100 2250 1163 non essent plures res quam est unum continuum: si
1301 1156 2251 1219 tamen continuum sit infinitae partes proportiona-
1304 1208 2249 1275 les. Sextus articulus est an deus posset
1301 1262 2241 1327 facere mundum meliorem quam fecit. In isto arti
1308 1326 2246 1379 culo opiet dicere conformiter secundum fidem: ad minus
1301 1379 2252 1435 enim suppono deum esse infinitae virtutis inten-
1308 1427 2245 1498 sive: et eum libere producere mundum: et mundum
1310 1491 2243 1546 esse finitae bonitatis et perfectionis. Quibus
1307 1539 2252 1603 suppositis dico tria. Primum / quod deus potest
1296 1596 2250 1658 facere mundum alium ab isto: perfectiorem isto: et
1303 1661 2257 1715 eiusdem speciei cum eo: solum numero differentem
1305 1707 2243 1772 ab isto. Secundo / quod potest facere alium perfectio-
1296 1764 2242 1841 rem alterius speciei. Tertio / quod non potest fa
1305 1827 2232 1884 cere optimum quod potest facere: et ideo non potest face
1290 1879 2228 1931 re mundum ita bonum sicut potest facere: ideo solus
1299 1932 2230 1994 deus est qui non potest facere optimum quod potest
1355 1991 2232 2058 Primam conclusionem probo sic. accipiendo
1285 2039 2235 2102 istam conem suppsitionem de dei potentia: quae est
1296 2099 2229 2158 quod deus potest facere quicquid fieri non includit con
1295 2162 2243 2226 tradictionem. Ex quo arguitur sic. Deus potest
1296 2203 2236 2268 facere quicquid non includit contradictionem:
1295 2257 2244 2323 sed unum alium mundum fieri ab isto differentem
1284 2310 2244 2379 solo numero non includit contradictionem: er
1293 2379 2235 2447 go etc. Minor probatur: quia nulla contradictio
1286 2436 2243 2487 est: duo soles sunt. duae lunae sunt. duo mun
1296 2479 2228 2547 di sunt. Posset ergo deus creare alia corpora
1284 2539 2220 2602 celestia eiusdem speciei cum istis: et per consequens sole
1283 2591 2220 2666 numero differrent. Secundo ex eodem sequitur
1301 2660 2231 2715 quod deus potest facere mundum in infinitum me
1293 2716 2232 2772 iorem isto: et tamen qua factus est sit finitae perfectionis
1283 2772 2227 2836 et eiusdem speciei cum eo. Istud patet sic: deus potest
1293 2817 2223 2891 facere sipberas celestes quo essent maiores quam
1287 2870 2222 2947 sint istae: et stellas omnes maioris quantitatis et
1283 2932 2223 2995 elementa proportionabiliter: et tunc diameter illius
1280 2987 2223 3043 mundi esset maior quam istius mundi: sed non est da
1287 3035 2220 3099 re maximam quantitatem quae non possit maiorem fa
1289 3099 2227 3179 cer: ergo in infinitum potest augere mundum. et tamen
