2550 3300
315 204 1266 259 frigidum potest fieri calidum: et obscurum illumino
324 260 1261 315 sum. Et secundum illum modum loquendi possum di-
330 314 1260 379 cere quod ille cecus potest videre: et sutor potest con-
326 364 1268 427 secrare aepos. Tertio. videtur inconvenienter
324 427 1266 491 dictum quod ideo deus posset facere hominem impec
320 482 1259 538 cabilem: quia potest facere unam creaturam alterius
323 535 1272 597 speciei ab homine: quo peccare non potest: quia sequitur: a
314 594 1266 658 non est animal rationale mortale: ergo a non est homo. sit
306 644 1266 707 animal rationale mortale diffinitio convertibilis
314 700 1263 759 cum isto termino homo: ergo non sequitur quod fecisset
318 760 1257 827 hominem impeccabilem: sed vnam creaturam quae fuis-
314 816 1260 883 set vocata homo. Confirmatur: quia hoc nomen homo
318 870 1264 946 est nomen speciei specialissime: et non genus. nec
320 932 1259 994 potest esse nomen generis nisi per noua imposi-
318 980 1256 1042 tionem. Quarto. aut illa creatura foret li
312 1035 1263 1108 bera: aut non. Si non libera: ergo non foret homo
308 1095 1253 1154 rationalis. Si libera: ergo facto sibi praeceptoe
302 1157 1252 1216 posset libere obedire vel transgredi. Consir
308 1198 1256 1266 matur per illud hiero. in quadam homilia de fi
308 1260 1252 1322 lio prodigo. Et ponitur libro ii di xxv. Solus
314 1323 1259 1378 deus est in quem peccatum non cadit: nec cadere potest
320 1379 1263 1446 ceteri cum sint liberi arbitrii: in vtramque partem
320 1428 1264 1502 Niecti possunt. Quinto sic aut talis posset me
309 1484 1251 1546 reri aut non. si non: ergo necessario damnaretur
308 1539 1260 1603 et tamen sine peccato : quod est inconveniens. Si sic:
312 1604 1266 1659 aut per naturam aut per graram. si per naturam
302 1657 1251 1715 sequitur error Pelagii. Si per gratiam: contra gratia non
311 1716 1250 1779 est sibi necessaria: quia non est magis peccabi-
311 1770 1254 1827 lis quam lapis: ergo sine gratia posset vitare peccatum:
302 1821 1251 1882 immo non propriae vitaret: quia vitare est non face
305 1884 1245 1948 re vel non habere quod homo potest facere vel habere-
305 1932 1248 1990 et ita nihil dicitur vitare nisi illud quod facere potest.
308 1987 1248 2051 Et ideo non est secundum mentem Augustinus nec concludit
308 2041 1254 2099 sua ratio: quia non vult dicere Augustinus quod deus posset
307 2092 1238 2154 facere hominem qui foret impeccabilis per na-
311 2156 1240 2212 turam: sed posset fecisse sic hominem / quod eum donis
305 2209 1247 2269 gratuitis et virtutibus sic dotasset: quod sibi ad
313 2259 1250 2323 benen agendum solummodo et non ad peccandum cone
308 2320 1248 2383 gisset: quod numquam posset peccare potentia propin-
318 2379 1254 2442 qua: sicut dicimus quod graue non potest descende-
302 2428 1252 2485 re quando impeditur. Unde verba magistri superius al-
299 2484 1253 2552 legata sunt verba Augustinus ii super DOenni capitulo iii. Nec
312 2547 1251 2611 magister videtur ibi habere intellectum Augustinus vt
307 2595 1257 2667 patet ibidem. Nec plus habetur nisi quod Augustini in prin
311 2652 1254 2715 cipio capituli dicit. Talem inquit tacere hominem
309 2707 1260 2775 potuit: quo nollet omnino peccare. Ecce nos con
312 2763 1241 2827 cedimus meliorem esse naturam quae omnino peccare
311 2822 1246 2881 noluit. Loquitur enim Augustinus contra increpantes deum
305 2882 1243 2944 eo quod hominem permittat tetari et peccare: et quod
309 2931 1253 2987 debuit homines fecisse talem qui nollet omnino pecca
305 2987 1244 3037 re. Ad hos respondet Augustinus quod melior est natu
302 3044 1254 3100 ra quae omnino peccare non vult: quam illa qua peccare
319 3102 1248 3164 vult. Utrum autem posset facere hominem qui
1319 212 2264 267 omnino peccare non posset: non quaerit Augusti-
1315 268 2264 324 nus ibidem de hoc: nec determinatu salua re-
1309 325 2268 391 verentia magistri. Unde nec Onclam habet intentio-
1322 371 2267 427 nem magistri: nec magister intentionem Au-
1320 429 2258 487 gustini. Nec tamen magister intendit quod deus
1316 487 2269 548 posset fecisse hominem impeccabilem per natu
1316 539 2261 603 ram: sed per dona: sicut de natura humana
1316 591 2255 651 in christo patet: et de beatis fiet. Ad argu-
1308 652 2256 715 menta istius opinionis. illud quod conuenit indi
1311 708 2261 779 viduo etc. haec potest negari. Nam isti calorirepu
1313 772 2261 827 gnat compati secum frigus: demonstrato calore
1317 814 2262 883 in summo: et hoc conuenit tamen calori
1317 876 2267 947 remisso. Similiter isti calori magno conuenit age
1311 932 2255 1003 re ad unum miliare: demonstrato vno magno
1316 984 2267 1042 igne: et tamen hoc repugnat multis paruis ca
1317 1035 2269 1115 ioribus. Similiter lignum pedale et bipedale
1320 1097 2275 1163 sunt eiusdem speciei: et tamen ligno dipedali conve
1311 1164 2260 1219 nit componi ex duabus quantitatibus pedalibes:
1308 1211 2264 1267 sed hoc pedali repugunat. Ad quartum du-
1316 1262 2244 1331 bium dicetur alias. Iam restat videre de septimu
1320 1324 2253 1381 articulo. an in propositionibus de futuro in mate
1315 1388 2255 1443 ria contingenti sit determinata veritas in
1317 1437 2247 1507 uno contradictoriorum: et falsitas in relium. Et
1317 1492 2271 1563 videtur sententia Aristoetelis quod non: sicut argueba
1314 1548 2256 1610 tur. Unde videtur quod neutra pars in materia con
1313 1605 2265 1661 tingenti est vera vel falsa. Opinio autem theo
1311 1659 2274 1723 logorum huic est contraria: Credimus enim deum
1311 1716 2265 1779 scire resurrectionem esse futuram et omnim contra
1306 1786 2272 1843 dictoriorum determinate alteram partem: alias
1307 1835 2261 1894 proprhetia esset impossibilis: nec ei oporteret
1302 1894 2256 1960 credere. Similiter: vel est ita a parte rei sicut per
1308 1939 2249 1995 illam denotatur a erit. sit a unum futurum contin-
1305 1996 2247 2064 gens. vel non est ita a parte rei. si non: propositio est
1302 2050 2256 2107 falsa per diffinitionem: quia significat aliter esse
1302 2100 2254 2179 quam est. si sic: ergo propositio est vera. Dico ergo sicut dicitur
1301 2158 2240 2218 ommuniter: quod propositio de futuro necessario est vera
1302 2210 2247 2275 sic tamen quod nunquam potest fuisse vera. et ideo aliter
1302 2272 2259 2331 est vera quod illa quae est de praeterito simplici
1299 2323 2248 2396 ter vel de praresenti: est tamen sic vera / quod nullo
1299 2388 2247 2450 modo ad sui veritatem requirit aliquam de futu
1295 2437 2248 2499 ro esse veram: quia si aliqua talis sit vera: neces
1305 2488 2246 2554 sarium erit postea quod illa fuerit vera. In pro-
1304 2548 2253 2611 positionibus autem de futuro in materia contin-
1305 2609 2241 2667 genti sic estquad vtrumque contradictoriorum potest esse verum
1301 2667 2259 2723 et tamen nec simul nec iuccessive. Praeterea ali
1298 2716 2255 2778 qua propositio est vera et potest esse falsa: et tamen non
1308 2772 2244 2835 potest desinere esse vera: nec incipere esse falsa.
1305 2825 2244 2891 Item aliqua propositio est vera et potest esse falsa: et
1311 2874 2262 2939 tamen non potest mutari a veritate in falsitateme.
1302 2931 2250 2995 Item aliquo propositio fuit vera ab aeterno: et est
1311 2991 2244 3051 vera nunc: et tamen potest fuisse falsa ab aeter
1302 3044 2241 3106 non . tamen si fiat falsa: non aliter se habebit
1302 3092 2252 3171 quam se habuerit ab aeterno: quia si nunc sit falsa.-
