2550 3300
264 212 1200 290 hoc debet sic exponi: cum intentione deordinata
270 289 1200 347 fallendi. Deus autem non potest habere intentionem deor
263 342 1199 403 d natam in aliquo facto suo: et ideo deus non
272 397 1215 460 potest mentiri neque peccare. Nulli tamen dubium quin
279 452 1203 507 deus possit asserere falsum scienter et cum in-
273 508 1203 571 tentione fallendi creaturam: quia non includit contra
278 562 1211 632 dictionem in deo: immo imperfectus esset si non pos-
275 618 1218 677 set intelligere: quia aliquam creatura potest mereri
278 683 1218 748 ut decipiatur a deo. Et credo quod demones me
263 726 1214 804 ruerunt decipi et iuste a deo: ita quod deus mul-
275 789 1218 843 ta facit intentione fallendi eos: et fec intentione
281 837 1208 900 fallendi. Nec video causam quare deus non potest vel
281 891 1212 956 le creaturam decipere per seipsum immediate. Unde di
281 955 1206 1016 cit Augustinum libro lxxxiii qi qpiulo iii quod deus decipit pr
277 1012 1221 1067 malos angelos et per malos homines : et quod deus
278 1061 1221 1122 iussit filiis Israel decipere Egyptios. Ubi al
286 1121 1218 1179 ludit Augustinus historie de rege Achab iii N etg-
281 1180 1223 1245 ci. xxii. Et de spum qui dicit. Egrediar: et ero spus
281 1244 1221 1300 mendax. Et sequitur. Decipies: et prevalebis:
287 1284 1220 1358 egredere. Ubi manifestum est secundum Augutinum quod deus
285 1340 1226 1403 dixit malo angelo vt deciperet regen. Similiter
281 1397 1221 1472 christus voluit nasci de virgine ut decipeet
291 1454 1227 1515 diabolumn: eius nativitatem secundum sectuons occultans
294 1509 1222 1566 Similiter ihebecca et Iacob de singulari consilio
300 1563 1236 1627 spunssancti deceperunt Isaac. Oen. xxvii. Si
293 1616 1235 1675 militer Iudith holofernem. Unde videtur quod de
294 1675 1236 1739 us possit decipere etiam per bonos: ut satis veri-
306 1724 1230 1787 simile est quod frequenter decepit diabolun et ma
293 1788 1230 1856 los homines. Similiter deus praecepit Iosuae quod
300 1847 1233 1907 poneret insidias urbi har quando debuit eam ca
299 1900 1230 1964 pere. similiter dixit Iosuae quod deciperet eos. Similiter
287 1953 1230 2010 nullum inconveniens videtur sequi si dicatur deum
297 2005 1223 2066 dicere falsum: vel promittere se facturum et non
294 2059 1223 2118 facere: sicut homo potest. Quinto dico quod deus
293 2118 1223 2170 est vera notitia simpliciter et accidentalis cuius-
297 2169 1236 2241 libet veri: sive sit exponibilis per propositionem
297 2220 1227 2283 de futuro: de praeterito vel de praesenti. sic tamen
294 2276 1227 2339 scit futura: quod potest nunquam sciuisse ea. Et potest
288 2332 1233 2394 esse notitia aequiualens duobus contradictoriis
290 2388 1236 2450 aliquando successive per mutationem rei: aut sine
297 2443 1221 2506 mutatione rei: sive in contradictoriis de futuro
303 2500 1215 2571 vt patet in septimo articulo. Sexto dico quod
296 2556 1230 2617 omnis notitia creata est limitata ad significan-
300 2613 1224 2676 dum sic esse sicut per eam denotatur: et ideo omnis
290 2669 1233 2726 notitia creata potest esse erro: si sit de obiecto
299 2724 1234 2799 mutabili. et ideo cum in anima beati et in anima christi
297 2772 1234 2843 sint multe notitiae creatae: quae sunt veridice
299 2836 1228 2899 notitiae modo de creaturis: vt quod sol mouetur in
296 2891 1227 2951 celo: et quod luna eclipsabitur in tali tempore. Dico quod
302 2936 1221 3002 ille possunt si deus voluerit fieri errores et
294 2988 1233 3058 falsae opiniones. et sic haec esset vera: beatus
290 3051 1226 3124 decipitur. et haec similiter: deus decipit. per comn
303 3108 1225 3204 municatione idiomatum ista potest concedi: quod
1247 235 2197 298 non includit contradictionem sic fieri: ideo conce
1271 293 2196 355 dendum est quod deus potest sic facere: et ideo solus
1266 341 2207 402 deus est in quem error vel deceptio cadere
1257 394 2223 458 non potest et omnis creatura quantumcumque beata vel.
1262 459 2206 515 nobilis eius notitia potest decipi: nec foret mi-
1257 508 2204 571 nus beata si deciperetur circa creaturas. Nam
1275 566 2199 626 certitudo notitiae creaturarum nihil facit ad
1278 620 2204 691 beatitudinem essentialem: vel saltem cum ignoran-
1259 675 2190 740 tia talium posset esse beata. In nono arti-
1272 739 2197 802 culo primo supponende sunt aliquae regule
1265 783 2199 843 logicales propter quasdam formas: quae regu
1266 842 2187 915 le in arte obligatoria diffusius partractantur
1266 900 2200 971 Et est primo sciendum / quod quando oppionens ponit
1268 961 2200 1023 casum: et quando respondens admittit: respondens
1268 1012 2220 1075 est obligatus ad respondendum secundum casum. et
1281 1076 2221 1139 quandocumque dicitur ab opponente: ponatur quod ita
1282 1125 2205 1195 sit: vel aliquid aequivalens: fit respondenti vna po
1278 1179 2217 1234 sitio quae est species obligationis si admit-
1284 1243 2234 1299 at. Secundo suppono quod omne sequens ex.
1272 1292 2208 1354 posito formaliter concesso est concedendum: et quod
1281 1348 2217 1422 omne repugnans est negandum tamquam imper
1280 1405 2232 1467 tinens. Respondendum est secundum quod constat respoden-
1281 1452 2206 1528 ti de sua qualitate. Tertio suppono ex
1278 1516 2220 1578 eadem arte quod omnis positio aequivalet uni de-
1274 1572 2214 1641 positioni: quia illa aequivalent respondenti. quia si po
1274 1628 2214 1687 nitur quod tu esffiome: tunc deponitur ista tu non
1283 1684 2205 1742 essfome: quia tota responsio sua in propositionibus
1280 1749 2234 1803 concedendis et negandis et dubitandis uni-
1281 1790 2229 1851 formiter se habebit facta sibi ista positione
1272 1852 2227 1915 tu esss ome: et facta depositione istius tu non
1277 1907 2209 1964 es fome. et ideo qui posuit vnum contradictorium
1279 1956 2214 2032 deposuit reliquum: et econtrario. Quarto sup-
1287 2020 2211 2075 pono hanc regulam. posito falso contingenti / non
1284 2075 2220 2131 est inconveniens concedere impossibile per acci-
1281 2118 2214 2185 dens eadem arte. non plus de istis. Ad for-
1281 2180 2211 2247 mas argumentorum principalium in. vii et. viii
1275 2236 2233 2300 principali dicendum est. Ad primum enim dicitur. sit
1273 2292 2232 2354 ita quod deus sciuit istam: a erit. et quod ista fuit.
1278 2334 2232 2412 heri scripta in pariete: et nihil aliud: tunc est.
1281 2401 2232 2467 modo necessarium. scriptum in pariete fuit verum.
1284 2452 2218 2522 et licet sit vira: tamen potuit nunquam fuisse vera. vt di
1281 2508 2219 2578 ctum est in argumento: quia eius veritas requirit
1283 2566 2221 2634 veritatem vnius de futuro: qua potest esse nunc vira:
1283 2616 2228 2679 sicut patet. Et ista responsio fuit data in faciendo:
1280 2683 2224 2754 argumentum. et ad reductionem argumenti: quando
1283 2732 2231 2804 arguitur contra responsionem istam. sit a unum futurum ergo ab
1278 2789 2226 2854 contingens quod deus scit fore: tunc istae sunt simul.
1281 2842 2214 2920 vere: a erit: et a potest non evenire. concedo quod a
1272 2901 2208 2962 erit: et tamen potest non evenire. et bene stant simul.
1278 2948 2216 3027 Et cum dicitur ponatur in esse: a potest non euenire
1281 2999 2221 3083 Dico quod hic fit novua species positionis: quia
1281 3061 2212 3139 opposita eius prius fuit posita: quia si ponatur
1275 3108 2212 3203 ista a erit: et per consequens deponetur sua contradi-
