2550 3300
281 210 1233 282 chriistus potest numquam praedicasse hoc: quia ista propositio
299 264 1224 323 saltem gratia materie / christus praedicauit hoc: con
288 325 1238 382 uertitur cum ista / christus praesciuit hoc: et hoc fu
287 382 1232 428 it verum: et certum est quod haec compulativa est contin-
293 437 1228 501 gens: et ideo illa est contingens. Et secundum hoc dro
287 492 1233 547 postquam christus dixit Petro Ter me negabis
299 541 1248 603 heoc fuit concigens: similiter hoc: christus asseruit hoc Petro
290 586 1230 658 vel assertive dixit hoc Petro: ad istum intellectum.
297 661 1244 715 quod per illud dictum significaret Petrum negaturum
303 713 1239 772 christum. Et eodem modo potest dici quod hoc est contigens:
292 764 1247 833 modo anima christi credit quod dies iudicii erit:
297 812 1242 868 et conuertitur cum ista: anima christi credit quod dies cu
304 876 1239 938 dicii erit: et haec fuit vera / dies iudicum erit.
296 925 1245 980 Unde omnis difficultas istorum argumentorum solue
302 991 1244 1042 retur: si posset solui illud cone argumentum de re
305 1041 1244 1099 uelatione facta Petro de negatione christi. Et
309 1091 1241 1155 de isto dicunt aliqui quod postquam christus asseruit hoc
314 1149 1240 1219 Petro: potuit numquam asseruisse illud ad talem in
308 1210 1244 1276 tellectum. sed hanc opet concedere / quod chrisius praedica
304 1265 1243 1323 uit falsum posito quod hoc sit vira / dries iudicii erit
305 1323 1238 1379 quia posito falso possibili non est inconveniens con-
298 1379 1237 1435 cedere impossibile per accidens: et non est impossibi
308 1428 1235 1491 le nisi per accidens christus praedicauit falsum in a
327 1479 1231 1561 haec aut responsio non susftfcit mihi: ideo contra hoc a
317 1541 1238 1609 guitur sic. assertio christi vocalis qua asseruit
310 1603 1230 1659 diem iudicii fore audientibus discipulis suis
305 1652 1234 1715 sit a. tunc sic arguitur. hoc fuit pro atum a christae
315 1709 1244 1770 in b tempore: demostrato a: hoc fuit prius in b tem
308 1773 1238 1834 pore: ergo falsum in b tepore fuit prolatum et
308 1827 1232 1884 christo. Maior est necessaria per accidens: qui
308 1876 1239 1931 deus prorulit a coram discipulis suis in b tempore: et
308 1940 1247 1996 minor est contingens: ergo conclusio est cotin-
308 1980 1236 2052 gens. Item anima christi asseruit ipsum a prola-
305 2036 1229 2100 tum a se in b tempore: et a prolatum a christo in l
314 2093 1238 2155 tempore est falsum: ergo anima christi asseruit falsum
306 2157 1248 2220 in b tempore. Et vltra: ergo anima christi suit decepta.
306 2203 1239 2258 Maior est necessaria: minor est contingens:
312 2259 1244 2314 ergo conclusio est contingens. Nec est sile si ar-
305 2306 1261 2374 guatur sic a fuit scitum a deo in b tempore: et la
308 2364 1250 2426 fuit falsum in b tempore: ergo falsum fuit scituma
312 2421 1253 2481 deo in b tempore: quia maior est contingens. et licet
309 2476 1242 2547 haec sit vera: tamen potest numquam fuisse vera. Sed
311 2542 1244 2604 non est simile de ista propositione: anima christi asse
311 2588 1250 2656 ruit a quando protulit a in b tempore: quia haec est simpli
312 2652 1246 2709 citer necessaria vel impossibilis. necessaria
308 2700 1247 2762 si est vera: impossibilis si est falsa. sed constat
317 2753 1238 2824 quod est vera: ergo est necessaria. et ideo potest con-
317 2816 1242 2877 cedi quod haec modo est necessaria: anima christ
305 2875 1247 2923 asseruit istam propositionem dies iudicii erit. et non
305 2916 1242 2978 dependet ab aliquo futuro plusque ista Peirus
306 2980 1250 3034 asseruit. et concedendum est quod haec est contingens:
317 3030 1240 3091 anima christi fuit decepta: anima christi credidit
306 3081 1245 3148 falsum: anima christi fuit beata: est conceden-
1293 204 2232 267 dum: sed hoc est modo impossibile. Natura hu
1296 259 2229 323 mana in christo vel anima christi mentiebatur
1297 316 2232 371 quia nihil protulit cum deordinata intentione
1289 367 2238 427 fallendi. Contra. christus voluit discipulos
1293 435 2234 483 credere quando audierunt hoc prolatum a christo: tunc
1290 483 2244 539 sic. hoc voluit christus discipulos suos crede
1286 548 2238 596 re: et hoc est falsum: ergo falsum voluit eos cre
1305 591 2234 651 dere: ergo voluit eos decipere. Maior est ne-
1296 659 2230 723 cessaria: minor est contingens: ergo conclusio
1299 699 2243 775 est contingens. Concedo conclusionem: scilicet quod est
1309 760 2249 835 contingens. sed nunquam erit vera ista: videlicet
1305 819 2240 874 christus voluit quod discipuli sui crederent sibi in
1300 868 2232 939 falsis: alias nimis derogatur potentiae dei: si modo
1305 931 2245 995 non potest facere quod dies iudicii non erit: nec
1302 988 2242 1051 adnihilare unum angelum: et per consequens potest face
1304 1044 2244 1108 re tales propositiones falsas quas ipse protulit
1302 1092 2247 1155 dies iudicii erit: et angelus malus non erit
1298 1148 2241 1220 damnatus. Secundum hoc potest dici ad argumen
1298 1212 2240 1280 tum de negatione Petri / quod toto tempore inter-
1302 1268 2238 1341 medio postquam christus dixit: ter me negabis:
1292 1323 2250 1397 usque ad negationem: quod haec fuit contingens: Pe
1308 1379 2244 1442 rus negabit christum. ergo christus potuit asseru
1301 1428 2241 1499 isse falsum. et in potestate Petri fuit christum asse
1299 1493 2242 1556 ruisse: immo in potestate cuiuslibet alterius quae fuit
1296 1550 2245 1615 cum Petro: quia in tempore medio potuit Petrus fu
1299 1594 2242 1667 isse occisus. et non oportebat quod deus eum statim
1293 1659 2248 1723 resuscitasset. sed non fuit in potestate Petri face
1292 1708 2222 1783 re christum dixisse mendacium. Contra. christ
1296 1765 2229 1823 sciuit quod ipse asseruit falsum: cum intentione
1304 1809 2244 1890 faciendi Petro credere illud. ergo in dicto chri
1290 1871 2244 1939 sti fuit falsa significatio vocis cum intentione
1296 1925 2241 2003 fallendi. Antecedens fuit contingens in medio tempore
1293 1990 2238 2059 ergo consequens. Quod autem antecedens fuit contingens probo
1290 2052 2238 2114 quia haec fuit contingens illo medio tempore: deus
1296 2100 2241 2155 iciuit christum asseruisse falsum cum intentio-
1295 2155 2241 2218 ne faciendi Petrum credere falsum: quia hoc fuit
1291 2212 2250 2278 necessaria illo tempore / deus sciuit christum asseru-
1299 2251 2244 2318 isse haenti cum intentione faciendi Petrum credere. hoc
1305 2316 2241 2386 est / haec fuit contingens: deus sciuit hoc esse fal-
1304 2363 2244 2436 sum. igitur tota ista propoitio fuit contingens illo tem
1301 2428 2242 2491 pore: deus sciuitchristum asseruisse falsum cum
1296 2483 2235 2547 intentione faciendi Petrum credere falsum. er
1302 2539 2227 2616 go haec fuit contingens illo tempore: deus sciuit chri
1289 2594 2230 2666 stum dixisse mendacium. Potest dici quod in christo
1296 2651 2239 2723 est duplex notitia: increata et creata: divina
1295 2695 2243 2771 scilicet et hunana. Ita et duplex est intentio: quaidam
1305 2762 2245 2827 est intentio actus voluntatis. Nam est vna inten
1296 2811 2230 2883 tio quae est voluntas divina. et est vna alia
1295 2865 2223 2939 qua est volitio creata: quae est vna qualitas in ani-
1293 2924 2229 2995 ma christi. Momo videtur quod inter istas notitias
1293 2971 2227 3043 sit talis differentia: quod in notitia creata pos-
1308 3025 2224 3115 sit esse error per mutationem rei cuius est: quia
1293 3090 2236 3171 notitia istius / a erit: seumpr erit notitia istius
