2550 3300
306 188 1254 259 tate immobili multorum contingentium. sicut lo-
308 260 1245 306 quitur Anselmus de immobili necessitate futurorum
315 302 1258 371 dicit enim lib. ii. Cur deus homo c. xvii quod illud
318 364 1266 425 quod deus proponit antequam fuerit: non potuit
312 420 1254 466 non esse futurum. Et alibi dicit. rem futuram ne
320 466 1264 538 cesse est esse futuram. Qualiter autem haec necessi
314 531 1273 588 tas sit intelligenda / declarat de concor capic. ii et
317 584 1268 646 similiter in loco prallegato: dicens quod est duplex
324 635 1259 691 necessitas: praecedens / et subsequens. Necessi
336 691 1259 747 tas praecedens est causa vt res sit. Necessitas sub
323 746 1268 803 sequens est necessitas quam res facit. Uult di
326 803 1271 859 cere quod tales conditionales sunt necessarie. si
324 861 1268 915 aliquid est futurum illud erit. si deus sciuit ali
330 909 1268 973 quid esse futurum illud erit. si Iob prophetauit
333 970 1272 1027 resurrectionem: resurrectio erit. et dicit hoc idem
329 1028 1262 1091 Ioetius sub verbis magis conuenientibus. iiii
327 1079 1268 1139 de consolatione prosa vltima. Duplex est neces-
323 1134 1259 1202 sitas. Una simplex: videlicet omnes homines esse
328 1203 1255 1264 mortales. Secunda conditionalis: ut si alique
336 1250 1269 1308 ambulare scias: eum ambulare necesse est
329 1309 1256 1363 Daec distinctio ponitur ab aliis in ista mate
329 1364 1259 1420 ria sub istis verbis. Quaedam est necessitas con
332 1420 1268 1491 sequentiae: et quaedam necessitas consequentis. Tum ergo di
335 1476 1256 1544 proprhetia habet immobilem veritatem : hoc est neces
344 1532 1275 1586 sitatem: verum est consequentem vel conditionalem vel
329 1596 1274 1651 respectivam: non autem absolutam consequentiae. Et sic concor
341 1643 1269 1698 dant dicto Anselmus ii. cur deus homo c. xviii ubi
330 1700 1275 1757 inquarit an christus potuit voluisse servare vi-
341 1755 1259 1811 tam suam: et dicit quod illud quod deus proposuit anqua
336 1809 1266 1872 fuit: non potuit non esse futurum hoc est dictum / hoc
336 1867 1259 1923 conditionalis est necessaria. si deus proposuit ali
330 1924 1263 1986 quid futurum illud est futurum. Nam de concor capitulo i
326 1972 1263 2044 dicit. Aliquam res ut quadam actio non necessitate
333 2026 1265 2091 futura est: quia priusque sit / fieri potest ut non
323 2084 1266 2146 sit futura. re vro futuram necesse est esse futuram
332 2139 1268 2196 vnde futurum non potest esse futurum simul et non fu-
327 2193 1272 2264 turum et infra. Eras seditio futura in prplioe /
329 2252 1288 2308 non de necessitate erit seditio. potest enim fieri
329 2308 1275 2372 anquam sit ut non fiat. Ecce plane vult dicere quod
337 2352 1266 2418 futurum potest esse non futurum et tamen haec est necessa
329 2397 1277 2475 ria: omne futurum est futurum et quod impossibile est
341 2475 1275 2544 quod aliquid simul sit futurum et non futurum licet sit
345 2527 1278 2597 verum quod aliquid sit futurum et potest non esse futurum
335 2586 1272 2646 et aliquid non est futurum et potest esse futurum im-
338 2636 1268 2699 proprie haec dicuntur. sed si habeatur intellectus
338 2692 1271 2755 in proposito difficultatis: non est cura anlim
343 2748 1270 2829 proprietas sit. Contra. capio illud quodi non
338 2812 1268 2867 est futurum sed potest esse futurum et sit a. et ar-
347 2859 1275 2922 guo sic. a non est futurum et potest esse futurum er
342 2918 1277 2982 go potest incipere esse futurum. ssndeo quod totum
343 2971 1274 3028 argumentum fit in locutionibus impropriis
342 3022 1268 3088 quia nihil est tale: quod non est nec est futurum:
336 3077 1266 3176 potest esse futurum sed intelligo per istam / aliquic
1299 203 2235 264 non est futurum et potest esse futurum quod huiusmoni pro
1304 249 2246 315 positiones in aliqua materia sunt conceden
1310 308 2255 362 de: a non est nec erit: et tamen a potest fore. et
1310 354 2241 420 tunc valet consequentia: a potest incipere esse futurum
1362 412 2244 486 Ad quintum de apsico. i. Corum xv. potest in-
1317 467 2249 531 telligi. si cbristus non habet potetatem sluscitandi
1314 523 2250 579 mortuos: ergo nec christus resurrexit. Unde vult
1307 570 2262 645 probare possibilitatem resurrectionis: et simili-
1314 634 2252 698 ter persuadere veritatem eiusdem quod christus docuit
1313 690 2256 752 hoc esse credendum. Unde est talis consequentia. si mor-
1322 753 2261 803 tui non resurgunst id est si mortui resurgere non
1316 799 2273 863 possunt: ergo nec christus. consequentia est bona: licet antectedens
1316 860 2259 915 sit impossibile: sicut dicit Augustinum libro ii de do-
1315 908 2267 971 ctri. christiana. Ad consequentiam hichec iii sid etig.
1310 972 2261 1025 xxii. Si reuersus fueris in pace etc. conditio-
1313 1035 2251 1091 nalis est vera: antecedens fuit contingens: et consequens similiter
1366 1086 2265 1151 Ad sextum concedo quod haec est contingens: anima
1323 1140 2255 1195 christi fuit beata. hic tamen ille terminus beatus
1323 1188 2252 1251 debet sic exponi: fruitur et semper fruetur deo: sicu-
1313 1252 2253 1313 patet. Ad septimum patet quo deus potest certi
1322 1303 2267 1363 ficare: et quon non: per praedicta in primo articu
1331 1372 2261 1427 o posito de illa materia. Ad glossam illam
1323 1419 2265 1483 quod christus est vritas: qua seipsam negare non potest:
1331 1484 2267 1539 et tamen faceret si dicta sua non impleret. Vult
1326 1531 2271 1594 dicere quod deus impletr promissiones suas ita
1326 1588 2274 1643 certitudinaliter ac si non posset non implere.
1334 1636 2271 1697 Et eodem modo dico ad illud Augutinum xxiiii. Neces-
1331 1693 2265 1752 se est adimpleri omnia etc. hoc est / illa adimple
1329 1748 2265 1811 buntur ac si non posset impediri. Ad octavum
1319 1805 2268 1874 concedo quod angeli sunt confirmati: potest ta-
1317 1867 2260 1923 menita esse quod nunquam fuerunt confirmati
1326 1916 2279 1987 Omnes aliae forme argumentorum possunt
1320 1972 1997 2035 solui per praedicta in articulis.
1521 2027 2091 2099 Sequitur questio tertia.
1626 2102 2251 2211 Ueritur vtrum de
1623 2216 2266 2282 mones libere peccauerunt. Et
1616 2258 2254 2332 ividetur quod non: quia tunc malus an
1614 2311 2263 2394 igelus peccasset volendo aliquid
1320 2363 2274 2443 iniuste. consequentia patet per Anselmus de casu diaboli
1326 2435 2266 2499 cai iiii Nullus iustitiam deserit nisi volendo
1335 2485 2269 2555 quod non debet. sed consequens falsum quia si angelus pec
1320 2549 2263 2618 cavit volendo quod non debuit: quaero utrum illud
1326 2598 2272 2667 quod voluit / apparuit sibi commodum: an non:
1332 2650 2257 2716 Secundum non potest dici: quia secundum Anselmus de casu dia
1329 2700 2252 2777 boli. ca. ii Non potuit velle aliud: nisi quod
1334 2764 2262 2835 aliquo modo apparuit sibi commodum: ergo
1320 2812 2262 2891 illud quod voluit / prius apparviti sibi commo-
1329 2868 2275 2939 dum. et certum est quod non fuit sibi commodum et
1320 2931 2268 2995 ergo error praecessit suum peccatum ergo pena cul-
1329 2981 2262 3055 pam: quia fuit deceptus: et omnis deceptio est pe-
1316 3020 2258 3106 na. Secundo si peccavit: ergo potuit vitasse
1320 3091 2251 3179 peccatum. consequentia patet per Augustinum iii deliero abitio apitulo xviii
