2550 3300
308 211 1251 275 ereationis. Primum patet: quia ante illud in
314 263 1268 333 stans sui peccati deus potuit eum creasse: et in
311 318 1267 387 illo instanti potuit peccasse. vnde primum in
305 373 1263 443 stans suae creationis potuit fuisse ultimum
305 429 1251 499 instans sui peccati: quia deus potuit eum creasse: et
311 478 1263 565 in instanti potuit peccasse. Secundum patet. quia re
299 553 1257 618 cta ratio non est nisi respectu futuri secundum magistrum
299 597 1245 667 li ii distintione xxv. et ideo respectu primi instantia
302 651 1241 714 vel respectu praesentis non est liberum arbitrium et pe
311 701 1248 783 consequens libere causare non potuit actum malum in
309 768 1255 842 primo instanti. Dico tmenquod angelus bene po
306 824 1255 904 tuit habere primo actum voluntatis malum. quia po
312 867 1258 947 sito quod deus creasset angelum: quo stetisset in co
293 941 1255 1019 gnitione alicuius cognoscibilis per tempus sine
300 995 1263 1058 quicumque actu voluntatis: sicut fuisset ho satis
296 1039 1254 1127 deo possibile: tamen post tale iudicium potest ange-
301 1098 1260 1171 lus elicuisse actum malum: et sic primus actus vo
300 1152 1249 1236 luntatis illius fuisset malus: sed quod fuisset pri
304 1220 1252 1290 mus actus in primo instanti sui esse et malus
302 1263 1249 1350 includitur contradictionem. Ad rationes quando quaritur aui
302 1332 1258 1401 est dare primum etc. Dico quod potest concedi quod non est
293 1380 1260 1450 dare primum instans in quo potuit incipere
299 1443 1252 1523 peccare. nec est dare primum instans in quo
294 1502 1254 1580 potuit peccare. et concedenda est haec conclusio
299 1555 1258 1637 quod infinitis temporibus antequam peccavit / potuit
293 1612 1240 1690 peccasse. Sed contra arguo sic. quaero an in primo
296 1671 1243 1747 instanti incepit peccare: an post primum in
298 1713 1242 1795 stans: Si post primum instans : capio illud
297 1770 1240 1852 instans: et inter illud instans et primum tempus
295 1823 1242 1899 fuit tempus medium: tunc in illo tempore non peccavit.
287 1884 1237 1955 Si in primo instanti incepit peccare: tunc non
295 1929 1237 2015 fuit in gratia nisi per instans. Unde non vr quod libe
281 1996 1242 2068 re potuit incipere peccare in primo instanti. hic
281 2059 1231 2138 potest dici concedendo quod est dare primum instans
281 2114 1239 2179 in quo potuit peccare de facto: sive incepit
285 2167 1227 2242 peccare: licet non sit dare primum instans in quo
281 2227 1228 2285 peccare potuisset. et concedo tunc quod in illo tempore
288 2282 1236 2351 medio diabolus bene voluit et meruit: sed quia non
285 2331 1233 2403 perseverauit: ideo non praemiabatur nec praemiabitur: sic
289 2389 1242 2453 ut dicit Anselmus de casu diaboli c.o iii. Et in hoc
280 2444 1239 2515 sile fuit de eo et de homine praescito finaliter: qui ad
282 2500 1246 2571 tempus meretur: sed finaliter confundit totum. Sed ad-
287 2556 1251 2637 huc difficile est videre quo incepit habere pri-
284 2619 1239 2674 mum actum liberum: quia post primum instans veri
284 2667 1236 2729 sile est quod ipse habuit actum cognitionis vel co
284 2732 1244 2786 gnoscendi et volendi. et tunc potest dici quod in pri-
296 2789 1233 2851 mo instanti sui esse incepit elicere primum actu
294 2837 1236 2912 voluntatis respectu dei et sui actus: quia angel-
294 2892 1242 2960 non praecessit eum nisi per instans: et cout ita loquir: non
287 2943 1242 3011 fuit liber: sed naturalis. et ideo per actum illum non
294 3003 1242 3059 meruit nec demeruit: sed isto casu stante co-
291 3059 1240 3131 gnouit se fore liberi arbitrii: et habere praeceptum
297 3120 1233 3202 hrimoni: et tunc post aliquam baeuem moram elicui-
1307 220 2271 308 liberum actum. tunc potest poni quod peccavit: nec
1312 291 2264 354 opaet dicere quod numquam meruit. quia illam dilectionem
1310 349 2274 417 naturalem qua dilexit deum: et se habuit natu
1310 404 2270 467 raliter et non libere: sed causaliter: sed istam deseru
1313 460 2271 523 it. et ideo pardidit iustitiam naturalem. Sed de ista
1319 516 2261 587 voluntate et de illa potestate dicit Anselmus quod vo-
1319 572 2255 632 luit: sed non perseverauit: et ab illa iustitia ceci
1316 625 2252 687 dit: et tunc concedendum est quod fuit necessarium es
1303 683 2252 747 esse in gratia per tempus: sed per nullum tempus necessario
1316 736 2270 795 fuit in grata. Et similiter sicut prius dictum est conce
1310 796 2264 859 dendum est quod infinitis temporibus prius potuit
1307 852 2268 911 peccasse quam peccauit: sed de facto fuit certum
1316 911 2257 979 tempus inter instans creationis et instans lapsus:
1313 959 2254 1030 sicut est instans in quo intelligitur labi. Ad
1313 1017 2249 1083 secundum conceditur quod angelus potuit peccasse in
1302 1072 2253 1147 primo instanti: quia etiam potest dici quod christus non
1301 1129 2258 1195 meruit in primo instanti suae conceptionis: sed ince
1304 1188 2265 1259 pit mereri. Ad tertium dico quam consequentia non valet
1316 1252 2259 1314 quia ad contrahendum peccatum originale nullus actus
1301 1296 2261 1363 liberi arbitrii requiritur. Ad quartum conceditur
1305 1361 2250 1429 quod homo potest peccare in primo instati sui esse / per
1308 1424 2271 1481 casum de creatione animae ante corprus: sed hoc est
1316 1476 2258 1540 per partm scilicet quod homo peccat secundum ipsum quo primo
1311 1531 2273 1589 peccat: sed non potest peccare in primo instanti
1304 1584 2263 1642 sui esse. Ad quintum quando quaeritur / angelus in
1305 1644 2253 1702 primo instanti habuit certam etc. Upparet m
1308 1700 2267 1757 hi dicendum quod non: sed tunc incepit habere dilectio-
1295 1756 2268 1822 nem et cognitionem. Et dicitur creatus in cognitio-
1301 1812 2266 1875 ne: quia in instanti creationis habuit omnia requisi-
1292 1872 2262 1923 ta ad principiandum in se actum cognitionis et
1295 1915 2235 1991 dilectionis. Ad decimum principale quando dicitur quod
1291 1976 2237 2027 angelus nunquam cecidit a iustitia qua habu
1285 2030 2244 2091 it dico vt superius dixi: quod cecidit a iustitia
1286 2083 2229 2145 naturali: licet forte nunquam cecidit a iustitia moe
1280 2141 2246 2195 rali: quae est libere et iuste velle: et concedo quod fu
1286 2199 2244 2258 it debitor illius iustitiae: quia sicut voluit libe
1293 2252 2241 2315 re naturaliter a creatione: ita debuit libere com
1290 2306 2238 2370 tinuasse et pruoluisse: et tunc fuisset confirma
1292 2356 2237 2427 tus cum aliis. Ad undecimum dictum fuit su-
1290 2428 2169 2491 perius. SSequitur questio quarta.
1606 2475 2246 2603 Trum angelo con-
1604 2568 2246 2659 infirmato conueniat deputari
1602 2635 2234 2715 lad custodiendum hominem viato
1582 2695 2232 2771 qui torem: Uidetur quod non: quia si sic
1602 2751 2253 2821 sequeretur quod angelus confirma
1302 2803 2254 2876 tus in beatitudine simul erraret et esset bea
1292 2859 2256 2928 tus. consequens est falsum: quia omnis error repu
1296 2915 2257 2979 gnat beatitudini. Unde Augustinus eneciorum capitulo x Ad
1299 2969 2255 3026 illam beatitudinem tendendum est: ubi nullam pa
1302 3020 2245 3101 tiamur erumnam: nullo errore fallamur. quia
1292 3074 2250 3155 sicut ibi in sequenti cap dicit. In hac vita
1292 3141 2251 3219 nullo modo cavere ertorem possumus perfe-
