2550 3300
324 186 1287 258 ete. Similiter omnis ignorantia est pena vel cul
330 252 1269 313 pato. sicut innuit magiter libro ii dist xxii et iii sentors
324 308 1275 363 ditit xxv. Et Augustinus iii de libero arbitrio capitulo xxix Appro-
324 356 1278 420 bare falsa pro veris ut erret invitus: non est
324 420 1275 475 natura instituti hominis: sed pena damnati. Et
333 469 1272 528 consequenter in eodem ca. Ad miseriam iu
326 523 1280 600 ste damnationis pertinet ignorantia: et diffi
327 580 1281 643 cultas quam patitur omnis homo ab exordio nati
325 638 1269 699 vitatis suae: sed in angelis nulla est poena nec
327 691 1275 771 culpa: igitur nec error. Consequentiam probo
336 748 1271 811 multipliciter. Primo sic. capio angelu bo
326 812 1275 867 num alicuius praesciti ad poenam: et quaero utrum
329 860 1268 923 credit eum esse saluandum: an non credit: Si non:
326 915 1268 983 igitur non vult eum habere gratiam finalem: igitur
333 973 1266 1036 non vult eum iuvare in hoc: nec diligit eum ad
326 1031 1255 1091 vitam aeternam. consequent iste patent: quia aliter beatus
330 1087 1253 1145 vellet aliquid contra dictamen rationis recte.
324 1144 1261 1203 Si dicatur quod credit eum esse saluandum: ha
320 1196 1251 1276 beo propositum quod angelus beatus errat.
344 1255 1266 1315 Secundo sic . capio praescitum ad penam: sed existen
321 1313 1260 1372 tem actualiter in gratia. tunc sic. angelus
324 1380 1260 1434 qui est custos suus: videt eum in gratia. Quae
315 1427 1259 1494 ro igitur utrum istae desiderat quod homo ille aliquando
317 1491 1263 1556 gratiam illam quam habet perdat: an quod nunquam eam par-
321 1541 1257 1612 dat: quia non potest dici rationabiliter quod desiderium
318 1603 1263 1651 angeli sit indifferens: puta salutis vel dam
326 1648 1257 1702 nationis hominis suae custodie deputati. Con-
320 1703 1254 1771 firmatur. quia magis tenetur talis angelus vel
320 1756 1267 1819 le salutem hominis sibi commissi: quam homo platus te-
318 1811 1255 1871 netur velle salutem subditi: sed non sufficit pla
314 1860 1260 1930 to non velle subditum damnari: sed tenetur eum vel
302 1924 1242 1990 le salvari. ergo multo magis angelus ho
302 1988 1245 2051 mini deputatus. Sed si dicatur quod angelus istae
309 2038 1239 2091 desiderat quod talis homo perdat gratam: ergo non
309 2092 1243 2148 vult iuvare eum ad perseverandum in gratia: et tamen
299 2148 1245 2204 ad hoc est isti homini deputatus a deo. Si
302 2196 1254 2259 dicatur quod desiderat quod nunquam perdat grtram
312 2260 1254 2315 ergo desiderat aliter quam erit: sed non desiderat
306 2316 1243 2371 nisi sicut credit deum velle: ergo credidit deum
310 2364 1239 2426 velle quod talis non perdat gratiam: ergo decipitu
309 2432 1248 2492 per casum. quod est propositum. Tertio sub hac
308 2481 1248 2551 forma. homine peccante angelus suus videt quod
297 2542 1248 2604 perdit gratiam quam prius habuit. quaero utrum
308 2591 1245 2655 guadet de hoc quod homo istae perdit gratiam suam:
304 2658 1243 2718 an non: Si sic: ergo gaudet de damno hominis
309 2700 1248 2764 quem custodit: ergo non diligit ipsum esse in cha
310 2764 1255 2827 ritate. Si non gaudit: et scit quod hoc placet
301 2811 1241 2875 deo: quod deus vult eum carere gra: igitur vult
311 2867 1248 2939 deum alquid velle vel operari in mundo de quo
311 2924 1236 2994 non gaudet: igitur non est iustus: et errat
362 2976 1244 3036 Confirmatur. quia ii. Ethicorum dicit philosophuis quod non
320 3034 1254 3096 est iustus / qui non gaudent operationibus iu
306 3086 1234 3164 stis. sed ipse scit quod deus iuste illi pecca: or
1325 204 2265 267 subtrahit gratiam: ergo gaudet de illa sub-
1333 259 2272 329 tractione. Quarto sub hac forma angel-
1328 316 2265 370 bonus scit quod vnus angelus malus deputa
1329 372 2268 428 tus est ad impugnandum hominemquen ipse custo
1329 427 2273 490 dit ex divina voluntate: ergo scit quod volun-
1332 479 2265 539 tas dei est quod ille malus tentet et alliciat ho
1327 532 2273 595 minem ad peccandum. quaero ergo vtrum istae bonus ni
1321 596 2260 652 titur impedire illum malum quando vult hominem
1331 644 2273 714 prim tentare: an non: Si non: male custodit:
1331 701 2265 763 et errat non exequendo officium sibi deputatum
1330 759 2259 819 Si sic: ergo nititur impedire illud quod scit de
1316 815 2271 874 um velle fieri per angelum malum: igitur se non con-
1316 870 2267 924 format perfecte divinae voluntati: et ergo er-
1309 924 2256 987 rat. Quinto sic. aut angelus bonus custo
1320 982 2271 1042 dit hominem quantum potest / scit / et debet: vel non. Si
1310 1043 2273 1109 sic: cum sit sapientior demone tentante et po-
1308 1095 2270 1155 tentior: debet et tenetur hominem praeservare
1313 1148 2256 1227 a peccato: et per consequens vult: ergo sic potest et vult: ergo
1310 1205 2266 1287 demon nunquam praevalet. et sic homo nunquam pec
1310 1267 2266 1323 cat ex tentatione. consequens est falsum. Si non cu-
1311 1315 2265 1379 stodit hominem quantum potest / scit / et debet: ergo errat
1311 1383 2273 1446 negligenter agendo. Sexto. possibile est
1318 1444 2256 1501 quod angelus aliquis custodie hominis deputatus
1317 1488 2261 1560 promittat se facturum aliquid circa eum: quod de-
1311 1556 2270 1613 pendet ex eius libera voluntate. sicut patet
1303 1603 2258 1666 Tomn v. quod angelus promisit Tobie seniori quod
1311 1656 2268 1715 duceret filium suum sanum: et reduceret. hoc autem
1301 1724 2264 1784 erat dependens ex libero arbitrio Tobie: quia
1308 1780 2258 1832 potuisset eum non sequi. Similiter potuit inter
1311 1831 2259 1891 fecisse seipsum. quo posito: angelus dixisset fal-
1305 1879 2253 1939 sum. et per consequens errasset decepitus. et sic possibi-
1307 1939 2245 2004 le esset quod angelus beatus erraret. Septimo
1295 1988 2247 2050 sic. angeli boni volunt opposita: et resistunt im
1306 2047 2247 2107 pedientes se mutuo: sed bonus angelus agit
1307 2098 2256 2163 contrconscinam: ergo vterque iudicat quod illud expedit
1305 2158 2249 2219 fieri qudipse proponit fieri: igitur cum iudicent con-
1304 2194 2253 2274 traria: fiecessario alter eorum errat. totum antecedens
1308 2276 2261 2331 patet de facto panielis x. vbi legimus quod an
1301 2331 2262 2393 gelus venit ad Danielem: et dixit praeces eius
1302 2376 2246 2440 exauditas: et quod citius venisset: sed quod princeps
1320 2441 2244 2499 Persarum restitit ei per viginti vnum dies. Et sub
1302 2492 2255 2547 dit sic Reuertar vt prelier aduersus prin-
1307 2547 2249 2611 cipem Persarum. Et secundum Preg ambo fuerunt
1305 2597 2241 2668 boni angeli tam princepe Persarum quam Praecorum:
1311 2657 2247 2728 ergo angeli boni volunt opposita: et resistunt im
1314 2713 2241 2779 dedietes seiuicem: quod est propositum. Octavo
1314 2769 2244 2835 sic. praecipiat deus agelo quod curet aequaliter de
1311 2828 2237 2891 duobus a et b. et tusic pono quod illi duo aequa
1314 2880 2252 2941 liter se habeauit et indigeant omnino in vna ho
1307 2941 2248 3003 ra: et quod indigentia sit talis quod angelus possit
1301 2997 2259 3064 alterutrum iuvare in illa hora: et quod praeeligat
1308 3054 2255 3115 iuvare a. isto posito angelus talis erravit
1311 3108 2253 3187 probatur: quia praeposuit non praeponendum
