2550 3300
263 172 1226 235 ergo fuit acceptator personarum: ergo errauit
335 232 1214 289 Nono sic probatur. sint duo angeli a et b.
263 291 1224 348 procipiat deus cuilibet alternatim custodire
278 336 1219 395 sortem secundum partes proportionabiles istius diei
275 393 1230 451 ita quod a custodiat in prima medietate: et b in
281 442 1220 507 secunda: et sic alternatim usque ad finem diei: qui sit
269 496 1227 564 c. in quo moriatur sortes. et pono quod sortes in
269 569 1227 619 tendat meritum suum continue donec moriatur.
274 621 1221 675 isto casu posito: quis istorum praesentabit animam
275 670 1216 732 sortis deo cum meritis iuis: Uidetur quod neute-
278 740 1228 794 quia vterque eorum dimisit eum ante c. ergo ad neutrum
272 784 1223 838 eorum pertinet praesentare istam animam christo. An
281 839 1230 899 tecedens patet: quia si alter eorum continue custodi
282 899 1224 955 uit vsque ad finem c. sequitur quod vterque errauit
275 948 1220 1019 contra primum praeceptum. quia si custodiuit continuae ul
278 1006 1221 1080 quem ad c: sit illud tempus d: tunc sic d est tempus: ergo habet
277 1059 1221 1127 partes proportionabiles. ergo isti non alternauert
271 1124 1223 1194 secundum partes proportionabiles ipsius b. et per consequens
268 1172 1229 1235 nec huius dici vsque ad c. quod est contra praece
267 1237 1237 1299 ptum eis datum. igitur neuter istorum custodivit eum
279 1292 1227 1355 usque ad c. Et vltra. ergo vterque dimisit eum
273 1353 1222 1411 ante c. et vltra: ergo sortes fuit dimissus so
272 1403 1215 1474 lus ante. c. ergo vterque errauit. Praeterea neuter
275 1460 1226 1522 eorum nouit summam gratiam quam habuit. ergo
262 1512 1226 1579 neuter istorum nouit suum meritum. ergo neuteri pt
273 1567 1230 1635 sufficienter sua merita praesentare christo. Antecedens
263 1631 1218 1687 patet inductive: quia a non nouit summam gratiam
259 1687 1221 1759 quam habuit sortes: quia post quodlibet tempus in quo
257 1732 1228 1811 a custodivit: sortes profecit ad maiore gertram
272 1803 1224 1857 ergo a non nouit summam gratiam quam sortes
269 1843 1224 1912 habuit. Codem modo potest argui de b. Similiter nul-
270 1905 1219 1971 la fuit summa gratia quam sortes habuit ante
272 1969 1223 2027 c: ergo neuter eorum nouit summam gratiam quam
272 2015 1211 2078 sortes habuit in vita sua. Decimo sub hac
269 2072 1218 2139 forma retento casu priori de sorte per omnia: po
276 2131 1218 2195 non tres malos angelos as scilitet ergo qui alternent
262 2196 1218 2252 pugnationem circa sortem omnino sicut faciunt a
269 2250 1215 2313 et b. isto casu adiecto ad prorem: probo quod nec a
279 2299 1210 2355 nec b bene custodiet: et tamen casus est possibi-
275 2349 1207 2427 lis et rationabilis si deo placuerit. ergo alter eo-
255 2411 1210 2467 rum etrabit. Antecedens probo: quia si vterque eorum bene
256 2467 1176 2522 custodiet: ergo vterque istorum sciet accusare
266 2521 1203 2580 iur. ergo et dicere quis eorum frequentius restitit
269 2584 1198 2635 consequentia patet: quia fatuus custos videretu
260 2641 1213 2699 qui de tribus hostibus nesciret quis frequen
257 2691 1209 2752 tius vel brevius restitit ei. Similiter si neu
267 2748 1206 2818 ter eorum scit quis restitit de his tribus plus
267 2804 1207 2859 aut brevius: ergo circa hoc potest errare. sed
269 2851 1210 2915 falsitas primi consequentis ostenditur: tumn
261 2912 1221 2967 quia quilibet eorum infinities eis restitit: tumn
267 2965 1212 3020 quia si dicitur quod aliquis istorum trium frequentius resti
269 3020 1204 3083 tit ipsi a: sit gratia exempli c. aut ergo in intf
267 3075 1203 3156 nitu resitit frequentius: aut finite tantum. Si
1280 180 2264 250 in infinitum: hoc est irrationabile et contra casum. Si si
1280 251 2249 298 nitae: sit igitur quod frequentius in tribus partibus
1280 292 2256 363 proportionabilibus restitit e quam sfo vel er. ergo etur et
1284 359 2241 419 ergo non bene alternaverunt partes proportiona-
1277 400 2238 479 biles. quod est contra casum. Secundo ad princ
1281 462 2243 531 pale sic. Si angelus confirmatus deputaretur ad
1281 524 2244 587 custodiendum hominem viatorem: sequeretur quod talis
1277 580 2246 642 angelus sciret occultas cogitationes hominis
1280 635 2244 699 et affectiones voluntatis humane occultas:
1286 692 2244 758 et angelus malus similiter. consequentia patet: quia angelus ma
1276 732 2251 812 lus tetat hominem: sed homo per actum volun
1283 804 2233 867 tatis primo vincit eum. probo: quia sola volunta-
1286 850 2234 923 te primo peccatur et recte vivitur secundum Augustinum primo
1281 897 2239 979 retractationum. sed constat bono angelo et malo
1283 959 2253 1036 imiliter quando recte vivitur ab illo quem custodit: quia di
1284 1028 2241 1091 abolus scit se victum: quia tunc cessat tentare: sed vo
1277 1076 2251 1147 luntate occulta primo vincitur: aliter cum tam
1286 1140 2241 1204 meritum quam demeritum consistat in interiori actu
1292 1196 2241 1250 voluntatis: et multa merita et peccata fiant
1290 1247 2250 1331 quae numquam ulterius ad aliquas extrinsecas opera-
1289 1309 2247 1362 tiones vel affectiones transeunt: angelus cu-
1283 1359 2240 1427 stos non sciret tales cogitationes vel affectio
1286 1428 2233 1483 nes occultas: ergo nlagna pars bonitatis
1287 1473 2239 1539 humane eum lateret. Praeterea: cum oro secundum
1279 1534 2249 1595 Augustinum sit ascensus mentis in deum: et hoc non potest
1281 1583 2240 1651 scire nisi sciat cogitationes occultas: ergo tunc
1281 1651 2223 1707 angelus non posset praesentare illam orationem. Prae
1278 1703 2227 1771 terea. non minus est cognoscenda operatio men
1275 1763 2241 1815 tis quam gratia existens in mente: vel aliquis ha
1278 1812 2241 1888 bitus infusus: ergo si angelus custos non possit
1276 1868 2225 1930 videre occultam cogitationem: non poterit sci-
1268 1924 2229 1987 re quando homo est in gratia et quando non : quod videtur incon
1266 1985 2222 2051 veniens: quia tunc nesciret statum hominis quem custo
1265 2033 2229 2098 diret. Praeterea si sic: christus fuisset incarua
1264 2091 2220 2153 tus antequam hoc Gabriel scivisset. quia assensus fu
1269 2140 2227 2211 it in mente beate verginis ante expressionem vocalem
1265 2211 2227 2271 constat. sed ita occultus est assensus sicut cogi
1260 2264 2232 2324 tatio: quia aeque immaterialis est voluntas si
1266 2316 2230 2379 ue intellectus: cum eadem natura sit voluntas et
1266 2370 2232 2443 intellectus: patet ergo quod si angelus debeat deputa
1269 2431 2231 2483 ri ad custodiendum hominem: conveniens est quod sci-
1262 2485 2220 2547 at cogitationes et occultas affectiones hominis
1269 2531 2223 2604 sed hoac consequens est contra sectuons. vnd Augustinum de eccliasticis
1271 2592 2214 2660 dogmatibus capitulo xlx secundum librum nostrm. Inter-
1263 2648 2220 2715 nas animi cogitationes diabolum non videre
1262 2707 2222 2771 certi sumus: motibus eas corporis ab illo et
1266 2765 2220 2827 affectionem indiciis colligi experimento di-
1263 2813 2217 2875 dicimus. Et subdit. Secreta autem cordis ille
1266 2877 2209 2935 nouit solus ad quem dicitur tu solus nosti corda fi
1260 2919 2196 2979 liorum hominim. haec Augustinus Item hiere. xvii. Pra
1263 2978 2207 3042 uvum est cor hominis et inscrutabile. quis cognoscet il-
1260 3027 2200 3109 lud: ego dicens scrutans corda et probans renes:
1257 3084 2200 3171 qui do unicuique secundum suam viam. Dlorim patet: quia
