<?xml version="1.0" encoding="UTF-8" standalone="yes"?>
<PcGts xmlns="http://schema.primaresearch.org/PAGE/gts/pagecontent/2013-07-15" xmlns:xsi="http://www.w3.org/2001/XMLSchema-instance" xsi:schemaLocation="http://schema.primaresearch.org/PAGE/gts/pagecontent/2013-07-15 http://schema.primaresearch.org/PAGE/gts/pagecontent/2013-07-15/pagecontent.xsd">
    <Metadata>
        <Creator>prov=University of Rostock/Institute of Mathematics/CITlab|PLANET AI GmbH/Gundram Leifert/gundram.leifert@planet-ai.de:name=holcot-sent-m4(htr_id=20243)::::v=2.6.0
prov=University of Rostock/Institute of Mathematics/CITlab|PLANET AI GmbH/Tobias Gruening/tobias.gruening@planet-ai.de:name=de.uros.citlab.module.baseline2polygon.B2PSeamMultiOriented:v=2.6.0
prov=University of Rostock/Institute of Mathematics/CITlab/Tobias Gruening/tobias.gruening@uni-rostock.de:name=/net_tf/LA73_249_0mod360.pb:de.uros.citlab.segmentation.CITlab_LA_ML:v=?0.1
TRP</Creator>
        <Created>2019-01-18T05:12:40.823-05:00</Created>
        <LastChange>2020-01-13T20:05:53.937+01:00</LastChange>
        <TranskribusMetadata docId="116573" pageId="4332855" pageNr="156" tsid="22295060" status="IN_PROGRESS" userId="25065" imgUrl="https://files.transkribus.eu/Get?id=VRCXQLKDNIWZODDZMHSJCGNZ&amp;fileType=view" xmlUrl="https://files.transkribus.eu/Get?id=HDTUWIFZOZGDAYDWDPCZIUJE" imageId="2465396"/>
    </Metadata>
    <Page imageFilename="156.jpg" imageWidth="2550" imageHeight="3300">
        <ReadingOrder>
            <OrderedGroup id="ro_1579017376162" caption="Regions reading order">
                <RegionRefIndexed index="0" regionRef="r2"/>
                <RegionRefIndexed index="1" regionRef="TextRegion_1578934575874_128"/>
            </OrderedGroup>
        </ReadingOrder>
        <TextRegion orientation="0.0" id="r2" custom="readingOrder {index:0;}">
            <Coords points="289,199 296,3169 1253,3169 1246,199"/>
            <TextLine id="r2l2" custom="readingOrder {index:0;}">
                <Coords points="294,267 1251,267 1251,212 294,212"/>
                <Baseline points="300,257 347,257 394,258 441,258 489,258 536,260 583,260 630,260 678,260 725,260 772,260 819,260 867,260 914,260 961,260 1008,260 1056,258 1103,258 1150,257 1197,257 1245,255"/>
                <TextEquiv>
                    <Unicode>dum. Et si hoc ponatur: tunc opet concedere quod de </Unicode>
                </TextEquiv>
            </TextLine>
            <TextLine id="r2l3" custom="readingOrder {index:1;}">
                <Coords points="294,322 1242,323 1242,268 294,276"/>
                <Baseline points="300,311 346,311 393,312 440,312 487,313 534,314 580,314 627,314 674,314 721,314 768,314 814,314 861,314 908,314 955,314 1002,312 1048,312 1095,312 1142,312 1189,312 1236,311"/>
                <TextEquiv>
                    <Unicode>us sit causa obdurationis vere immutando et </Unicode>
                </TextEquiv>
            </TextLine>
            <TextLine id="r2l4" custom="readingOrder {index:2;}">
                <Coords points="297,371 1100,388 1235,371 1235,331 297,332"/>
                <Baseline points="303,363 349,365 395,366 442,366 488,366 534,368 581,368 627,368 673,368 720,368 766,368 812,368 859,368 905,368 951,368 998,368 1044,368 1090,368 1137,367 1183,366 1230,366"/>
                <TextEquiv>
                    <Unicode>causando eam in malis. consequens falsum quia si sic: </Unicode>
                </TextEquiv>
            </TextLine>
            <TextLine id="r2l5" custom="readingOrder {index:3;}">
                <Coords points="290,427 1238,427 1238,379 1182,375 290,372"/>
                <Baseline points="296,417 342,418 389,419 436,420 483,421 530,422 576,422 623,423 670,423 717,423 764,423 810,423 857,423 904,423 951,422 998,422 1044,422 1091,422 1138,421 1185,420 1232,420"/>
                <TextEquiv>
                    <Unicode>deus foret per se causa quare creatura foret de</Unicode>
                </TextEquiv>
            </TextLine>
            <TextLine id="r2l6" custom="readingOrder {index:4;}">
                <Coords points="296,483 1108,495 1248,483 1248,427 1023,453 979,427 520,428 468,456 296,430"/>
                <Baseline points="302,474 349,474 396,474 443,476 490,476 537,476 584,476 631,477 678,477 725,477 772,477 819,477 866,479 913,479 960,479 1007,479 1054,477 1101,477 1148,477 1195,477 1242,476"/>
                <TextEquiv>
                    <Unicode>terior. Contra Augustinum libro lxxxiii dia qui iii Si </Unicode>
                </TextEquiv>
            </TextLine>
            <TextLine id="r2l7" custom="readingOrder {index:5;}">
                <Coords points="296,538 1239,539 1239,492 1167,483 296,485"/>
                <Baseline points="302,531 348,531 395,531 441,531 488,531 534,531 581,531 627,531 674,532 720,533 767,533 814,533 860,533 907,534 953,534 1000,534 1046,534 1093,534 1139,534 1186,534 1233,533"/>
                <TextEquiv>
                    <Unicode>sic angeli boni ministrantes bonis hominbus </Unicode>
                </TextEquiv>
            </TextLine>
            <TextLine id="r2l8" custom="readingOrder {index:6;}">
                <Coords points="290,601 1238,595 1238,547 290,541"/>
                <Baseline points="296,590 342,588 389,588 436,588 483,588 530,588 576,588 623,588 670,588 717,588 764,590 810,590 857,590 904,590 951,590 998,590 1044,590 1091,590 1138,588 1185,588 1232,587"/>
                <TextEquiv>
                    <Unicode>continuae mererentur: et angeli mali demere-</Unicode>
                </TextEquiv>
            </TextLine>
            <TextLine id="r2l9" custom="readingOrder {index:7;}">
                <Coords points="294,652 1135,659 1244,651 1244,596 294,604"/>
                <Baseline points="300,641 346,642 393,642 440,642 487,644 534,644 581,644 628,644 675,644 722,644 769,644 815,644 862,644 909,644 956,644 1003,644 1050,644 1097,644 1144,644 1191,645 1238,645"/>
                <TextEquiv>
                    <Unicode>rentur: ergo nec isti sunt confirmati in beatitudi</Unicode>
                </TextEquiv>
            </TextLine>
            <TextLine id="r2l10" custom="readingOrder {index:8;}">
                <Coords points="299,707 1245,706 1245,660 1208,652 1005,653 972,683 928,653 300,659"/>
                <Baseline points="305,699 351,699 398,698 445,698 491,698 538,699 585,699 631,699 678,699 725,699 772,699 818,699 865,701 912,701 958,701 1005,701 1052,701 1098,701 1145,701 1192,699 1239,699"/>
                <TextEquiv>
                    <Unicode>ne: nec illi obstinati in miseria. Antecedens probo</Unicode>
                </TextEquiv>
            </TextLine>
            <TextLine id="r2l11" custom="readingOrder {index:9;}">
                <Coords points="302,770 1213,772 1223,708 919,733 825,708 302,716"/>
                <Baseline points="308,753 353,753 398,755 444,755 489,755 535,755 580,756 626,756 671,756 717,756 762,756 807,756 853,756 898,756 944,756 989,756 1035,756 1080,755 1126,755 1171,753 1217,753"/>
                <TextEquiv>
                    <Unicode>per dictum magistri ii sententia distintione ii capit.lo ii ubi dicitquo </Unicode>
                </TextEquiv>
            </TextLine>
            <TextLine id="r2l12" custom="readingOrder {index:10;}">
                <Coords points="302,817 1239,819 1239,768 1174,764 302,770"/>
                <Baseline points="308,810 354,810 400,810 446,810 493,810 539,810 585,810 631,810 678,810 724,810 770,810 816,810 863,810 909,812 955,812 1001,812 1048,810 1094,810 1140,810 1186,810 1233,809"/>
                <TextEquiv>
                    <Unicode>utrique habent liberum arbitrium: quia boni non ali</Unicode>
                </TextEquiv>
            </TextLine>
            <TextLine id="r2l13" custom="readingOrder {index:11;}">
                <Coords points="302,874 1245,874 1245,829 1188,816 302,828"/>
                <Baseline points="308,867 354,867 401,867 447,866 494,866 540,867 587,867 633,867 680,867 726,867 773,867 820,867 866,867 913,867 959,867 1006,867 1052,867 1099,867 1145,867 1192,866 1239,866"/>
                <TextEquiv>
                    <Unicode>qua cogente necessitate: sed propria ac spotesta </Unicode>
                </TextEquiv>
            </TextLine>
            <TextLine id="r2l14" custom="readingOrder {index:12;}">
                <Coords points="303,932 1239,931 1239,884 1199,875 303,875"/>
                <Baseline points="309,920 355,921 401,921 447,923 493,923 540,923 586,924 632,924 678,924 724,926 771,926 817,926 863,926 909,926 955,924 1002,924 1048,924 1094,924 1140,923 1186,923 1233,921"/>
                <TextEquiv>
                    <Unicode>nea voluntate / per gra quidem adiuti ad vitam bo</Unicode>
                </TextEquiv>
            </TextLine>
            <TextLine id="r2l15" custom="readingOrder {index:13;}">
                <Coords points="296,986 1245,986 1225,932 296,940"/>
                <Baseline points="302,977 348,978 395,978 442,978 489,980 536,980 583,980 629,980 676,980 723,980 770,980 817,980 864,980 911,978 957,978 1004,978 1051,978 1098,978 1145,978 1192,978 1239,978"/>
                <TextEquiv>
                    <Unicode>num eligunt: et malu respuunt. Et mali similiter spsitio-</Unicode>
                </TextEquiv>
            </TextLine>
            <TextLine id="r2l16" custom="readingOrder {index:14;}">
                <Coords points="306,1043 1247,1043 1247,996 1201,987 306,989"/>
                <Baseline points="312,1032 358,1034 404,1034 451,1035 497,1035 544,1035 590,1035 637,1035 683,1035 730,1035 776,1035 822,1035 869,1035 915,1035 962,1035 1008,1035 1055,1034 1101,1034 1148,1034 1194,1034 1241,1035"/>
                <TextEquiv>
                    <Unicode>tanea voluntate a gratia destituti bonum vitant: </Unicode>
                </TextEquiv>
            </TextLine>
            <TextLine id="r2l17" custom="readingOrder {index:15;}">
                <Coords points="306,1099 1239,1100 1227,1043 307,1052"/>
                <Baseline points="312,1088 358,1089 404,1089 450,1091 496,1091 542,1091 588,1092 634,1092 680,1092 726,1092 772,1092 818,1092 864,1094 910,1094 956,1092 1002,1092 1048,1092 1094,1092 1140,1092 1186,1092 1232,1092"/>
                <TextEquiv>
                    <Unicode>et malum sequuntur. Sed quicumque secundum rectam ratio-</Unicode>
                </TextEquiv>
            </TextLine>
            <TextLine id="r2l18" custom="readingOrder {index:16;}">
                <Coords points="299,1155 1212,1163 1240,1155 1241,1107 299,1108"/>
                <Baseline points="305,1145 351,1145 398,1145 444,1145 491,1145 537,1145 584,1146 630,1146 677,1146 723,1146 770,1146 816,1148 863,1148 909,1148 956,1148 1002,1148 1049,1148 1095,1146 1142,1146 1188,1146 1235,1145"/>
                <TextEquiv>
                    <Unicode>nem spontanee et libere eligit ponum: et dimit-</Unicode>
                </TextEquiv>
            </TextLine>
            <TextLine id="r2l19" custom="readingOrder {index:17;}">
                <Coords points="297,1211 1214,1215 1239,1168 297,1158"/>
                <Baseline points="303,1199 349,1200 396,1200 442,1202 489,1202 535,1203 582,1203 628,1204 675,1205 721,1205 768,1205 814,1205 861,1205 907,1205 954,1205 1000,1205 1047,1205 1093,1205 1140,1203 1186,1203 1233,1202"/>
                <TextEquiv>
                    <Unicode>tit malum: virtuose operatur: et per consequens meretur lau</Unicode>
                </TextEquiv>
            </TextLine>
            <TextLine id="r2l20" custom="readingOrder {index:18;}">
                <Coords points="303,1266 867,1287 1236,1266 1236,1212 304,1219"/>
                <Baseline points="309,1256 355,1256 401,1257 447,1257 493,1257 539,1257 585,1259 631,1259 677,1259 723,1260 769,1260 815,1260 861,1260 907,1260 953,1260 999,1260 1045,1260 1091,1260 1137,1260 1183,1259 1230,1259"/>
                <TextEquiv>
                    <Unicode>dari. et si sit in gratia: meretur praemiari: quia non pl-</Unicode>
                </TextEquiv>
            </TextLine>
            <TextLine id="r2l21" custom="readingOrder {index:19;}">
                <Coords points="309,1323 1251,1322 1251,1268 310,1269"/>
                <Baseline points="315,1311 361,1313 408,1313 454,1313 501,1314 547,1314 594,1316 640,1316 687,1316 733,1317 780,1317 826,1317 873,1317 919,1317 966,1317 1012,1317 1059,1317 1105,1317 1152,1316 1198,1315 1245,1314"/>
                <TextEquiv>
                    <Unicode>requiritur ad meritum nisi gratia et liberum arbitri</Unicode>
                </TextEquiv>
            </TextLine>
            <TextLine id="r2l22" custom="readingOrder {index:20;}">
                <Coords points="308,1379 1247,1379 1255,1324 308,1324"/>
                <Baseline points="314,1368 360,1370 407,1370 454,1370 500,1370 547,1371 594,1371 640,1371 687,1371 734,1373 781,1373 827,1373 874,1373 921,1373 967,1373 1014,1374 1061,1374 1107,1374 1154,1373 1201,1373 1248,1373"/>
                <TextEquiv>
                    <Unicode>um: ergo boni merentur: et mali eadem ratione</Unicode>
                </TextEquiv>
            </TextLine>
            <TextLine id="r2l23" custom="readingOrder {index:21;}">
                <Coords points="321,1429 1245,1442 1245,1388 1135,1369 997,1399 627,1371 581,1417 519,1370 322,1380"/>
                <Baseline points="327,1421 372,1422 418,1424 463,1425 509,1426 555,1427 600,1428 646,1428 691,1428 737,1430 783,1430 828,1430 874,1430 919,1430 965,1431 1011,1431 1056,1431 1102,1430 1147,1430 1193,1430 1239,1430"/>
                <TextEquiv>
                    <Unicode>demerentur. Tertio quaero sic / an mali sciant</Unicode>
                </TextEquiv>
            </TextLine>
            <TextLine id="r2l24" custom="readingOrder {index:22;}">
                <Coords points="300,1490 1251,1490 1251,1444 1213,1436 300,1441"/>
                <Baseline points="306,1481 355,1481 404,1481 454,1482 503,1482 553,1482 602,1484 651,1484 701,1485 750,1485 800,1487 849,1487 899,1487 948,1487 997,1487 1047,1487 1096,1487 1146,1487 1195,1485 1245,1484"/>
                <TextEquiv>
                    <Unicode>se errare in hoc quod alliciunt homines ad pecca-</Unicode>
                </TextEquiv>
            </TextLine>
            <TextLine id="r2l25" custom="readingOrder {index:23;}">
                <Coords points="300,1546 1240,1546 1240,1493 301,1501"/>
                <Baseline points="306,1539 352,1538 398,1538 445,1538 491,1538 537,1538 584,1538 630,1538 676,1539 723,1539 769,1541 815,1541 862,1542 908,1542 954,1544 1001,1544 1047,1544 1093,1544 1140,1544 1186,1544 1233,1542"/>
                <TextEquiv>
                    <Unicode>dum an non: Non verisile est quod non. quia per loga</Unicode>
                </TextEquiv>
            </TextLine>
            <TextLine id="r2l26" custom="readingOrder {index:24;}">
                <Coords points="300,1599 1244,1603 1244,1549 300,1557"/>
                <Baseline points="306,1592 352,1592 399,1592 445,1592 492,1592 539,1592 585,1592 632,1593 678,1593 725,1594 772,1595 818,1595 865,1596 911,1596 958,1596 1005,1598 1051,1598 1098,1598 1144,1598 1191,1596 1238,1596"/>
                <TextEquiv>
                    <Unicode>experientiam bene possunt aduertere quod ex mul</Unicode>
                </TextEquiv>
            </TextLine>
            <TextLine id="r2l27" custom="readingOrder {index:25;}">
                <Coords points="309,1661 1248,1659 1248,1612 1143,1604 309,1603"/>
                <Baseline points="315,1646 361,1646 407,1646 454,1646 500,1647 546,1647 593,1647 639,1649 685,1649 732,1650 778,1650 824,1651 871,1652 917,1652 963,1653 1010,1653 1056,1653 1102,1653 1149,1653 1195,1652 1242,1652"/>
                <TextEquiv>
                    <Unicode>titudine damnatorum augetur miseria. Si sic: er</Unicode>
                </TextEquiv>
            </TextLine>
            <TextLine id="r2l28" custom="readingOrder {index:26;}">
                <Coords points="305,1717 1169,1725 1241,1714 1242,1668 306,1667"/>
                <Baseline points="311,1703 357,1703 403,1702 449,1701 495,1701 542,1702 588,1703 634,1703 680,1704 726,1704 773,1706 819,1706 865,1706 911,1707 957,1707 1004,1707 1050,1709 1096,1709 1142,1707 1188,1707 1235,1706"/>
                <TextEquiv>
                    <Unicode>go non possunt velle quod homines finaliter pec</Unicode>
                </TextEquiv>
            </TextLine>
            <TextLine id="r2l29" custom="readingOrder {index:27;}">
                <Coords points="308,1762 1251,1769 1251,1716 308,1718"/>
                <Baseline points="314,1755 360,1755 407,1755 453,1757 500,1757 546,1758 593,1758 639,1759 686,1760 732,1761 779,1761 826,1761 872,1763 919,1763 965,1763 1012,1763 1058,1764 1105,1764 1151,1764 1198,1763 1245,1763"/>
                <TextEquiv>
                    <Unicode>cent. Probo consequentiam: quia tunc possent sponte et </Unicode>
                </TextEquiv>
            </TextLine>
            <TextLine id="r2l30" custom="readingOrder {index:28;}">
                <Coords points="312,1819 1240,1828 1248,1768 313,1763"/>
                <Baseline points="318,1808 364,1808 410,1809 456,1810 502,1811 548,1812 594,1812 641,1812 687,1814 733,1814 779,1814 825,1815 871,1815 917,1815 964,1817 1010,1817 1056,1817 1102,1817 1148,1817 1194,1818 1241,1818"/>
                <TextEquiv>
                    <Unicode>scienter velle illud vnde miseri essent. vel saltem </Unicode>
                </TextEquiv>
            </TextLine>
            <TextLine id="r2l31" custom="readingOrder {index:29;}">
                <Coords points="306,1875 1236,1874 1236,1836 1094,1819 307,1829"/>
                <Baseline points="312,1863 357,1864 403,1865 449,1865 495,1866 541,1866 587,1868 633,1868 679,1869 725,1869 771,1869 816,1871 862,1871 908,1871 954,1872 1000,1872 1046,1872 1092,1872 1138,1872 1184,1872 1230,1872"/>
                <TextEquiv>
                    <Unicode>velle illud vnde eorum miseria intenderetur</Unicode>
                </TextEquiv>
            </TextLine>
            <TextLine id="r2l32" custom="readingOrder {index:30;}">
                <Coords points="306,1931 1242,1937 1233,1873 1176,1899 306,1875"/>
                <Baseline points="312,1919 358,1919 404,1920 450,1920 496,1922 543,1922 589,1923 635,1923 681,1924 727,1925 774,1925 820,1926 866,1926 912,1926 958,1928 1005,1928 1051,1928 1097,1929 1143,1929 1189,1929 1236,1929"/>
                <TextEquiv>
                    <Unicode>Contra Anselmum de casu diaboli libro iii capitulo xii</Unicode>
                </TextEquiv>
            </TextLine>
            <TextLine id="r2l33" custom="readingOrder {index:31;}">
                <Coords points="354,1986 1191,2008 1253,1986 1241,1940 354,1938"/>
                <Baseline points="360,1976 404,1977 448,1977 493,1977 537,1978 581,1979 626,1979 670,1980 714,1980 759,1980 803,1982 847,1982 892,1982 936,1982 980,1983 1025,1983 1069,1983 1113,1983 1158,1983 1202,1983 1247,1983"/>
                <TextEquiv>
                    <Unicode>Quarto sic. angeli boni possunt peccare: igi-</Unicode>
                </TextEquiv>
            </TextLine>
            <TextLine id="r2l34" custom="readingOrder {index:32;}">
                <Coords points="309,2043 1036,2059 1238,2048 1239,2002 309,1987"/>
                <Baseline points="315,2030 360,2031 406,2031 452,2031 498,2031 544,2033 590,2033 636,2034 682,2034 728,2036 774,2036 819,2037 865,2039 911,2039 957,2039 1003,2040 1049,2040 1095,2040 1141,2040 1187,2040 1233,2039"/>
                <TextEquiv>
                    <Unicode>tur non sunt in gratia confirmati. consequentia patet. et ans </Unicode>
                </TextEquiv>
            </TextLine>
            <TextLine id="r2l35" custom="readingOrder {index:33;}">
                <Coords points="308,2104 1247,2107 1255,2045 308,2052"/>
                <Baseline points="314,2087 360,2088 407,2088 454,2088 500,2088 547,2090 594,2090 640,2090 687,2091 734,2091 781,2091 827,2091 874,2093 921,2093 967,2093 1014,2093 1061,2093 1107,2094 1154,2094 1201,2094 1248,2094"/>
                <TextEquiv>
                    <Unicode>probatur. quia constat eos bene facere: vel ergo bene</Unicode>
                </TextEquiv>
            </TextLine>
            <TextLine id="r2l36" custom="readingOrder {index:34;}">
                <Coords points="305,2147 1245,2162 1245,2108 1188,2099 306,2103"/>
                <Baseline points="312,2139 358,2139 404,2139 451,2141 497,2141 543,2142 590,2142 636,2144 682,2144 729,2145 775,2145 821,2147 868,2147 914,2147 960,2148 1007,2148 1053,2148 1099,2148 1146,2148 1192,2148 1239,2148"/>
                <TextEquiv>
                    <Unicode>taciunt de necessitate vel spontanea volunta</Unicode>
                </TextEquiv>
            </TextLine>
            <TextLine id="r2l37" custom="readingOrder {index:35;}">
                <Coords points="309,2202 1245,2210 1238,2164 310,2155"/>
                <Baseline points="315,2195 361,2195 407,2195 453,2196 499,2196 546,2196 592,2198 638,2198 684,2199 730,2199 777,2201 823,2201 869,2202 915,2202 961,2203 1008,2204 1054,2204 1100,2204 1146,2204 1192,2204 1239,2204"/>
                <TextEquiv>
                    <Unicode>te. Primum non: sicut superius patuit per magistrum </Unicode>
                </TextEquiv>
            </TextLine>
            <TextLine id="r2l38" custom="readingOrder {index:36;}">
                <Coords points="309,2259 1204,2278 1247,2267 1248,2212 310,2205"/>
                <Baseline points="315,2249 361,2250 407,2250 453,2251 500,2252 546,2252 592,2253 639,2253 685,2253 731,2254 778,2255 824,2255 870,2255 916,2256 963,2256 1009,2256 1055,2257 1102,2258 1148,2258 1194,2258 1241,2258"/>
                <TextEquiv>
                    <Unicode>Et similiter sequitur. faciunt de necessitate: ergo non </Unicode>
                </TextEquiv>
            </TextLine>
            <TextLine id="r2l39" custom="readingOrder {index:37;}">
                <Coords points="306,2317 1245,2322 1226,2262 307,2261"/>
                <Baseline points="312,2304 358,2304 404,2306 451,2306 497,2306 543,2306 590,2307 636,2307 682,2309 729,2309 775,2310 821,2310 868,2311 914,2312 960,2312 1007,2312 1053,2313 1099,2313 1146,2313 1192,2313 1239,2312"/>
                <TextEquiv>
                    <Unicode>sunt magis laudabiles dicendi de hoc quod fa</Unicode>
                </TextEquiv>
            </TextLine>
            <TextLine id="r2l40" custom="readingOrder {index:38;}">
                <Coords points="306,2370 1254,2370 1254,2325 306,2325"/>
                <Baseline points="312,2360 358,2360 405,2361 452,2361 499,2363 546,2363 592,2364 639,2364 686,2366 733,2366 780,2367 826,2367 873,2367 920,2367 967,2369 1014,2369 1060,2368 1107,2367 1154,2367 1201,2367 1248,2366"/>
                <TextEquiv>
                    <Unicode>eiut et seruant iustitiam: quam de eo quod sunt rtiona-</Unicode>
                </TextEquiv>
            </TextLine>
            <TextLine id="r2l41" custom="readingOrder {index:39;}">
                <Coords points="303,2427 1245,2432 1245,2380 924,2372 814,2404 761,2374 303,2371"/>
                <Baseline points="309,2417 355,2417 402,2418 448,2418 495,2418 541,2420 588,2420 634,2421 681,2421 727,2423 774,2423 820,2424 867,2424 913,2426 960,2426 1006,2426 1053,2426 1099,2426 1146,2426 1192,2426 1239,2426"/>
                <TextEquiv>
                    <Unicode>les: sicut arguit Anselmum quod ante confirmationem </Unicode>
                </TextEquiv>
            </TextLine>
            <TextLine id="r2l42" custom="readingOrder {index:40;}">
                <Coords points="299,2491 1251,2485 1251,2443 1206,2435 299,2436"/>
                <Baseline points="305,2477 352,2475 399,2475 446,2474 493,2474 540,2475 587,2475 634,2475 681,2477 728,2477 775,2478 822,2478 869,2480 916,2480 963,2480 1010,2481 1057,2481 1104,2480 1151,2480 1198,2478 1245,2478"/>
                <TextEquiv>
                    <Unicode>potuerunt peccare de casu dia capitulo v Si di-</Unicode>
                </TextEquiv>
            </TextLine>
            <TextLine id="r2l43" custom="readingOrder {index:41;}">
                <Coords points="311,2539 1138,2559 1250,2547 1251,2487 311,2492"/>
                <Baseline points="317,2529 363,2529 409,2529 456,2529 502,2530 548,2531 595,2531 641,2531 687,2532 734,2532 780,2533 826,2534 873,2534 919,2535 965,2535 1012,2535 1058,2537 1104,2537 1151,2537 1197,2537 1244,2537"/>
                <TextEquiv>
                    <Unicode>catur quod non ex necessitate sed ex electione: ergo pos-</Unicode>
                </TextEquiv>
            </TextLine>
            <TextLine id="r2l44" custom="readingOrder {index:42;}">
                <Coords points="302,2589 1237,2611 1260,2545 302,2543"/>
                <Baseline points="308,2583 355,2583 402,2585 449,2585 497,2586 544,2586 591,2586 638,2588 686,2588 733,2588 780,2589 827,2589 875,2591 922,2591 969,2591 1016,2592 1064,2592 1111,2592 1158,2594 1205,2594 1253,2595"/>
                <TextEquiv>
                    <Unicode>sent omittere. ergo possibile esset si angelus vel</Unicode>
                </TextEquiv>
            </TextLine>
            <TextLine id="r2l45" custom="readingOrder {index:43;}">
                <Coords points="306,2651 1251,2656 1251,2613 1141,2599 307,2592"/>
                <Baseline points="312,2639 358,2640 405,2640 451,2642 498,2642 545,2642 591,2643 638,2643 685,2643 731,2643 778,2643 825,2644 871,2645 918,2645 965,2645 1011,2646 1058,2646 1105,2648 1151,2648 1198,2649 1245,2651"/>
                <TextEquiv>
                    <Unicode>let / quod angelus orno dimitteret hominem suae cu</Unicode>
                </TextEquiv>
            </TextLine>
            <TextLine id="r2l46" custom="readingOrder {index:44;}">
                <Coords points="311,2707 1183,2724 1254,2715 1255,2656 312,2652"/>
                <Baseline points="317,2694 363,2696 410,2696 456,2697 503,2697 549,2699 596,2699 642,2699 689,2700 735,2700 782,2702 829,2702 875,2702 922,2703 968,2703 1015,2703 1061,2705 1108,2705 1154,2705 1201,2706 1248,2708"/>
                <TextEquiv>
                    <Unicode>stodie deputatum. Ponatur in esse: et habet praeceptum </Unicode>
                </TextEquiv>
            </TextLine>
            <TextLine id="r2l47" custom="readingOrder {index:45;}">
                <Coords points="317,2764 1248,2770 1248,2723 1132,2708 996,2745 881,2708 317,2707"/>
                <Baseline points="323,2751 371,2753 419,2753 468,2753 516,2754 564,2754 613,2756 661,2756 709,2756 758,2757 806,2757 855,2757 903,2759 951,2759 1000,2759 1048,2759 1096,2760 1145,2760 1193,2760 1242,2760"/>
                <TextEquiv>
                    <Unicode>de opposito: ergo potest peccare. Confirma-</Unicode>
                </TextEquiv>
            </TextLine>
            <TextLine id="r2l48" custom="readingOrder {index:46;}">
                <Coords points="318,2818 1217,2840 1237,2780 318,2764"/>
                <Baseline points="324,2810 369,2810 414,2808 459,2808 505,2808 550,2810 595,2810 641,2810 686,2811 731,2811 777,2813 822,2814 867,2814 912,2816 958,2816 1003,2817 1048,2817 1094,2817 1139,2818 1184,2819 1230,2819"/>
                <TextEquiv>
                    <Unicode>tur ratio per philosophum iii Ethicorum capitulo viii ubi probat quod </Unicode>
                </TextEquiv>
            </TextLine>
            <TextLine id="r2l49" custom="readingOrder {index:47;}">
                <Coords points="313,2874 1192,2872 1254,2896 1255,2819 1200,2843 314,2820"/>
                <Baseline points="320,2865 366,2864 412,2864 459,2864 505,2864 552,2864 598,2864 644,2865 691,2865 737,2867 784,2867 830,2868 876,2868 923,2870 969,2870 1016,2871 1062,2871 1108,2871 1155,2873 1201,2873 1248,2873"/>
                <TextEquiv>
                    <Unicode>si virtus est in nostra potestate: quod similiter malitia est </Unicode>
                </TextEquiv>
            </TextLine>
            <TextLine id="r2l50" custom="readingOrder {index:48;}">
                <Coords points="311,2931 1250,2943 1251,2897 312,2880"/>
                <Baseline points="317,2919 363,2918 409,2916 456,2916 502,2916 549,2916 595,2918 641,2918 688,2919 734,2919 781,2921 827,2921 873,2922 920,2924 966,2924 1013,2925 1059,2925 1105,2927 1152,2927 1198,2927 1245,2927"/>
                <TextEquiv>
                    <Unicode>in nostra potestate. Et arguit sic. Si operari bo </Unicode>
                </TextEquiv>
            </TextLine>
            <TextLine id="r2l51" custom="readingOrder {index:49;}">
                <Coords points="323,2979 1245,2995 1246,2932 323,2931"/>
                <Baseline points="329,2970 374,2970 420,2969 465,2969 511,2969 556,2969 602,2970 647,2970 693,2972 738,2972 784,2973 829,2974 875,2975 920,2976 966,2978 1011,2978 1057,2979 1102,2979 1148,2979 1193,2980 1239,2979"/>
                <TextEquiv>
                    <Unicode>num existens in nobis est: et operari malum exi-</Unicode>
                </TextEquiv>
            </TextLine>
            <TextLine id="r2l52" custom="readingOrder {index:50;}">
                <Coords points="333,3028 1254,3043 1248,2981 334,2980"/>
                <Baseline points="339,3023 384,3024 429,3024 475,3024 520,3024 566,3024 611,3026 657,3026 702,3026 748,3027 793,3027 838,3029 884,3029 929,3030 975,3031 1020,3032 1066,3033 1111,3033 1157,3035 1202,3036 1248,3036"/>
                <TextEquiv>
                    <Unicode>stens in nobis est. hoc est diciu. Si operari</Unicode>
                </TextEquiv>
            </TextLine>
            <TextLine id="r2l53" custom="readingOrder {index:51;}">
                <Coords points="326,3091 1257,3108 1247,3044 327,3033"/>
                <Baseline points="332,3078 380,3080 428,3080 477,3080 525,3081 573,3081 622,3081 670,3083 718,3083 767,3083 815,3084 864,3084 912,3086 960,3086 1009,3087 1057,3087 1105,3089 1154,3090 1202,3092 1251,3093"/>
                <TextEquiv>
                    <Unicode>sit in potestate nostra: non operari erit in potestate </Unicode>
                </TextEquiv>
            </TextLine>
            <TextLine id="r2l54" custom="readingOrder {index:52;}">
                <Coords points="324,3143 1234,3164 1235,3113 1121,3097 325,3101"/>
                <Baseline points="330,3137 377,3138 424,3140 471,3141 519,3141 566,3143 613,3143 661,3144 708,3144 755,3146 803,3146 850,3146 897,3147 945,3149 992,3149 1039,3150 1087,3151 1134,3152 1181,3153 1229,3156"/>
                <TextEquiv>
                    <Unicode>nostra: non ergo de necessitate operabimur</Unicode>
                </TextEquiv>
            </TextLine>
            <TextEquiv>
                <Unicode>dum. Et si hoc ponatur: tunc opet concedere quod de 
us sit causa obdurationis vere immutando et 
causando eam in malis. consequens falsum quia si sic: 
deus foret per se causa quare creatura foret de
terior. Contra Augustinum libro lxxxiii dia qui iii Si 
sic angeli boni ministrantes bonis hominbus 
continuae mererentur: et angeli mali demere-
rentur: ergo nec isti sunt confirmati in beatitudi
ne: nec illi obstinati in miseria. Antecedens probo
per dictum magistri ii sententia distintione ii capit.lo ii ubi dicitquo 
utrique habent liberum arbitrium: quia boni non ali
qua cogente necessitate: sed propria ac spotesta 
nea voluntate / per gra quidem adiuti ad vitam bo
num eligunt: et malu respuunt. Et mali similiter spsitio-
tanea voluntate a gratia destituti bonum vitant: 
et malum sequuntur. Sed quicumque secundum rectam ratio-
nem spontanee et libere eligit ponum: et dimit-
tit malum: virtuose operatur: et per consequens meretur lau
dari. et si sit in gratia: meretur praemiari: quia non pl-
requiritur ad meritum nisi gratia et liberum arbitri
um: ergo boni merentur: et mali eadem ratione
demerentur. Tertio quaero sic / an mali sciant
se errare in hoc quod alliciunt homines ad pecca-
dum an non: Non verisile est quod non. quia per loga
experientiam bene possunt aduertere quod ex mul
titudine damnatorum augetur miseria. Si sic: er
go non possunt velle quod homines finaliter pec
cent. Probo consequentiam: quia tunc possent sponte et 
scienter velle illud vnde miseri essent. vel saltem 
velle illud vnde eorum miseria intenderetur
Contra Anselmum de casu diaboli libro iii capitulo xii
Quarto sic. angeli boni possunt peccare: igi-
tur non sunt in gratia confirmati. consequentia patet. et ans 
probatur. quia constat eos bene facere: vel ergo bene
taciunt de necessitate vel spontanea volunta
te. Primum non: sicut superius patuit per magistrum 
Et similiter sequitur. faciunt de necessitate: ergo non 
sunt magis laudabiles dicendi de hoc quod fa
eiut et seruant iustitiam: quam de eo quod sunt rtiona-
les: sicut arguit Anselmum quod ante confirmationem 
potuerunt peccare de casu dia capitulo v Si di-
catur quod non ex necessitate sed ex electione: ergo pos-
sent omittere. ergo possibile esset si angelus vel
let / quod angelus orno dimitteret hominem suae cu
stodie deputatum. Ponatur in esse: et habet praeceptum 
de opposito: ergo potest peccare. Confirma-
tur ratio per philosophum iii Ethicorum capitulo viii ubi probat quod 
si virtus est in nostra potestate: quod similiter malitia est 
in nostra potestate. Et arguit sic. Si operari bo 
num existens in nobis est: et operari malum exi-
stens in nobis est. hoc est diciu. Si operari
sit in potestate nostra: non operari erit in potestate 
nostra: non ergo de necessitate operabimur</Unicode>
            </TextEquiv>
        </TextRegion>
        <TextRegion orientation="0.0" id="TextRegion_1578934575874_128" custom="readingOrder {index:1;}">
            <Coords points="1286,201 2250,201 2256,3178 1292,3178"/>
            <TextLine id="r3l2" custom="readingOrder {index:0;}">
                <Coords points="1290,267 2242,267 2241,203 1290,209"/>
                <Baseline points="1296,255 1345,255 1394,255 1444,255 1493,255 1543,255 1592,255 1641,254 1691,254 1740,254 1790,254 1839,254 1889,252 1938,252 1987,252 2037,252 2086,252 2136,252 2185,252 2235,252"/>
                <TextEquiv>
                    <Unicode>Similiter si operari sit bonum: non operari est </Unicode>
                </TextEquiv>
            </TextLine>
            <TextLine id="r3l3" custom="readingOrder {index:1;}">
                <Coords points="1289,316 2235,315 2220,260 1289,268"/>
                <Baseline points="1295,309 1341,309 1388,309 1435,309 1481,309 1528,309 1575,309 1621,309 1668,308 1715,308 1762,308 1808,308 1855,308 1902,306 1948,306 1995,306 2042,306 2088,306 2135,306 2182,306 2229,306"/>
                <TextEquiv>
                    <Unicode>malum. Et ideo concludit quod si bonum est in potesta-</Unicode>
                </TextEquiv>
            </TextLine>
            <TextLine id="r3l4" custom="readingOrder {index:2;}">
                <Coords points="1303,371 2238,369 2238,325 2194,314 2106,315 2066,354 1967,315 1303,324"/>
                <Baseline points="1310,362 1356,362 1402,363 1448,363 1494,363 1540,363 1586,362 1632,362 1678,362 1724,362 1771,362 1817,362 1863,362 1909,362 1955,362 2001,362 2047,362 2093,362 2139,362 2185,363 2232,363"/>
                <TextEquiv>
                    <Unicode>te nostra: malum est in potestate nostra. Quinto </Unicode>
                </TextEquiv>
            </TextLine>
            <TextLine id="r3l6" custom="readingOrder {index:3;}">
                <Coords points="1294,424 2228,423 2228,379 1294,373"/>
                <Baseline points="1301,416 1347,417 1393,417 1439,417 1485,417 1531,417 1577,417 1623,417 1669,417 1715,417 1761,417 1807,417 1853,417 1899,416 1945,416 1991,416 2037,416 2083,416 2129,416 2175,416 2222,414"/>
                <TextEquiv>
                    <Unicode>sic demones eligunt male facere: et quante </Unicode>
                </TextEquiv>
            </TextLine>
            <TextLine id="r3l7" custom="readingOrder {index:4;}">
                <Coords points="1286,489 2062,472 2197,499 2235,486 2234,428 1285,438"/>
                <Baseline points="1292,473 1338,473 1385,473 1432,473 1479,473 1526,471 1572,471 1619,471 1666,471 1713,471 1760,471 1806,471 1853,471 1900,471 1947,471 1994,471 2040,471 2087,471 2134,470 2181,470 2228,470"/>
                <TextEquiv>
                    <Unicode>peius / tanto libentius. sint ergo modo duo aequi-</Unicode>
                </TextEquiv>
            </TextLine>
            <TextLine id="r3l8" custom="readingOrder {index:5;}">
                <Coords points="1298,538 2243,539 2243,491 1979,475 1298,488"/>
                <Baseline points="1304,530 1350,528 1397,528 1443,528 1490,528 1537,528 1583,528 1630,528 1677,528 1723,528 1770,528 1817,528 1863,528 1910,528 1957,528 2003,528 2050,528 2097,528 2143,528 2190,527 2237,527"/>
                <TextEquiv>
                    <Unicode>les in demeritis: et volo quod hodie unus co-</Unicode>
                </TextEquiv>
            </TextLine>
            <TextLine id="r3l9" custom="readingOrder {index:6;}">
                <Coords points="1290,595 2244,595 2244,546 1290,548"/>
                <Baseline points="1296,584 1343,584 1390,585 1437,585 1484,585 1531,585 1578,585 1625,585 1672,584 1719,584 1767,584 1814,584 1861,584 1908,584 1955,584 2002,584 2049,584 2096,585 2143,585 2190,585 2238,587"/>
                <TextEquiv>
                    <Unicode>mittat multa mala circa homines: et alius non: </Unicode>
                </TextEquiv>
            </TextLine>
            <TextLine id="r3l10" custom="readingOrder {index:7;}">
                <Coords points="1293,650 2190,659 2244,650 2244,602 1293,608"/>
                <Baseline points="1299,641 1348,641 1397,641 1447,641 1496,641 1546,641 1595,641 1644,641 1694,641 1743,641 1793,641 1842,641 1892,641 1941,641 1990,641 2040,641 2089,642 2139,642 2188,642 2238,644"/>
                <TextEquiv>
                    <Unicode>quaero utrum ille qui peccauit hodie: plus pu</Unicode>
                </TextEquiv>
            </TextLine>
            <TextLine id="r3l11" custom="readingOrder {index:8;}">
                <Coords points="1299,706 2136,699 2172,722 2243,701 2243,652 1299,661"/>
                <Baseline points="1305,695 1351,695 1398,695 1444,695 1491,696 1538,696 1584,696 1631,696 1677,696 1724,696 1771,696 1817,696 1864,698 1910,698 1957,698 2004,698 2050,698 2097,698 2143,696 2190,696 2237,696"/>
                <TextEquiv>
                    <Unicode>nitur an non: si non: igitur erit aliquod peccatum impu-</Unicode>
                </TextEquiv>
            </TextLine>
            <TextLine id="r3l12" custom="readingOrder {index:9;}">
                <Coords points="1291,763 2246,762 2247,709 1292,715"/>
                <Baseline points="1298,750 1345,750 1392,750 1439,752 1486,752 1533,752 1580,752 1627,752 1674,752 1721,752 1769,753 1816,753 1863,753 1910,753 1957,753 2004,753 2051,753 2098,753 2145,753 2192,753 2240,753"/>
                <TextEquiv>
                    <Unicode>nitum: et sic aliquid deordinatum in regno dei: et </Unicode>
                </TextEquiv>
            </TextLine>
            <TextLine id="r3l13" custom="readingOrder {index:10;}">
                <Coords points="1296,818 2238,818 2238,773 2209,763 1860,784 1297,758"/>
                <Baseline points="1302,807 1348,807 1395,807 1441,807 1488,807 1534,807 1581,807 1627,807 1674,807 1720,807 1767,809 1813,809 1860,809 1906,809 1953,810 1999,810 2046,810 2092,810 2139,810 2185,812 2232,812"/>
                <TextEquiv>
                    <Unicode>iniustitia regnaret libera. Contra Anselmus. primo </Unicode>
                </TextEquiv>
            </TextLine>
            <TextLine id="line_1578934683273_156" custom="readingOrder {index:11;}">
                <Coords points="1292,875 2171,884 2249,873 2250,825 1788,816 1703,855 1543,813 1292,828"/>
                <Baseline points="1298,864 1323,863 1348,861 1373,861 1398,861 1423,863 1448,863 1473,864 1498,864 1523,866 1548,866 1573,866 1598,867 1623,867 1648,866 1674,866 1740,860 1766,861 1792,862 1819,863 1845,864 1872,864 1898,866 1924,866 1951,866 1977,867 2004,867 2030,867 2056,867 2083,867 2109,867 2136,866 2168,869 2193,866 2218,866 2243,866"/>
                <TextEquiv>
                    <Unicode>cur deus homo c. xii. Sexto sic. diabolus potest </Unicode>
                </TextEquiv>
            </TextLine>
            <TextLine id="line_1578934689208_160" custom="readingOrder {index:12;}">
                <Coords points="1290,927 2241,931 2241,883 2124,875 1290,884"/>
                <Baseline points="1296,920 1338,920 1381,920 1424,921 1466,921 1509,921 1552,921 1594,921 1637,921 1680,921 1723,921 1765,921 1808,921 1851,921 1893,921 1936,922 1979,923 2021,923 2064,923 2107,923 2150,924 2190,927 2235,921"/>
                <TextEquiv>
                    <Unicode>appetere iustitiam: ergo potest habere iustitiam. antecedens pro-</Unicode>
                </TextEquiv>
            </TextLine>
            <TextLine id="line_1578934693142_165" custom="readingOrder {index:13;}">
                <Coords points="1293,982 2240,987 2240,931 1293,926"/>
                <Baseline points="1298,975 1341,975 1384,977 1428,977 1471,977 1515,977 1558,977 1601,977 1645,977 1688,977 1732,977 1775,977 1818,977 1862,977 1905,977 1949,977 1992,977 2035,978 2079,978 2122,978 2166,978 2190,981 2234,977"/>
                <TextEquiv>
                    <Unicode>bo: quia potest recto iudicio iudicare / iustitia est </Unicode>
                </TextEquiv>
            </TextLine>
            <TextLine id="r3l23" custom="readingOrder {index:14;}">
                <Coords points="1292,1043 2239,1043 2239,994 2158,988 1292,982"/>
                <Baseline points="1298,1031 1344,1031 1391,1031 1438,1031 1484,1032 1531,1032 1578,1032 1624,1032 1671,1032 1718,1034 1765,1034 1811,1034 1858,1034 1905,1034 1951,1034 1998,1034 2045,1034 2091,1034 2138,1034 2185,1034 2232,1034"/>
                <TextEquiv>
                    <Unicode>bonum. et potest se volendo conformare illi dicta-</Unicode>
                </TextEquiv>
            </TextLine>
            <TextLine id="r3l24" custom="readingOrder {index:15;}">
                <Coords points="1296,1099 2208,1107 2243,1094 2243,1050 1296,1052"/>
                <Baseline points="1302,1088 1348,1088 1395,1089 1442,1089 1489,1089 1535,1089 1582,1089 1629,1091 1676,1091 1722,1091 1769,1091 1816,1091 1863,1091 1909,1091 1956,1091 2003,1091 2050,1091 2096,1091 2143,1091 2190,1091 2237,1092"/>
                <TextEquiv>
                    <Unicode>mini ergo potest appetere iustitiam et poenitere. Quod </Unicode>
                </TextEquiv>
            </TextLine>
            <TextLine id="r3l25" custom="readingOrder {index:16;}">
                <Coords points="1289,1162 2252,1155 2252,1107 1289,1107"/>
                <Baseline points="1295,1146 1342,1146 1390,1146 1437,1146 1485,1145 1532,1145 1580,1145 1627,1145 1675,1145 1722,1145 1770,1145 1818,1146 1865,1146 1913,1146 1960,1146 2008,1146 2055,1146 2103,1146 2150,1146 2198,1146 2246,1146"/>
                <TextEquiv>
                    <Unicode>possit se conformare illi dictamini apparet: </Unicode>
                </TextEquiv>
            </TextLine>
            <TextLine id="r3l26" custom="readingOrder {index:17;}">
                <Coords points="1289,1210 2033,1229 2241,1211 2242,1165 1289,1163"/>
                <Baseline points="1295,1202 1342,1200 1389,1200 1436,1200 1483,1200 1530,1200 1577,1200 1624,1201 1671,1202 1718,1202 1765,1202 1812,1202 1859,1203 1906,1203 1953,1203 2000,1203 2047,1203 2094,1203 2141,1202 2188,1202 2235,1200"/>
                <TextEquiv>
                    <Unicode>quia in demonibus naturalia integra rema-</Unicode>
                </TextEquiv>
            </TextLine>
            <TextLine id="r3l27" custom="readingOrder {index:18;}">
                <Coords points="1296,1267 2247,1266 2247,1212 1296,1220"/>
                <Baseline points="1302,1256 1351,1256 1400,1256 1450,1256 1499,1257 1549,1257 1598,1257 1647,1257 1697,1259 1746,1259 1796,1259 1845,1259 1895,1260 1944,1260 1993,1260 2043,1259 2092,1259 2142,1259 2191,1257 2241,1256"/>
                <TextEquiv>
                    <Unicode>nent. sed nihil magis est in potestate volunta-</Unicode>
                </TextEquiv>
            </TextLine>
            <TextLine id="r3l28" custom="readingOrder {index:19;}">
                <Coords points="1289,1322 2238,1323 2219,1263 1289,1268"/>
                <Baseline points="1295,1311 1341,1311 1388,1313 1435,1313 1482,1314 1529,1314 1576,1316 1622,1316 1669,1316 1716,1316 1763,1316 1810,1316 1857,1316 1904,1316 1950,1316 1997,1316 2044,1316 2091,1316 2138,1316 2185,1314 2232,1314"/>
                <TextEquiv>
                    <Unicode>tis actu suo. ergo etc. Prima consequentia patet per Anselmus </Unicode>
                </TextEquiv>
            </TextLine>
            <TextLine id="line_1578934576023_131" custom="readingOrder {index:20;}">
                <Coords points="1290,1372 1818,1394 2262,1365 2230,1324 1290,1323"/>
                <Baseline points="1296,1370 1351,1368 1406,1370 1461,1370 1516,1370 1571,1371 1626,1371 1682,1371 1737,1373 1792,1373 1847,1373 1902,1373 1957,1373 2012,1373 2068,1371 2123,1371 2178,1369 2233,1367 2256,1365"/>
                <TextEquiv>
                    <Unicode>de concoru capitulo xviii Nullus potest velle rectitudi-</Unicode>
                </TextEquiv>
            </TextLine>
            <TextLine id="line_1578934660889_144" custom="readingOrder {index:21;}">
                <Coords points="1289,1434 1758,1451 1865,1419 1963,1450 2197,1452 2244,1442 2245,1387 1889,1380 1850,1415 1759,1374 1290,1388"/>
                <Baseline points="1296,1424 1339,1425 1382,1425 1426,1425 1469,1426 1512,1427 1556,1427 1599,1427 1642,1427 1686,1428 1729,1428 1772,1428 1816,1428 1859,1430 1902,1430 1946,1430 1989,1430 2032,1430 2076,1430 2119,1430 2163,1430 2190,1434 2238,1428"/>
                <TextEquiv>
                    <Unicode>nem nisi eam habeat: ergo etc. Septimo ad prin</Unicode>
                </TextEquiv>
            </TextLine>
            <TextLine id="r3l34" custom="readingOrder {index:22;}">
                <Coords points="1289,1490 2243,1499 2243,1444 2141,1436 1927,1436 1885,1462 1289,1445"/>
                <Baseline points="1295,1482 1342,1482 1389,1482 1436,1482 1483,1482 1530,1484 1577,1484 1624,1484 1671,1485 1718,1485 1766,1485 1813,1487 1860,1487 1907,1487 1954,1487 2001,1488 2048,1488 2095,1488 2142,1488 2189,1488 2237,1488"/>
                <TextEquiv>
                    <Unicode>cipale. Si sic: oporteret quod omnis homo haberet </Unicode>
                </TextEquiv>
            </TextLine>
            <TextLine id="r3l36" custom="readingOrder {index:23;}">
                <Coords points="1294,1547 2234,1555 2213,1492 2080,1517 1869,1489 1295,1492"/>
                <Baseline points="1301,1538 1347,1538 1393,1538 1440,1538 1486,1538 1532,1538 1579,1538 1625,1539 1671,1539 1718,1541 1764,1541 1810,1541 1857,1542 1903,1542 1949,1542 1996,1544 2042,1544 2088,1544 2135,1544 2181,1543 2228,1542"/>
                <TextEquiv>
                    <Unicode>discretionem spirituum. contra aplitum idicut. Corum xii. consequenti</Unicode>
                </TextEquiv>
            </TextLine>
            <TextLine id="r3l37" custom="readingOrder {index:24;}">
                <Coords points="1294,1611 2240,1610 2240,1556 2198,1550 1295,1556"/>
                <Baseline points="1301,1596 1347,1595 1394,1595 1440,1593 1487,1593 1534,1593 1580,1593 1627,1593 1674,1593 1720,1593 1767,1595 1814,1595 1860,1595 1907,1596 1954,1596 2000,1597 2047,1598 2094,1598 2140,1598 2187,1598 2234,1598"/>
                <TextEquiv>
                    <Unicode>patet. quia aliter non posset discernere inter bo </Unicode>
                </TextEquiv>
            </TextLine>
            <TextLine id="r3l38" custom="readingOrder {index:25;}">
                <Coords points="1308,1650 2232,1666 2248,1611 1308,1612"/>
                <Baseline points="1314,1646 1360,1646 1406,1647 1453,1647 1499,1647 1545,1648 1592,1649 1638,1649 1684,1649 1731,1650 1777,1650 1823,1650 1870,1652 1916,1652 1962,1652 2009,1652 2055,1652 2101,1653 2148,1653 2194,1652 2241,1652"/>
                <TextEquiv>
                    <Unicode>num et malum: neque sciret quando esset bono obe-</Unicode>
                </TextEquiv>
            </TextLine>
            <TextLine id="r3l39" custom="readingOrder {index:26;}">
                <Coords points="1302,1721 2237,1715 2237,1669 2177,1660 1940,1660 1898,1686 1847,1660 1302,1663"/>
                <Baseline points="1308,1703 1354,1703 1400,1703 1446,1703 1492,1704 1538,1704 1584,1704 1631,1705 1677,1706 1723,1706 1769,1706 1815,1707 1861,1707 1907,1707 1954,1707 2000,1709 2046,1709 2092,1709 2138,1709 2184,1709 2231,1707"/>
                <TextEquiv>
                    <Unicode>diendum / vel resistendum malo. consequens est inconve-</Unicode>
                </TextEquiv>
            </TextLine>
            <TextLine id="r3l40" custom="readingOrder {index:27;}">
                <Coords points="1299,1764 2231,1779 2231,1724 2142,1716 1513,1712 1454,1747 1299,1720"/>
                <Baseline points="1305,1757 1351,1758 1397,1758 1443,1760 1489,1760 1535,1760 1581,1761 1627,1761 1673,1761 1719,1761 1765,1763 1811,1763 1857,1763 1903,1764 1949,1764 1995,1764 2041,1765 2087,1766 2133,1766 2179,1767 2225,1767"/>
                <TextEquiv>
                    <Unicode>niens. Octavo ad principale. si sic: tunc po</Unicode>
                </TextEquiv>
            </TextLine>
            <TextLine id="r3l42" custom="readingOrder {index:28;}">
                <Coords points="1298,1819 2240,1828 2240,1779 1299,1765"/>
                <Baseline points="1304,1812 1350,1812 1397,1812 1443,1812 1490,1814 1536,1814 1583,1814 1629,1815 1676,1815 1722,1817 1769,1817 1815,1818 1862,1818 1908,1820 1955,1820 2001,1820 2048,1821 2094,1821 2141,1821 2187,1821 2234,1821"/>
                <TextEquiv>
                    <Unicode>set sibi vnire corpus: et in eo aexercere opera</Unicode>
                </TextEquiv>
            </TextLine>
            <TextLine id="r3l44" custom="readingOrder {index:29;}">
                <Coords points="1301,1875 2212,1899 2231,1836 1301,1829"/>
                <Baseline points="1307,1866 1352,1866 1398,1868 1444,1868 1490,1869 1536,1869 1582,1870 1628,1871 1674,1871 1720,1872 1766,1873 1811,1874 1857,1875 1903,1875 1949,1875 1995,1877 2041,1877 2087,1877 2133,1878 2179,1878 2225,1878"/>
                <TextEquiv>
                    <Unicode>tiones vite. consequens falsum. consequentia patet: quia sic les </Unicode>
                </TextEquiv>
            </TextLine>
            <TextLine id="r3l45" custom="readingOrder {index:30;}">
                <Coords points="1289,1930 2192,1954 2246,1939 2247,1891 1290,1883"/>
                <Baseline points="1295,1923 1342,1923 1389,1923 1436,1923 1484,1925 1531,1925 1578,1926 1625,1927 1673,1928 1720,1929 1767,1929 1814,1931 1862,1931 1909,1932 1956,1932 2003,1932 2051,1934 2098,1934 2145,1934 2192,1934 2240,1934"/>
                <TextEquiv>
                    <Unicode>tur factum Cobie v. et xii et in Oen. de ange-</Unicode>
                </TextEquiv>
            </TextLine>
            <TextLine id="r3l46" custom="readingOrder {index:31;}">
                <Coords points="1305,1986 2055,2003 2255,1993 2256,1947 1306,1932"/>
                <Baseline points="1311,1979 1357,1980 1404,1980 1451,1980 1498,1982 1545,1982 1592,1982 1639,1983 1686,1983 1733,1985 1780,1985 1826,1985 1873,1986 1920,1986 1967,1986 2014,1988 2061,1988 2108,1988 2155,1988 2202,1988 2249,1988"/>
                <TextEquiv>
                    <Unicode>is apparentibus Lotu: et cum eis commeden-</Unicode>
                </TextEquiv>
            </TextLine>
            <TextLine id="r3l47" custom="readingOrder {index:32;}">
                <Coords points="1302,2042 2019,2060 2251,2050 2252,2005 1303,1995"/>
                <Baseline points="1308,2033 1354,2034 1401,2034 1448,2036 1495,2036 1542,2037 1589,2037 1636,2039 1683,2039 1730,2040 1777,2040 1823,2040 1870,2042 1917,2042 1964,2042 2011,2042 2058,2042 2105,2043 2152,2043 2199,2043 2246,2043"/>
                <TextEquiv>
                    <Unicode>tibus. et in aliis locis multis. falsitas conse-</Unicode>
                </TextEquiv>
            </TextLine>
            <TextLine id="r3l48" custom="readingOrder {index:33;}">
                <Coords points="1308,2107 2246,2107 2247,2058 1309,2052"/>
                <Baseline points="1314,2090 1360,2091 1406,2091 1452,2092 1499,2093 1545,2093 1591,2094 1638,2094 1684,2094 1730,2096 1777,2096 1823,2096 1869,2097 1915,2097 1962,2097 2008,2099 2054,2099 2101,2099 2147,2099 2193,2100 2240,2100"/>
                <TextEquiv>
                    <Unicode>quentis patet: quia tunc posset in corpore sic assum</Unicode>
                </TextEquiv>
            </TextLine>
            <TextLine id="r3l49" custom="readingOrder {index:34;}">
                <Coords points="1295,2168 2250,2163 2250,2116 2128,2108 1295,2109"/>
                <Baseline points="1301,2150 1348,2148 1395,2148 1442,2148 1489,2148 1536,2148 1583,2148 1631,2148 1678,2150 1725,2150 1772,2150 1819,2151 1866,2151 1913,2151 1961,2153 2008,2153 2055,2153 2102,2153 2149,2154 2196,2154 2244,2154"/>
                <TextEquiv>
                    <Unicode>pto loqui et audire: et exercere operationes </Unicode>
                </TextEquiv>
            </TextLine>
            <TextLine id="r3l50" custom="readingOrder {index:35;}">
                <Coords points="1298,2210 2157,2227 2252,2218 2253,2170 1299,2164"/>
                <Baseline points="1305,2201 1352,2201 1399,2202 1446,2204 1493,2204 1540,2204 1587,2205 1634,2205 1681,2207 1728,2207 1775,2207 1822,2207 1869,2208 1916,2208 1963,2208 2010,2208 2057,2209 2104,2210 2151,2210 2198,2210 2246,2211"/>
                <TextEquiv>
                    <Unicode>animae vegetative: puta commedere / nutrire </Unicode>
                </TextEquiv>
            </TextLine>
            <TextLine id="line_1578934654745_139" custom="readingOrder {index:36;}">
                <Coords points="1291,2253 1334,2275 2244,2275 2230,2220 1903,2215 1838,2251 1739,2212 1292,2217"/>
                <Baseline points="1298,2255 1326,2256 1355,2256 1383,2256 1412,2258 1440,2258 1469,2258 1497,2258 1526,2259 1554,2259 1583,2259 1612,2259 1640,2259 1669,2259 1697,2261 1726,2261 1754,2261 1783,2262 1811,2263 1840,2264 1869,2265 1902,2264 1927,2264 1953,2264 1979,2264 2005,2264 2031,2265 2057,2265 2082,2267 2108,2267 2134,2267 2160,2267 2186,2267 2212,2267 2238,2267"/>
                <TextEquiv>
                    <Unicode>et generare. consequens falsum. Nono ad princi-</Unicode>
                </TextEquiv>
            </TextLine>
            <TextLine id="r3l54" custom="readingOrder {index:37;}">
                <Coords points="1305,2324 2219,2331 2238,2276 1306,2268"/>
                <Baseline points="1311,2309 1357,2309 1403,2310 1449,2312 1495,2312 1541,2313 1587,2313 1633,2315 1679,2315 1725,2316 1771,2316 1817,2318 1863,2318 1909,2318 1955,2319 2001,2319 2047,2320 2093,2321 2139,2321 2185,2321 2231,2322"/>
                <TextEquiv>
                    <Unicode>pale. si sic: in angelis bonis forent volubi</Unicode>
                </TextEquiv>
            </TextLine>
            <TextLine id="r3l56" custom="readingOrder {index:38;}">
                <Coords points="1299,2371 2251,2386 2252,2331 1913,2353 1768,2324 1300,2324"/>
                <Baseline points="1305,2363 1352,2364 1399,2366 1446,2366 1493,2367 1540,2369 1587,2369 1634,2370 1681,2370 1728,2372 1775,2372 1822,2373 1869,2373 1916,2375 1963,2375 2010,2376 2057,2376 2104,2376 2151,2378 2198,2378 2246,2379"/>
                <TextEquiv>
                    <Unicode>les cogitationes contra Augustinum xxto de triniat c. xvi et </Unicode>
                </TextEquiv>
            </TextLine>
            <TextLine id="r3l57" custom="readingOrder {index:39;}">
                <Coords points="1308,2426 2259,2438 2259,2398 2112,2384 1309,2379"/>
                <Baseline points="1314,2420 1360,2420 1407,2421 1454,2422 1501,2423 1548,2423 1595,2424 1642,2424 1689,2426 1736,2426 1783,2426 1829,2427 1876,2427 1923,2429 1970,2429 2017,2430 2064,2430 2111,2432 2158,2433 2205,2435 2252,2436"/>
                <TextEquiv>
                    <Unicode>xii. contessionum capitulo xii Sic interim sentio pro-</Unicode>
                </TextEquiv>
            </TextLine>
            <TextLine id="r3l58" custom="readingOrder {index:40;}">
                <Coords points="1305,2495 2247,2499 2248,2444 1306,2436"/>
                <Baseline points="1311,2474 1357,2474 1404,2475 1450,2477 1497,2477 1543,2478 1590,2478 1636,2480 1683,2480 1729,2480 1776,2481 1822,2481 1869,2483 1915,2483 1962,2484 2008,2484 2055,2486 2101,2487 2148,2487 2194,2489 2241,2490"/>
                <TextEquiv>
                    <Unicode>pter illud celum celi: celum intelligibile ubi </Unicode>
                </TextEquiv>
            </TextLine>
            <TextLine id="r3l59" custom="readingOrder {index:41;}">
                <Coords points="1299,2537 2255,2562 2256,2508 1299,2497"/>
                <Baseline points="1305,2531 1352,2531 1399,2531 1446,2532 1493,2532 1541,2534 1588,2534 1635,2535 1682,2535 1729,2537 1777,2537 1824,2538 1871,2540 1918,2540 1965,2541 2013,2543 2060,2543 2107,2544 2154,2546 2201,2546 2249,2547"/>
                <TextEquiv>
                    <Unicode>est intellectus nosse non ex parte: non in eni-</Unicode>
                </TextEquiv>
            </TextLine>
            <TextLine id="r3l60" custom="readingOrder {index:42;}">
                <Coords points="1307,2609 2247,2610 2248,2565 2166,2556 1309,2540"/>
                <Baseline points="1314,2588 1360,2588 1406,2588 1453,2589 1499,2589 1545,2590 1592,2591 1638,2591 1684,2592 1731,2592 1777,2594 1823,2594 1870,2595 1916,2595 1962,2597 2009,2598 2055,2598 2101,2600 2148,2601 2194,2601 2241,2603"/>
                <TextEquiv>
                    <Unicode>gmate: non per speculum: sed simul totum </Unicode>
                </TextEquiv>
            </TextLine>
            <TextLine id="r3l61" custom="readingOrder {index:43;}">
                <Coords points="1308,2651 2246,2666 2247,2612 1309,2610"/>
                <Baseline points="1314,2642 1360,2642 1406,2643 1452,2643 1499,2643 1545,2645 1591,2645 1638,2646 1684,2646 1730,2648 1777,2648 1823,2649 1869,2651 1915,2651 1962,2652 2008,2654 2054,2654 2101,2655 2147,2657 2193,2657 2240,2658"/>
                <TextEquiv>
                    <Unicode>in manifestatione faciei ad faciem: non mo-</Unicode>
                </TextEquiv>
            </TextLine>
            <TextLine id="r3l62" custom="readingOrder {index:44;}">
                <Coords points="1302,2706 2236,2723 2234,2667 1303,2653"/>
                <Baseline points="1308,2699 1354,2699 1400,2699 1446,2700 1492,2700 1538,2701 1584,2702 1631,2702 1677,2703 1723,2703 1769,2705 1815,2705 1861,2706 1907,2708 1954,2708 2000,2709 2046,2711 2092,2711 2138,2712 2184,2714 2231,2715"/>
                <TextEquiv>
                    <Unicode>do hoc / modo illud: sed dictum est nosse si</Unicode>
                </TextEquiv>
            </TextLine>
            <TextLine id="r3l63" custom="readingOrder {index:45;}">
                <Coords points="1298,2763 2240,2787 2241,2730 2199,2723 1299,2717"/>
                <Baseline points="1305,2753 1351,2753 1397,2754 1444,2756 1490,2756 1537,2757 1583,2758 1630,2759 1676,2760 1723,2760 1769,2762 1815,2762 1862,2763 1908,2765 1955,2765 2001,2766 2048,2768 2094,2768 2141,2770 2187,2771 2234,2772"/>
                <TextEquiv>
                    <Unicode>mul sine vlla vicissitudine temporum. consequentia </Unicode>
                </TextEquiv>
            </TextLine>
            <TextLine id="r3l64" custom="readingOrder {index:46;}">
                <Coords points="1305,2828 1485,2809 2235,2843 2236,2789 1638,2788 1519,2763 1456,2802 1424,2773 1306,2772"/>
                <Baseline points="1311,2811 1356,2811 1402,2812 1448,2813 1494,2813 1540,2813 1586,2814 1632,2814 1678,2816 1724,2816 1770,2817 1815,2817 1861,2819 1907,2820 1953,2821 1999,2823 2045,2824 2091,2825 2137,2827 2183,2828 2229,2831"/>
                <TextEquiv>
                    <Unicode>patet. Secundo adueniente noua cogitatio </Unicode>
                </TextEquiv>
            </TextLine>
            <TextLine id="r3l66" custom="readingOrder {index:47;}">
                <Coords points="1295,2875 2238,2891 2216,2836 1295,2830"/>
                <Baseline points="1301,2865 1347,2867 1394,2867 1440,2868 1487,2868 1533,2870 1580,2870 1626,2870 1673,2871 1719,2871 1766,2873 1813,2873 1859,2874 1906,2874 1952,2876 1999,2877 2045,2877 2092,2879 2138,2880 2185,2882 2232,2883"/>
                <TextEquiv>
                    <Unicode>ne qua cogitat de isto homine nouiter sibi </Unicode>
                </TextEquiv>
            </TextLine>
            <TextLine id="r3l67" custom="readingOrder {index:48;}">
                <Coords points="1305,2926 2250,2947 2251,2898 2150,2884 1965,2907 1306,2882"/>
                <Baseline points="1311,2919 1357,2919 1404,2919 1450,2921 1497,2921 1544,2922 1590,2922 1637,2924 1684,2924 1730,2925 1777,2926 1824,2927 1870,2928 1917,2929 1964,2930 2010,2931 2057,2931 2104,2933 2150,2934 2197,2936 2244,2936"/>
                <TextEquiv>
                    <Unicode>commisso: remittitur in aliquo cogitatio de</Unicode>
                </TextEquiv>
            </TextLine>
            <TextLine id="r3l68" custom="readingOrder {index:49;}">
                <Coords points="1305,2979 2247,3003 2248,2957 1306,2931"/>
                <Baseline points="1311,2972 1357,2972 1404,2973 1450,2973 1497,2975 1543,2976 1590,2976 1636,2978 1683,2978 1729,2979 1776,2981 1822,2982 1869,2982 1915,2984 1962,2985 2008,2985 2055,2987 2101,2987 2148,2988 2194,2988 2241,2990"/>
                <TextEquiv>
                    <Unicode>deo: vel non. Si non: ergo potest distinctae </Unicode>
                </TextEquiv>
            </TextLine>
            <TextLine id="r3l69" custom="readingOrder {index:50;}">
                <Coords points="1305,3034 2237,3058 2238,3004 1306,2989"/>
                <Baseline points="1311,3027 1357,3027 1403,3027 1449,3029 1495,3029 1541,3030 1587,3031 1633,3032 1679,3033 1725,3034 1771,3035 1817,3036 1863,3038 1909,3039 1955,3040 2001,3041 2047,3042 2093,3042 2139,3044 2185,3044 2232,3044"/>
                <TextEquiv>
                    <Unicode>de isto et de deo cogitare aeque perfecte ut </Unicode>
                </TextEquiv>
            </TextLine>
            <TextLine id="r3l70" custom="readingOrder {index:51;}">
                <Coords points="1296,3103 2143,3116 2241,3107 2242,3064 1297,3043"/>
                <Baseline points="1302,3087 1348,3087 1395,3086 1441,3086 1488,3087 1535,3087 1581,3088 1628,3089 1675,3090 1721,3092 1768,3093 1815,3094 1861,3095 1908,3096 1955,3098 2001,3098 2048,3099 2095,3101 2141,3101 2188,3101 2235,3101"/>
                <TextEquiv>
                    <Unicode>prius. ergo de tertio et quarto eadem ratio</Unicode>
                </TextEquiv>
            </TextLine>
            <TextLine id="r3l71" custom="readingOrder {index:52;}">
                <Coords points="1294,3155 2222,3187 2240,3109 1295,3103"/>
                <Baseline points="1301,3149 1347,3149 1394,3149 1440,3150 1487,3152 1533,3152 1580,3153 1626,3153 1673,3155 1719,3156 1766,3157 1813,3158 1859,3159 1906,3161 1952,3161 1999,3162 2045,3162 2092,3163 2138,3164 2185,3164 2232,3165"/>
                <TextEquiv>
                    <Unicode>ne. ergo sic addendo novas cogitationes di</Unicode>
                </TextEquiv>
            </TextLine>
            <TextEquiv>
                <Unicode>Similiter si operari sit bonum: non operari est 
malum. Et ideo concludit quod si bonum est in potesta-
te nostra: malum est in potestate nostra. Quinto 
sic demones eligunt male facere: et quante 
peius / tanto libentius. sint ergo modo duo aequi-
les in demeritis: et volo quod hodie unus co-
mittat multa mala circa homines: et alius non: 
quaero utrum ille qui peccauit hodie: plus pu
nitur an non: si non: igitur erit aliquod peccatum impu-
nitum: et sic aliquid deordinatum in regno dei: et 
iniustitia regnaret libera. Contra Anselmus. primo 
cur deus homo c. xii. Sexto sic. diabolus potest 
appetere iustitiam: ergo potest habere iustitiam. antecedens pro-
bo: quia potest recto iudicio iudicare / iustitia est 
bonum. et potest se volendo conformare illi dicta-
mini ergo potest appetere iustitiam et poenitere. Quod 
possit se conformare illi dictamini apparet: 
quia in demonibus naturalia integra rema-
nent. sed nihil magis est in potestate volunta-
tis actu suo. ergo etc. Prima consequentia patet per Anselmus 
de concoru capitulo xviii Nullus potest velle rectitudi-
nem nisi eam habeat: ergo etc. Septimo ad prin
cipale. Si sic: oporteret quod omnis homo haberet 
discretionem spirituum. contra aplitum idicut. Corum xii. consequenti
patet. quia aliter non posset discernere inter bo 
num et malum: neque sciret quando esset bono obe-
diendum / vel resistendum malo. consequens est inconve-
niens. Octavo ad principale. si sic: tunc po
set sibi vnire corpus: et in eo aexercere opera
tiones vite. consequens falsum. consequentia patet: quia sic les 
tur factum Cobie v. et xii et in Oen. de ange-
is apparentibus Lotu: et cum eis commeden-
tibus. et in aliis locis multis. falsitas conse-
quentis patet: quia tunc posset in corpore sic assum
pto loqui et audire: et exercere operationes 
animae vegetative: puta commedere / nutrire 
et generare. consequens falsum. Nono ad princi-
pale. si sic: in angelis bonis forent volubi
les cogitationes contra Augustinum xxto de triniat c. xvi et 
xii. contessionum capitulo xii Sic interim sentio pro-
pter illud celum celi: celum intelligibile ubi 
est intellectus nosse non ex parte: non in eni-
gmate: non per speculum: sed simul totum 
in manifestatione faciei ad faciem: non mo-
do hoc / modo illud: sed dictum est nosse si
mul sine vlla vicissitudine temporum. consequentia 
patet. Secundo adueniente noua cogitatio 
ne qua cogitat de isto homine nouiter sibi 
commisso: remittitur in aliquo cogitatio de
deo: vel non. Si non: ergo potest distinctae 
de isto et de deo cogitare aeque perfecte ut 
prius. ergo de tertio et quarto eadem ratio
ne. ergo sic addendo novas cogitationes di</Unicode>
            </TextEquiv>
        </TextRegion>
    </Page>
</PcGts>
