2550 3300
329 203 1280 275 stinctas habebit processum infinitum. et sic an-
341 260 1286 339 gelus foret infinite virtutis in cogitando. Si
349 322 1283 380 dicatur quod sic: tunc angelus solicitus circa custo
344 372 1293 439 diam debet diminuere suam beatitudinem. consequens fal
345 422 1286 492 sum. Decimo ad principale. si sic: tunc chri
343 488 1279 549 stus habuit angelum custodem. consequentia patet: quia de
344 539 1281 604 buit per omnia fratribus similari: sicut dicitur ad
345 592 1287 659 haeb. ii. Confirmatur: quia ita fuit de factoqia
335 651 1274 714 Tucet xxii. Apparuit illi angelus de celo com
339 708 1280 772 fortans eum. falsitas consequentis patet: quia hoc fuisset
345 759 1281 823 trustra: cum anima sua fuit beatior quicumque ange-
338 817 1274 883 lo in primo instanti suae conceptionis. Ad op-
341 876 1272 947 positum est magister ii sententiarum. Et hiero. sup
347 933 1284 996 llud Mat xviii. Angeli eorum in celis etc
336 996 1284 1052 Mhagna dignitas animarum ut vnaqueque ha
331 1045 1278 1107 beat ab exordio nativitatis suae in custodiam
329 1100 1274 1163 sui angelum deputatum. Similiter est ad idem Are.
329 1156 1275 1218 sicut ibidem allegat magiter sententiarum Item in psal
341 1211 1272 1276 singelis suis deus mandauit de te etc. Ad
336 1267 1269 1339 istam quastionem dico quod sic: quia hoc est sctis perri
327 1323 1278 1391 bus reuelatum: et miraculis confirmatum.
381 1384 1269 1443 Ad primum principale: cuius questio princi
329 1441 1262 1507 palis est: an cum beatitudine creaturae possit
338 1495 1275 1555 stare error. Non video pro nunc quin ista conclu-
334 1556 1278 1611 sio sit concedenda: videlicet quod angelus beatus
329 1611 1274 1667 vel anima beata possit consentire propositionibus fal-
330 1664 1274 1723 sis et errare: licet de facto non erret. hoc potest
332 1713 1284 1780 sic persuaderi. nulla notitia creaturae est sic ne
328 1775 1283 1836 cessaria ad beatitudinem: quin cum ignorantia ve
333 1824 1278 1894 ritatis de creaturis stet perfecta beatitudo ex
335 1886 1271 1951 sola cognitione dei manuteneat ergo deus
329 1940 1275 2004 cognitionem suam beatificam in mente angeli: et
330 1995 1271 2063 ponatur cum eadem error: et tunc erunt simul ista
327 2049 1277 2111 duo vera. iste est beatus: et istae errat. vde istud
341 2108 1272 2163 fieri non includit contradictionem. Praeterea.
335 2163 1268 2227 sicut omnis homo naturaliter appetit non falli: ita
333 2219 1280 2275 appetit non ignorare: quia omnes homines natura-
335 2268 1280 2330 liter scire desiderant. sed ignorantia multarum
330 2323 1275 2386 scientiarum stat cum beatitudine: et ignorantia
331 2393 1271 2447 veritatum de deo quantum ad administratio-
335 2437 1268 2502 nem creaturarum. Unde hiero. super illud Epehen.
329 2491 1265 2556 iii. Ut innotescat principatibus et potestatibus
323 2555 1269 2619 in celestibus per ecclesiam multiformis sapientia
330 2606 1266 2663 dei. dicit quod sacramentum incarnationis non
312 2655 1263 2717 fuit plenarie intellectum ab angelis ante pas-
326 2708 1278 2778 sionem christi. Et hoc probat per: quaestiones quis
335 2768 1271 2829 fecerunt minores deo ascendente: quarum vna
329 2820 1280 2891 scribitur esa lxiii Quins est istae: qui venit de
327 2886 1268 2940 edom etc: Secunda in psao. Quins est istae rex glie:
331 2945 1283 3004 Confirmatur ista ratio primo per illud Augusti.
328 2995 1274 3060 ueio confelis capitulo iii Infelix ille homo qui scit ora
323 3042 1283 3106 te autem nescit. beatus autem qui te scit: etiam
332 3107 1281 3170 si illa nesciat. qui vero te et illa nouerit: non
1328 204 2276 267 propter illa beatior: sed propter te solum
1334 264 2279 323 beatus est. ergo notitia de multis creaturis
1335 324 2282 379 non est necessaria ad beatitudinem creature:
1337 381 2264 435 notitia tamen creaturae beate est necessaria
1334 436 2282 499 ad beatitudinem. Praeterea Dionvsi iii et
1327 484 2277 560 iiii. celestis hierarchie dicit quod angeli supe-
1334 540 2283 602 riores illuminant inferiores: et purgant a ne
1325 595 2286 664 scientia: ergo in beatis est nescientia. ergo etc. Sed
1337 652 2279 708 ubicumque est nescientia: potest esse error de crea
1331 702 2262 779 turis. Praeterea. causet deus in angelo no-
1328 764 2276 827 titiam istius / sol orietur cras. non obstante ista no-
1326 818 2273 881 titia: deus potest impedire ne sol oriatur: alio-
1335 884 2284 947 quin non esset omnipotens: quia creasset vnam noti-
1329 932 2295 1003 tiam in angelo / quam non posset destruere vel-
1334 995 2283 1052 mutare. igitur potest facere quod angelus erra-
1331 1053 2289 1120 uit et tamen non fuit eo minus beatus. Sic ergo pa
1327 1100 2295 1163 tet quod illud quod pro inconvenienti deducitur in
1329 1164 2277 1227 primo principali: non est saltem impossibile. Se
1326 1220 2273 1281 cundo dico quod forte angeli de facto non errant
1331 1275 2272 1340 quia potest esse quod deus non coagit eis ad elicien-
1332 1332 2284 1389 dum aliquod iudicium erroneum. vnde nulli iudicio:
1331 1388 2286 1455 erroneo assentiunt. Item sic. vnus angelus potest
1326 1436 2277 1507 loqui alteri secundum omnes. pono ergo quod deus sine
1326 1500 2273 1560 voluntate angeli ponat in angelo notitiam
1325 1549 2280 1626 istius a et omnia quae angelus causat quando loquitur
1331 1612 2271 1681 alteri: scilicet b. tunc a cum b praesentabit eum loquoi
1332 1660 2273 1723 ergo errabit. Contra tamen primam conclu-
1332 1715 2271 1795 sionem occurrit Anselmus de similibus capc. vi ubi lo-
1325 1782 2271 1843 quens de sapientia futurae beatitudinis aii
1323 1828 2274 1890 sic. Itus est qui cum deo est. perfecta enim sapien-
1323 1889 2263 1955 tia replebitur: eumque facie ad faciem intuebitur
1325 1940 2274 2004 quadiu ista prospexerit: creaturae totius natu-
1329 2003 2279 2072 ram videbit: quae in deo melius quam in seipsa
1326 2060 2274 2123 consistit. Tunc aetenim iusti cuncta scient quae
1326 2104 2290 2172 deus facit scienda: tam ea quae sunt praeteri-
1320 2165 2291 2234 ta / quam ea quae sutem futura. Ibi a singulis omnes
1341 2212 2286 2283 lli ab hominibus singuli cognoscentur: nec
1338 2275 2292 2347 quicquam omnino latebit: qua patria: qua gente:
1341 2331 2289 2403 qua slirpe quis editus fuerit: vel etiam quid
1335 2391 2275 2451 in vita sua fecerit. Et in caplo sequenti de
1329 2436 2281 2507 hoc verbo mouet vltimo dubitationem;: nun
1329 2498 2293 2564 quid omnia peccata singulis patebunt: Et respondet
1329 2556 2285 2612 quod sic: et quicquid fecerit vnusquisque vnde deus
1328 2612 2289 2673 est laudandus: sed propter rem factam deus:
1320 2658 2289 2736 laudandus: ergo nullius veritatis ignoram:
1313 2707 2260 2787 tia erit in beatitudine: nec aliquid erroris.
1317 2771 2264 2834 Sed ad illud potest dici quod Anselmum loquitur
1328 2834 2268 2891 de facto: non quin aliter esse posset. Similiter dictum
1323 2876 2272 2958 suum est valde dubium: cum ponat quod quilibet bea
1319 2932 2262 3012 tus sciet omnia scibilis simul: et per consequens tot sciet
1323 2996 2252 3056 minimus beatus sicut anima christi ergo secundum eum quili
1328 3047 2284 3108 bet beatus sciet infinita: quia spes numerorum et
1323 3094 2275 3187 figurarum et conclusiones geometrie et arithr-
