2550 3300
263 196 1217 259 Unde inter locutionem et illuminationem
269 267 1218 323 assignatur multiplex differentia. Primo quia lo
275 323 1219 371 cutio potest esse de veriset falsis indifferen-
272 372 1215 427 ter: sed illuminatio et reuelatio tantum fit de ve
270 420 1224 475 ris. Secundo quia locutio potest fieri indifferenter
281 475 1211 539 de noto prius utrique: vel de aliquo noviter non
269 540 1228 595 so illi cui fit locutio. sed reuelatio et illumima
279 591 1218 652 tio semper fit de aliquom noviter noto et notifi-
281 648 1212 707 canado illi cui illuminatio fit. Tertio quia omnis
269 707 1224 763 qui illuminat vel reuelat loquitur: sed non
272 763 1231 820 econverso. Quarto quia illuminatio est tantum su
278 820 1223 886 periorum: et locutio omnim. Quinto quia locutio
272 868 1212 936 est de omni vero: illuminatio de aliqua tantum sup-
263 923 1214 987 naturaliter secundum Anselmus. Sed contra istud arguitur
278 977 1215 1037 Ocliam super sententias. Ponitur enim in ii a Ioanne
272 1035 1218 1107 scoto quod angelus superior ex praesentia sua ad agen
284 1092 1227 1154 dum confortat lumen itellectus inferioris: et sic
272 1157 1213 1219 illuminat. Contra. quando est confortatio aliquoum
281 1207 1207 1286 illa est mutua sicut patet. quia enim magnus ignis
293 1273 1218 1323 confortat paruum: ideo et paruus confortat ma
287 1320 1212 1386 gnum: ergo si superior ex tali sibi resistentia confor-
281 1375 1210 1435 tat inferiore: ita poterit inferior illumina-
284 1433 1224 1491 re supeiorem. Praeterea. tunc beatitudo vnius
281 1491 1221 1547 depederet ab alio confortante: consequens falsum.
294 1549 1224 1611 Praeterea quaero quid intelligit per istam conforta
285 1602 1233 1666 tionem: an conservationem intellectus angelici
282 1668 1240 1715 an augmentationem alicuius luminis in itelle
287 1723 1228 1784 ctu : Primum non potest esse: quia intellectus ange
281 1764 1221 1823 licus conservatur a solo deo: sicut et causatur.
291 1823 1230 1883 Nec secundo modo potest dici per idem: quia istud lumen
281 1876 1217 1938 a solo deo augeri potest: sicut et ab illo solo crec
278 1932 1224 1988 tur: ideo tenet quod nullo modo agit superior in in-
281 1988 1221 2044 feriorem: quin eodem modo agat inferior in supe-
273 2043 1221 2115 riorem: quia nullus angelus agit in alium nisi per
285 2100 1219 2169 modum obiecti: qua scilicet vnus potest esse obiectum in-
278 2155 1230 2211 tellectionis et volitionis alterius. et sic agere
275 2217 1229 2266 ita competit inferiori sicut superiori: et econtra
287 2264 1235 2331 rio. Sed quia ista opinio negat actus hierarchi
286 2325 1224 2379 cos et ordinem traditum a scto Dion vsio: licet
287 2381 1236 2436 neutra pars posset evidenter probari: malo tamen
287 2428 1235 2506 dictis sctorum fauere. Ad primum quando argui
281 2492 1224 2547 tur quod inferior illuminat superiorem etc. Dico
297 2548 1231 2614 quod neganda est consequentia: quia inferior est in poten
288 2604 1230 2663 tia vt illuminetur a superiori: et non econtrario
289 2656 1229 2715 sic corpora elementaria conseruantur et fortifi
293 2711 1236 2771 cantur in suis actionibus a corporibus celesti-
290 2772 1236 2826 bus: et tamen non confortant nec fortificant corpora
287 2835 1234 2894 celestia in suis actionibus. Et quando arguitur sic:
297 2876 1229 2939 maius confortat minus et econverso: quia confor
296 2935 1231 2992 tatio debet esse mulua: sicut patet de duobus igni
296 2988 1231 3044 bus. Philosophus dicit quod quando duo agentia sunt di-
299 3044 1233 3104 versae speciei: non est verum quod accipitur. sicut ignis
296 3100 1230 3179 in sua spehera conseruatur ex vicinitate
1277 196 2225 269 corporis celestis: et tamen in nullo confortat cor
1283 253 2225 314 pus celeste. Similiter ponatur quod anima sensitiva in
1279 308 2232 368 homine foret distincta ab intellectiva: ipsa sen-
1270 372 2235 427 sitiva confortaretur in suis sensationibus et actio
1280 420 2216 483 nibus per intellectivam: sed intellectiva non per
1277 469 2216 531 sensitivam: maxime tenendo opinionem commentoris
1283 531 2214 587 de intellectu possibili: quam ponit iii de anima
1283 588 2207 654 ommento v Ad secundum non valet consequentia: quia in iis quo
1269 636 2220 700 ad btitudinem essentialem requiruntur: non illumi-
1268 699 2210 775 natur angelus ab angelo. Ad tertium quando quarit
1283 756 2216 830 quid intelligitur per illam confortationem luminis
1277 811 2231 866 intellectualis in angelo inferiori. Posset
1277 868 2235 924 dici quod sicut in corporibus ordinatis secundum situm
1280 924 2231 986 superius corpus saluat illud quod continet: vnde
1274 979 2235 1040 dicitur actus respectu inferioris. iiii. Phoru capitulo xii
1265 1037 2226 1106 Ita ex ordine naturali habet superior angelus
1284 1090 2228 1163 puo potest coagere ad causandum notitiam in men
1272 1149 2232 1227 te inferioris quando vult. et tunc producitur notitia
1277 1203 2229 1267 clarior: vel formatur conceptus evidentior quam si
1274 1268 2222 1323 solus inferior causet per se: et tunc dicitur illumina-
1272 1330 2226 1380 ri et purgari non ab imunditia: sed a nescitia:
1280 1372 2225 1454 quia nunc scit aliquid quod prius ignorauit. Si ergo
1279 1435 2232 1491 ad formam istius argumenti dicendum est negan
1284 1492 2218 1547 do consequentiam. quilibet loquitur alteri: ergo quilibet il-
1281 1545 2211 1603 luminat alterum propt causas praedictas. Ad
1290 1603 2223 1678 quaertum quando arguitur: si vnus loquatur alteri: hoc
1278 1660 2210 1732 erit per signum. Potest dici quod non videtur loqui per si-
1279 1716 2222 1779 gnum aliquod existens in loquente: ita quod in lo-
1278 1770 2232 1839 quente sint duo conceptus: quorum unus sit signum
1275 1828 2226 1882 alterius: sicut in nostra locutione sunt duo si
1275 1883 2235 1942 gniasil cet conceptus et vot extra: sed fit locutio ex
1271 1940 2227 2013 sola ordinatione voluntatis angelicae: qui vult
1280 1995 2231 2059 quod sua cogitationinotescat alteri: quia tunc deus
1271 2052 2222 2106 coagit ad illam notitiam causandam in alio ad
1281 2108 2222 2162 que locutio dirigitur. Ad quintum dico quod sic-
1280 2163 2229 2232 ut gramaticus dicit quod homo est nome scilicet quod ista
1281 2217 2237 2276 vox homo est nomen: ita et angelus potest dicere al-
1280 2268 2226 2331 teri quod ista vox homo est nomen bissyllabum. et
1281 2317 2216 2399 subiectum illius propositionis formate ab angelo
1287 2386 2226 2455 est vnus conceptus angelicus: supponens signifit
1283 2438 2241 2508 cative pro tali voce homo. et sequitur: supponit si
1279 2484 2219 2552 gnificative: ergo propositio est falsa: licet ista voca
1272 2550 2244 2620 lis prolata a nobis / homo est bissyllabum: sit fal-
1278 2604 2217 2675 sa: capto subiecto significative: sicut patet
1303 2663 2212 2731 Ad sextum quando arguitur quod vnus angelus posse
1277 2715 2211 2778 decipere alium. Potest dici quod non valet illud ar-
1282 2779 2217 2839 gumentum: sed procedit ac si locutio fieret per si-
1280 2828 2210 2893 gnum inloquente : quod non est verum. Ad septimim
1281 2891 2211 2947 quando quaritur quo vnus agelus potest pincipere: an aliu
1281 2940 2211 2995 dicat assertive aliquid an recitative: patet fa
1290 2995 2226 3062 ciliter: quia deus causat veraciter notitiam quae iu
1291 3044 2227 3123 dicabit de notitia alterius sict res se habet. Sed
1278 3101 2224 3187 illud argumentum simiter supponit quod fieret locu
