2550 3300
268 187 1243 250 terminorum cum libertate potentiae motive.
273 244 1219 298 Et similiter cum eius limitatione: quia verum est quod licet po
271 294 1227 356 tent: a motiva angeli foret infinita: et non tantum
271 359 1230 411 finita: sic adhuc non posset se movere sub-
278 401 1218 474 ito. Ad quartam quando arguitur. nulla est finita pro
277 459 1223 531 portio motus angeli ad motum corporis in velo
275 524 1235 588 citate: nego consequentiam. Concedo tamen quod licet nulla
297 572 1229 634 proportio motus localis ageli ad motum loca
281 636 1235 695 le corporis in aliis conditionibus quabusdam: puta
281 681 1235 747 in occupando locum et commensurando se dimensio
280 740 1244 809 nibus spatii et huiusmoni. sed in duratione et in tempore bene
291 796 1235 859 est proportio: veluti si per possibile vel impossi
293 851 1239 915 bile poneretur vna superficies moueri: tunc il-
296 907 1242 971 lius superficiei ad corpus nulla esset proportio: et
293 972 1230 1028 tamen in eodem tempore fieri possent: et sic aliqua modo aeque ve-
311 1019 1245 1082 lociter. Aiter potest dici concedendo conclusio
300 1083 1236 1139 nem quod inter illas velocitates nulla proportio
293 1132 1246 1195 est: quia non sunt eiusdem generis: et ideo non iunt ad
292 1196 1248 1256 invicem comprabiles: quamuis tamen vtraque velocitas
294 1245 1235 1312 sit finita: sicut inter velocitatem conformen et disco
301 1300 1251 1371 formen nulla est proportio: et tamen neutra est ve-
305 1357 1244 1427 locitas infinita. Ad quintam quand dicitur quod non pl-
305 1412 1245 1486 resistit medium angelo quod etc patet per superius di
315 1468 1253 1539 cta quod non includit contradictionem motum fieri in va
321 1527 1245 1595 tuo: nec est processus Aristoteles ibi demonstratiuus
313 1587 1252 1652 quia omittit illam resistentiam quae oritur ex distantia
308 1643 1262 1707 media termiorum: et similiter ex ipsa magnitudinem
311 1694 1256 1755 mobilis. Nam si imaginemur quod mobile bi
312 1748 1254 1820 pedale sit in loco aeris medio aere adnihi
305 1804 1242 1872 lato: et sit illa quantitas bipedalis a b: sitqu
306 1859 1254 1930 bsupius et a inferius: manifestum est quod prius partiger
294 1924 1244 1986 a ad terram quam b: si ambo debeant perforare ter
308 1979 1245 2043 ram: quia quando a tangit superficiem: b distat a terra
315 2027 1250 2097 per quantitatem pedale. Ad sextam quando arguitur.
308 2074 1251 2148 sint a et b duo loca distincta totaliter: et movea
299 2132 1251 2205 tur angelus ab a in b. quaeritur quando mouetur etc: Di
318 2196 1260 2259 co ad hoc sict de corpore: quod vel illa sunt contigua:
306 2251 1254 2316 ita quod non est aliquis locus medius distinctus tota
299 2300 1250 2371 liter ab vtroque: vlem aliquis talis locus. si primo
302 2379 1266 2441 tunc mouetur quando deserit mediam partem de a: et ac-
304 2412 1259 2499 quirit partem deb. et sic est partim in termio a quae et par-
307 2484 1263 2547 tim i termino ad quem: non partitione mobili: sed
311 2539 1264 2606 partitione locisicut si imaginemur quod adni
314 2605 1247 2668 hilato corpore hominis / maneret anima in eodem lo-
305 2643 1265 2715 co in quo nunc est eodem modo sicut. nunc est: tuncoc
310 2693 1257 2778 cuparet locum suo modo occupandi: hoc est foret
319 2756 1253 2827 diffinitive ubi modo est corpus. Si vero tunc ima
316 2812 1256 2888 ginemur quod ipsa tantum locum debeat occupare
307 2860 1246 2936 semper illo modo occupandi: et cum hoc quod sit mo
311 2923 1257 2999 bile: ponanus quodm ipsa ascendat versus celum: tunc
304 2990 1256 3043 cum fuerit versus iuperius distans a terra per unum
320 3034 1251 3117 pedem: ista henbit sex pedes de loco priori: et
317 3088 1245 3174 unum pedem tantum de loco nouo qui fuit alteri ci
1292 189 2241 259 tiguatus: et sic erit partim in termio a quae et par:
1290 251 2241 307 tim in termino ad quem: et sic contigit faciliter
1294 303 2244 363 imaginari motum localem ageli: si sit in loco.
1283 356 2252 419 Similiter si inter loca distincta totaliter sit locus me-
1283 418 2240 479 dius: eodem modo dicendum est. Si autem agelus pone
1286 476 2255 540 retur esse in loco puenctali: sic tu quod nihil tangeret
1290 521 2244 587 adhuc posset imaginari medium quantum ad
1293 580 2253 635 iuccessionem: quia inter quocumque duo puncta contigit
1296 636 2253 690 imaginari lineam: hoc e logitudinem mediam.
1296 692 2251 747 Ad septimam quand dicitur quod angeli qui mittuntur ad
1295 755 2240 803 nos sunt sil in celo et in terra: et hoc videtur inve
1288 805 2246 859 re oro de agelis. Deus quae miro ordine etc. vbi
1293 866 2248 927 petitur ut quibus tibi ministrantibus in celo semper
1283 917 2262 971 adsistitur: ab his in terra nostra muniatur. potest di
1292 971 2249 1040 ci quod sensus est: quod ecclia petit quod ab his qui
1285 1028 2250 1085 nunc mistrant deo in celo: et semper adsistunt ei:
1298 1084 2240 1154 vita nostra muniatur in terris. licet enim angeli non
1293 1139 2241 1211 semper adsinstant deo in celo fruendo ipso: sempr
1296 1200 2245 1273 tamen ei adsistunt. Aliter potest dici quod sit ibi demo-
1290 1251 2253 1311 stratio generalis: non siugularis: vt sit sensus
1290 1309 2260 1383 quatenus ab eis id est. spiritibus angelicis: quorum aliquoi
1292 1364 2259 1427 semper tibi adsistunt in celo: ab his: hoc est ab hu-
1296 1422 2270 1500 iusmodi vita nostra muniatur in tris. Item potest di
1296 1483 2272 1536 ci quod ecclia petit quod ab ilul vita nostra in tris mu
1304 1547 2262 1609 niatur per orones et missiones inferiorum agelorum:
1308 1596 2253 1651 et sic quod muniant mediate: licet non imediate.
1305 1643 2242 1715 Ad confirmationem argumenti cum probatur quod
1314 1709 2257 1766 iidem angeli sut in celo: et mistrant hoc nob in fra:
1311 1767 2245 1830 per hoc dictum Tombnes xii Ego sum vie aphael unus de
1301 1819 2247 1889 septem qui adstamus ante deum. Dicendum quod isteturm
1300 1875 2262 1938 nus adsistere est aequocus apoer sctuos: quando de ange
1298 1924 2261 1984 lis faciunt mentionem. Nam adsistere uno modoi-
1301 1989 2268 2051 cludit misterium apotes nos. vn fac Greti. di-
1313 2035 2267 2098 stictionem et Dionu. similiter inter adsistentes et mi
1312 2092 2264 2154 nistrantes. immo secundum Dionus. soli de prima hie
1302 2156 2256 2211 rarchia adsistunt: quia adsistere isto modo acci-
1313 2204 2265 2267 pitur ad silitudinem eorum qui regibus adsistunt: quao ideo
1301 2266 2276 2324 dicutur regi adsistere: quia ab eo pro officiis ex-
1319 2312 2265 2379 terioribus non recedunt. Alio modo dicutur ad-
1301 2375 2268 2435 sistere deo: quia ab eo suam voluntatem immediate
1307 2428 2274 2487 addiscunt. isto modo isti de summahierarchia
1313 2484 2259 2562 dicutur deo adsistere: quia immediate ab ipso il-
1308 2539 2275 2603 lumiationes recipiunt: aliivbo per eos. Aliquando ac
1304 2597 2272 2659 cipitur iste tumminus adsistere pro fruivel contemplari
1305 2652 2275 2715 continue divinam essentiam: et sic omnes sper adsistunt:
1296 2715 2270 2771 vuende Orae. supevecoeum capitulo xxxiiii. Iili spictens quai mit
1304 2770 2262 2835 tuntur ad nos: sper adsistunt deo: ipsum sper conteplam
1302 2826 2270 2882 tes: quia quacumque mittatur: sper intra ipsum currunt: et
1301 2879 2267 2933 ipsum contemplant. Et sic potest intelligi quod die ange
1306 2932 2275 2996 ius Cobie. Ad octavam quando dicitur quod agelus potest sit
1316 2987 2275 3062 esse in celo et in terra: et quia supponit quod possint
1304 3037 2276 3115 simul in diversis esse locis: videtur mihi quod istud
1289 3104 2262 3179 argumentum concludit veru: videlicet quod possi-
