2550 3300
384 196 1278 259 Sed contra primam opinionem potest argui. quia si
304 251 1264 320 illa foret causa confirmationis bonorum: videlicet quod
323 316 1272 371 ex istimant firmissime quod non deberent pecca
323 361 1265 425 re sub pena damnationis etne: sequeretur quod vic
329 412 1276 475 tor posset facere se impeccabilem. nam possibile
317 471 1265 530 est quod aliquis ita firmitur hoc credat: sicut credit
323 527 1256 602 quod omne totum est maius sua parte: igitur talis non
321 586 1272 650 posset peccare stante tali adhesioe: immo quano-
318 652 1265 699 cumque homo haberet tale iudicium: si fecero hoc damna
318 699 1264 771 bor: non posset peccare. Praeterea. sequitur quod per
312 756 1270 811 fecta btitudo dependeret ex cognitone crea-
313 806 1259 867 turae miserrime. consequens est falsum: et contra Augustinum
315 868 1257 924 volentem quod beatitudo ex sola dei cognitione de
306 924 1265 987 pendet. conseqentia patet: quia angelus non potest scire se esse
305 980 1262 1041 beatum nisi sciret se esse confirmatum: nec sciret
304 1038 1253 1099 hoc nisi staret illud iudicium in mente sua: sed
308 1095 1259 1159 peccavero damnabor. igitur de esse beatitudi
314 1148 1257 1218 nis esset cogitare de miseria. Praeterea sta
312 1212 1260 1267 tuat deus quod nulla creatura damnabitur aeter
312 1260 1259 1322 nalitur: hoc potest. quia libere potest ouoadinare et sta
312 1323 1250 1395 tuere quod quaecumque creatura peccaret: puni
305 1379 1260 1434 retur temporaliter solum: quo posito: quaero vtrum angelus
304 1430 1260 1499 beatus possit peccare an non: si sic: tunc non et
299 1483 1266 1555 set impeccabilis. si non: et non impeditur nisi per ta
302 1541 1254 1619 le iudicium quod est erroneum intali casu: igitur per
308 1595 1257 1667 iudicium erroneum foret confirmatus. Praeterea
307 1659 1254 1716 capio istod iudicium scilicet angeli: si fecero contra iu-
301 1716 1257 1772 dicium rationis: damnabor aeternaliter. quaero vtrum
311 1771 1257 1835 iudicat quod ista conditionalis est necessaria an
306 1827 1263 1883 contingens: Si iudicat quod est necessaria: de
306 1883 1254 1939 cipitur et errat: quia deus posset facere quod antecedens
297 1939 1259 1995 foret verum sine consequente. igitur iudicat contra iu
309 2002 1254 2052 dicium recte rationis diuine saltem: igitur non est bea
306 2049 1263 2106 tus. Si dicatur quod iudicat hanc conditionalem esse
296 2101 1272 2162 contingentem: igitur credit quod ita posset esse sicut
294 2164 1254 2227 per antecedens denotatur: absque hoc quod ita sit sicut per
299 2212 1253 2283 consequens denotatur: ergo non credit hoc firmissime
305 2275 1248 2331 ergo potest velle antecedens sine timore consequent
356 2323 1256 2397 Praeterea. si ideo non potest velle contra rectum iu
308 2379 1259 2456 dicium rationis: quia non potest velle miseriam: et ista
306 2436 1262 2498 sola sit causa quare non potest velle male: et non di
305 2496 1257 2555 lectio qua diligit deum: igitur magis confirma
299 2548 1251 2618 tur per hoc quod odit penam / quam per aliquid aliud. ergo
311 2604 1255 2667 odium poene est causa quare angelus beatus perseveran-
296 2667 1259 2722 ter diligit deum. ergo magis diligit deum timore
318 2717 1257 2779 pene quod amore sui: quod est inconveniens. Ista
311 2775 1246 2835 sententia pro nunc quae est scti Thome in ista quaestione
311 2843 1249 2893 magis mihi placet: quae sententia omnino accipitur ex
309 2883 1249 2939 dictis philosophi vii Ethiorum capitulo iii quae veitr consistere
310 2939 1254 2995 in hoc: quod omne peccatum ex errore vel concupiscen
290 2996 1250 3051 tia vel negligentia est praecedente. Et concor
290 3044 1251 3124 dat cum Goetio praemo de consolatione prosa v
320 3116 1254 3185 ubi prahilosophia loquens Ioctio dicit sic.
1331 188 2286 276 Atqui tibi talia contuleramus: quae nisi abie-
1328 259 2281 332 cisses: invicta te firmitate tuerentur. quia igitur
1313 307 2286 379 in beatis est notitia in vli et particulari: et iu
1329 362 2268 429 dicium quod nullo modo est peccandum: nec ab illo
1320 412 2265 491 iudicio neque per errorem neque per negligentiam con
1316 464 2274 541 siderandi possunt auerti: et istud iudicium in eis a
1322 524 2267 603 deo conservatur: ideo actum malum non possunt esi
1322 588 2273 666 cere: quia hoc necessario foret per iudicium contrarium
1313 628 2263 715 quod nullo modo habere possunt. Aliter potest
1313 692 2269 778 dici: et istud potest servire pro confirmatione et
1320 755 2263 827 obstinatione similiter: videlicet quod indifferentia
1309 812 2266 884 voluntatis vel libertas non est infinitae virtu-
1307 867 2258 935 tis: sed tantum finitae: et lideo sicut potest ab aliquo habet
1319 923 2271 1006 tu inclinari et facilitari: ita potest ab aliqua ha
1309 973 2265 1060 bitu creabili a deo necessitari ad unum. Iste
1304 1043 2278 1120 autem habitus in beatis est gratra confirmata: quae vi
1307 1100 2263 1163 dens deum / necessitatur ad causandum dilectio
1307 1156 2264 1238 nem erga deum. et potest esse quod necessitatur per
1308 1213 2269 1277 obiectum et habitu: per lumen glie ad certum iu
1317 1262 2266 1340 dicium: ita quod istis tribus concurrentibus visione
1313 1322 2275 1395 clara dei: lumine glie: et habitu gre: necessi
1317 1380 2271 1452 tatur modo naturae voluntas ad actum sibi conve
1310 1435 2269 1506 nientissimum. Ccontrario in malis pro poena in-
1305 1489 2260 1571 Nigitur habitus odiendi et tenebra erroris cum
1305 1548 2266 1620 parverso iudicio: et hunc deus in malis conservat
1319 1610 2274 1675 ta quod non est in eorum potestate istam destruere. vnde
1304 1661 2259 1731 relinquitur ut bene opari non possint. Unde ha
1319 1709 2260 1786 bitus talis in malis est causa obstinationis ma
1301 1765 2268 1843 lorum. Et hoc est quod dicit magister libro ii dicione viic
1314 1819 2262 1907 itulo iii quod mali hount liberum arbitrium: sed depres-
1305 1876 2253 1955 sum atquam corruptum: quod surgere ad bonum non
1302 1939 2269 2011 valeant. Ista autem depssio vel corruptio libe
1308 1995 2257 2074 ri arbitru non potest facilius intelligi quam per habi
1308 2051 2260 2124 tum creatum in eis a deo: quao sistitur indifferentia vo
1313 2102 2263 2178 luntatis: et determinatur eius libertas ad unum
1305 2157 2266 2242 secundum iudicium parversum et istum malum habitum ha
1308 2210 2267 2288 bere meruerunt quando peccauerunt et ideo tam actus
1314 2260 2260 2343 quam habitus omnes consequentes pene sunt et actus deor
1314 2332 2258 2404 dinati sibi: licet forte per eos non demereantur
1311 2388 2257 2459 nouam penam. Secundus puctus istius articuli est:
1313 2443 2254 2515 an angeli beati custodes hominim mereantur: et
1302 2501 2250 2571 an demones exercitatores demereantur. In
1306 2547 2248 2622 isto puncto mihi apparet dicendum quod neutra
1313 2612 2253 2683 pas potest rationabiliter. probari vel improbari. Con
1305 2652 2252 2739 stat enim bonos angelos multos actus elice-
1299 2724 2262 2796 re circa nos libere: secundum omnes circumstantias vir
1295 2779 2242 2864 tuose: et certum est quod sunt in gratia. ergo videtur quod
1295 2836 2261 2912 mereaitur. consequentia patet: quia non sunt plurarequisita
1299 2883 2262 2963 in nobis ad meritum. Similiter ex alia parte de ma
1293 2939 2263 3011 lis probabile est quod multos actus libere exer-
1308 3003 2253 3066 cent et vitiose: secundum omnes vel plures circumstan-
1308 3055 2248 3122 tias: igitur videtur quod demereantur. Antecedes et consequentia
1298 3116 2251 3203 patet. na apgelus apparens homini potest velocius vel
