2550 3300
326 218 1262 281 obligat eum quam votum et pono semper cetera pa
317 275 1272 323 ria: exceptis illis qui partinent ad iuramentum et
325 315 1265 371 votum. Praeterea in voto difficilior est ab
330 371 1254 427 solutio: quia est casus reseruatus pape vel epe
332 428 1263 504 et a transgressione iuramenti potest simplex sa
323 483 1272 560 cerdos absoluere: dum tamen non sit periurium in causa
319 539 1272 616 sanguins: vel in hereditatione. et quicumque absol
316 604 1267 667 uit aliquem de aliquo casu reseruato aepo per ca
317 656 1268 707 nonem: vel per statuta provincialia vel synoda
320 708 1265 787 lia sententiam exconicationis incurrerit: ipso facto
320 765 1260 842 in constonibus Clemeno estr de praevilegio et prvi-
326 819 1270 875 legiatis. c. i. Praeterea. in voto est diffici-
326 875 1265 938 lior dispensatio: quia secundum mlntos papa non potest
323 932 1260 995 dispensare de voto continentiae: sed in iuramento
330 988 1266 1059 faciliter dispensabit. argumentum ad hoc exra de sta
324 1051 1266 1107 tu mona. et canonicorum regularium c. Cum ad
321 1115 1263 1176 monasterium. in fi Abdicatio proprietatis: sic
318 1172 1260 1226 ut et custodia castitatis: adeo est adnexa re-
326 1220 1260 1281 gule monachali: vt contra ipsam summus potest
322 1276 1267 1338 fex non possit licentiam idulgere. haec Inno
326 1332 1253 1395 iii. tenet: liet hoc arguens non teneatur. Prae-
317 1390 1266 1451 terea: gravius videtur esse peccatum quod immediate
321 1441 1250 1521 est contra deum et contra seipsum: quam quod est immediate com
315 1513 1257 1579 proximum: sed transgressio voti est immediate contr
327 1561 1260 1620 deum et ipsum vouentem: periurium est immediate contra
323 1605 1256 1677 proximum: ergo etc. Secundus articulus est respondere
323 1667 1254 1739 ad rationes: et in respondendo ad eas quae mouentcon
327 1724 1265 1781 dicta mea: sic procedam. primo praemittam duas
323 1782 1266 1843 propositiones quais volo supponere. secundo dicam ad
320 1835 1257 1900 rationes. Circa primum sit praevia propsoitio ista. non
305 1891 1250 1947 semper gravius crimen apud deum gravius pu-
321 1947 1260 2010 nitur apud ecclesiam. Nam verberans clericum ex
306 2002 1248 2067 facili motu ire et sine deliberatione / et excoi-
308 2052 1253 2116 catus ipso facto. Et volens ex deliberatione
309 2116 1263 2171 occidere patrem et matrem et sementipsum: nonlest
317 2164 1247 2227 exconicatus ipso facto: et tamen constat quod gravis
308 2220 1262 2285 peccat. vnde notat apparatus. ii quia ii. propositi in
315 2284 1262 2347 diversis casibus: quod gravius crimen minus pr
321 2332 1268 2395 nitur. vnde casus manifestus est quod vxoricida grata
308 2393 1275 2452 vius punitur quod patricida seu matricida: et tamen
315 2445 1269 2507 minus peccat patet hoc. xxxiii qui ii admonere.
314 2508 1263 2573 et c latorem. Et causa est propter pronitatem vitii: vl
314 2563 1260 2635 pronitas refrenetur et retardetur per penam. vnde
311 2612 1248 2679 glois ibidem. non valet argumentum: hic gravi
317 2667 1257 2739 punitur: ergo gravius peccauit secundo propaiter scan-
317 2727 1256 2787 dalum. vnde fornicatio simplex actu completa pro
319 2784 1268 2850 pter scandalum gravius punitur quam summa volun
327 2843 1257 2907 tas adulterandi. Secunda proposo est quod in contraclibus
329 2901 1269 2958 et obligationibus factis homini / deus vel eccle
318 2950 1254 3020 sia diversimode iudicat et dispensat. ita quod
323 2996 1250 3059 ex difficultate dispensandi cum aliquo obli
329 3053 1260 3126 gato voto vel iuramento non arguitur maior
337 3125 1256 3197 obligatio in illo cum quo non dispensatur. Ne
1320 210 2281 286 ista consequentia valet. ecclia non dispensat in ista ob
1329 270 2277 323 ligatione: et difpensat in ista: ergo secunda est minor.
1325 325 2280 387 Patet: quia voueant aliqui duo aequali deuotione adi
1313 387 2273 451 re terram sctanm: quorum unus est rex: et alius prva
1323 435 2271 489 ta persona: et vix sufficiens sibi ipsi: isti duo ob
1313 487 2267 548 ligantur aequaliter apud deum: et tamen ecclia facilius
1316 548 2264 606 dispensaret cum puata persona quam cum rege: non
1316 604 2265 667 quia rex fuit maiori obligatioe obligatus: sed
1320 660 2271 730 quia plura bona sequentur ex impletione voti sui
1328 709 2265 778 que ex impletione voti alterius. Item profiteantur in
1313 779 2274 835 religioe sortes et plato aequali deuotione et aequi-
1316 822 2262 891 li solennitate: et sit sortes de sanguine regi:
1310 884 2259 955 et per mortem devoluatur regnum iure heredita-
1304 940 2259 1003 rio ad sortem. istent tunc sortes et plato pro dispen
1314 996 2262 1067 satione de toto voto religionis: manifestum est per
1320 1056 2256 1111 experimentum quod ecclia dispensabit cum sorte:
1323 1109 2258 1185 et negabit platoni: sicut non habenti causam: cum
1313 1169 2250 1221 dispesatio sine causa non sit dispensatio secundum iu-
1307 1220 2271 1292 ra. Item voueant uliurent sortes et plato aequali
1316 1280 2264 1339 deuotione se daturos ad terram sanctam sortes.
1320 1340 2265 1411 et plato xx. difficilius dispensabitur cum pla
1310 1402 2264 1451 tone quam cum sorte: sicut notum est. Et ideo ista
1319 1458 2267 1514 consequentia non valet: ecclia facilius absoluit et dis-
1316 1504 2267 1578 pensat in hac obligatione quam in ista: ergo illa
1310 1562 2262 1637 ae maior. Et haec est secunda propsitio. Et per hoc ad
1317 1616 2253 1691 formas argumentorum. Ad primum quando dicitur per
1316 1676 2250 1730 Augustinum de bono coniugali. quod fragentes votum co
1317 1731 2253 1786 tinentiae sunt peiores adulteris etc. Potest di-
1310 1784 2253 1843 ci quod glos ibidem soluit dicens. forte istud diciu
1314 1844 2250 1899 non quia magis deliquunt: sed quia a maiori bono
1314 1894 2247 1963 cadut: vel dicitur esse maius peccatum: quia in deum spalit
1308 1955 2253 2019 committitur: hoc glos. Ad secundum quando dicitu: contraqentes
1311 2012 2254 2065 matrimonium post votum solenne sut exconica
1311 2063 2249 2118 ti iure: et non contrahentes post periurium: ergo gravius
1300 2122 2269 2194 peccant etc. Dicendum quod non valet consequentia: sicut patet
1311 2177 2262 2235 ex prima propositione. quia non valet percutiens clericum
1312 2227 2265 2290 et cconicat: et occides laicum non exconicatur: ergo etc.
1353 2283 2268 2363 Ad tertium quando dicitur quod aliquis iurat se velle
1314 2332 2250 2397 contrahaere matrimonium: et ante contractum voueat
1312 2400 2250 2474 ioleniter continentiam: igitur si iuramentum fortius
1308 2452 2253 2514 ligaret: iste post votum solene continentiae tene
1316 2511 2262 2562 retur. Primo istam formam arguendi reduco com-
1313 2574 2256 2635 tra eum et arguo sic. Uoveat aliquis contrahe
1313 2628 2257 2684 re matrimonium: et postea ante contractum voneat
1314 2675 2262 2740 solemniter continentiam: certum est quod ecclesia iu-
1320 2734 2256 2795 dicabit pro secundo voto propter bonum seu favo
1310 2796 2252 2851 rem continentiae: igitur unum votumn magis obligat
1311 2843 2245 2905 quam aliud aequale sibi. Et sic est rationabile di
1311 2899 2250 2958 cere quod ideo magis obligat unum votum quam alium
1314 2963 2244 3028 quia est de meliori bono: quia tota vis obliga-
1305 3012 2257 3076 tiopis surgit ex assensu et deliberatione vo
1310 3067 2248 3131 ventis cum promissione facta deo. Praeterea. vo
1310 3131 2250 3203 veat aliqua mulier continentiam deo occul
