2550 3300
312 164 1257 252 te: et post contrahat in facie ecclesie: certum est quod
323 236 1262 293 mrimonium stabit: nec licet mulieri votun i-
318 284 1266 350 plere. igitur fides data in mrimonio fortius
315 341 1272 403 ligat quam votum praecedens. Praeterea voueat ali
320 398 1257 460 quis adire terra sctanm: et iuret postea se in-
311 452 1269 522 gressurum religionem: istud sequens iuramentum
323 513 1272 580 piudicat voto: et si possit probari: stabit. Unde
318 567 1264 627 vicissim invenire per ossumus in factis eccle-
303 623 1269 684 sie: quod aliquando votum piudicat iuramento: et ali
311 692 1257 739 quando iuramentum voto. Ideo ad for
314 738 1259 795 mam argumenti facti dicendum est: quod non ideo
313 796 1261 851 votum continentiae sequens iuramentum de mrimo
309 849 1263 907 nio stat: quia magis ligat quam iuramentum solen-
306 907 1267 963 ne praecedens: sed quia aequaliter ligat: sed ad maius bo
308 963 1265 1038 num ligat: nec sic faciens peierat: quia iuramen-
308 1019 1271 1095 tum suum in melius commutat. Ad quartum cum
305 1071 1259 1131 icitur. si aliquis primo voueat continentia: et postea
314 1128 1256 1189 iuret contrahere: etc. Ad istud dico quod in ca
306 1187 1263 1250 su isto iuramentum sequens nec magis obli-
308 1248 1263 1308 gat nec minus obligat: quia est illicitum illi perso
308 1305 1257 1363 ne post votum sic emissum: nec idoeo ecclia iudi
306 1364 1250 1414 cat quod votum solenne praecedens dirimat urimo
311 1416 1258 1491 nium contractum: non quod magis est obligatorium quam
312 1468 1261 1548 iuramentum in contractu: sed quia obligat ad bo
302 1532 1268 1595 num continentiae: quod communiter iudicatur esse melius
306 1586 1253 1651 quam bonum matrimonii: licet in casu sit min-
305 1636 1266 1707 bonum propter quaedam amnexa et propter circumstan
305 1698 1261 1763 tias personarum et temporum. sed ecclia iudicat secundum
314 1748 1263 1819 illud quod natum est accidere frequentius. Et
300 1805 1263 1875 ideo fauo: qui fit in voto continentiae: vel voto
305 1868 1267 1931 religionis: non fit propter ligamen obligatio
308 1923 1265 1987 nis qui contineatur in voto: sed propter excellen
305 1972 1257 2050 tem bonitatem continentiae et religiois. Unde si po
305 2035 1263 2093 namus quod aliquis iuret solemniter continentiam
310 2091 1251 2159 coram epo: et postea voueat ise contrahere: eo
309 2140 1251 2203 dirimit iuramentum votum sequens / sicut votun
298 2193 1257 2267 praecedens dirimit gratia materie iuramentum similiter
308 2260 1254 2315 ex qui clerici vel vouentes contrahere possunt
311 2307 1250 2380 caulo rursus. habetur quod votum simplex non min-
308 2364 1261 2434 obligat apud deum quam votum solenne. Ibidem
310 2420 1258 2499 in gloi dicitur sic. collige ex hoc quod hic dicitur
309 2476 1252 2555 votum ex sui natura non dirimit mrimonium
304 2526 1257 2597 sed constitutio ecclesse facta super voto. Unde
305 2587 1264 2659 ista consequentia nonsvalet: votum dirimit mrimonium
305 2643 1260 2723 igitur magis obligat quam iuramentum. quia sic se-
318 2708 1260 2782 quaretur quod votum solenne magis obligat apud
320 2756 1251 2827 deum quod votum simplex. quia solum votum solenne
314 2811 1260 2891 dirimit mfrimonium iam contractum Exe qui cleri.
312 2876 1248 2930 consuluit. Ad quintum quando sicarguitur. quia si sic:
312 2916 1255 2998 sequeretur quod tantum vel plus mereretur aliquis secu
321 2973 1261 3059 laris obediens abbati ex voto: sicut religio
314 3028 1256 3115 sus obediens ex voto: et per consequens non magis
306 3092 1258 3163 prccaret monachus inobediens quam secularis
1316 172 2275 248 frangens fidelitatis iuramentum. Ad istud diciturquom
1313 236 2277 298 nec consequentia prima valet: nec consequens est inconveniens.
1319 283 2284 355 Quod consequentia non sit bona: patet. quia tenet per hoc quod vni
1332 348 2270 403 versaliter ita est quod faciens illud ad quod ma-
1323 403 2278 471 gis obligatur: magis meretur. quod non est gnaliter
1323 459 2286 515 verum: nam si sic: servas hoc praeceptum non furabe
1323 516 2280 579 ris: magis mereretur quam subiens mrimonium:
1322 571 2287 633 vel vouens continentiam perpetuam. Similiter quod primum
1320 628 2287 691 consequens non sit inconveniens patet in multis casibus.
1326 675 2290 746 Ponatur quod aliquis sacerdos conueniat cum abba
1314 740 2283 810 te fide data / quod seruiat ecclie pochiali istius
1316 790 2289 867 istae ex fide data tunc tenetur informare pa
1316 851 2287 915 res hianos abbatis: esto quod praedicando conuer
1314 907 2286 971 tat multos infideles ad fidem in tali paro
1320 971 2281 1042 cbia: et postea insistens diligenter ad implen-
1319 1018 2295 1101 dum efficaciter iuramentum praestitum mart vrietur
1314 1083 2277 1144 ab infidelibus: certum est quod plus meretur obedien
1323 1133 2286 1211 do ex iuramento praestito abbati: quam monachus
1325 1196 2291 1271 qui dicit vnum plalterium in clauitro ad praece
1316 1251 2289 1329 ptum abbatis. Similiter principiens abbas armige
1323 1308 2278 1387 ro suo videns innocentem periclitari iniuste / quod
1317 1356 2281 1433 interponat vires virtutem iuramenti fidelitatis
1315 1423 2293 1491 et liberet innocentem. Uel mittat eum abbas
1317 1476 2287 1539 ad iustum bellum: et liberet patriam: et praecipiat
1320 1541 2287 1603 monacho quod fundat aquam super manus suas:
1322 1589 2283 1650 et obediat uterque: non est dubium quino secularis
1319 1651 2292 1708 plus meretur. Unde manifestum est quod ex maiori
1329 1707 2279 1766 merito vel minori non arguitur maius vinculum
1314 1763 2278 1835 in voto quam in iuramento: nec econtrario: quam
1317 1820 2285 1891 potest contigere quod obediens ex voto magis me
1323 1875 2282 1939 reatur: et potest contingere quod aequaliter mereatur
1314 1930 2279 1986 Si dicatur quod omnia deberet poni aequelia: tunc o-
1320 1987 2282 2051 portet imaginari quod casus includit contra-
1317 2043 2274 2101 dictionem: quia si secularis iuret obedire abba
1314 2092 2275 2171 ti in omnibus ad quo obligatur monachus pro semper
1313 2147 2280 2215 usque ad morte: iam non est secularis: sed mona
1308 2211 2274 2267 chus: et aequelis est obligatio: immo maior quam
1320 2259 2268 2323 tu est ex forma obligandi foret: si ecclia ordi
1314 2315 2264 2387 naret quod professio religionis fieret per formam
1320 2383 2280 2446 iuramenti: sicut modo fit per formam voti: licet for-
1314 2435 2276 2494 ma voti sit magis conveniens: ad significandum
1320 2492 2265 2555 quod actus profitendi religionem sit mere spotestanes
1320 2547 2274 2609 et ob amorem dei susceptus: sed vt detur argumen
1310 2596 2270 2675 to quantum dari potest in aliquam casu: poneamus quam mo
1308 2658 2275 2718 nachus de licentia abba. sui voueat deo aliquid
1310 2716 2257 2783 ad quod non tenetur ex voto pori quofactus est mo-
1302 2773 2267 2843 nachus: et obliget se scilaris iuramento eidem
1302 2830 2262 2891 abbati super consequenti casu: et sit licitum vtrique: et fi
1314 2886 2266 2947 at ab vtroque intuitu charitatis pro amore dei
1296 2924 2256 2997 intentione aequeli. concedo quod plus tenet sclari quam mo
1305 2989 2269 3058 nachus. Adsecundum inconveniens quod vilterius infertur
1308 3044 2257 3130 quod modoachus inobediens non magis peccaret quam
1296 3094 2272 3188 secularis frangens iuramentum. Dico quod concla-
