2550 3300
293 188 1252 267 buisset similitudinem dei cum quadam aequalitate
308 248 1247 314 quia hoc appetuit secundum magistrum sententiarum. Prae
307 302 1260 363 terea socius in respondendo ad quoddam argumen
293 356 1253 407 tum meum quo volui probare quod homo potest elige-
303 405 1248 467 re ratione non errantae adnihilare . concedit quod hoc
296 467 1248 522 est verum lege mutata: quae nunc est de immortali
301 516 1242 588 tate animae. Argumentum fuit tale: omnie quod potest iu-
293 578 1246 634 dicari a ratione non errante esse medium ad beati
301 628 1238 685 tudinem: potest eligi a ratione non errante: sed adn-
297 684 1245 747 hilari per aliquot dies est huiusmoni: ergo etc. Rmen
299 740 1244 809 det socius quod istud argumentum non est contra eum: quia
290 799 1235 859 posuit quod leges nunc institute non mutentur
292 857 1242 923 fsed stante lege quae nunc est: non potest eligere non
298 914 1249 980 esse. Sed contra arguo sic. mutata lege quae nunc
284 975 1239 1039 est: homo potest eligere non esse: sed legem mutari
295 1027 1246 1083 est possibile: igitur hominem eligere non esse est
283 1076 1253 1138 possibile. Praeterea aut deus potest adnihilare
297 1131 1234 1211 hominem vel non. si non : hoc est contra Augustinum super
292 1195 1236 1267 Oen et contra Anselmus de libero arbi. c. viii volen-
290 1244 1242 1316 tes quod totam substantiam quam deus creavit de ni
290 1300 1252 1379 hilo: potest redigere in nihilum. Si sic: igitur ho
298 1364 1249 1434 minem adnihilari est possibile: ergo non impe-
293 1424 1245 1494 dit aliqua impossibilitas: quin sicut homo potest
297 1475 1239 1540 velle non esse: ita potest eligere non esse. Praeter-
281 1524 1254 1596 ea christus dicit de Iuda. Mat. xxvi. Ionum
281 1588 1245 1650 erat ei si natus non fuisset homo ille. Unde hiero.
278 1628 1243 1715 in glos. Non autem ideo putandum est eum ante fuis-
269 1695 1240 1763 se quam nasceretur: quia nulli potuit esse bene nisi
273 1755 1247 1819 li qui fuerit: sed simpliciter dictum est melius esse
275 1804 1229 1889 non subsistere quam male subsistere. Idem sup
284 1863 1230 1931 consimile verbum. Marci x. Melius est enim non
280 1923 1236 1981 esse quam ad tormenta esse. ideo Theophilus de
262 1973 1249 2036 Iuda dicit. Postquam ad tantam deueuit maliti
284 2034 1253 2091 am melius fuisset ei si natus non fuisset. Et li
287 2087 1231 2147 cet Augustinui inter alios sensus ponat unum son
284 2132 1240 2203 su moralem: et talem quod melius illi fuisset si non
272 2188 1245 2256 fuisset natus et vocatus ad aplatum: tamen illo sen
287 2241 1239 2315 su non obstante: habuit alium sensum literalem
281 2300 1234 2377 sicut satis patet ex serie litere. Praeterea quae-
276 2364 1236 2427 ro utrum possit esse vera electio sequens iudi-
281 2419 1237 2483 cium erroneum an non: si sic: igitur ponatur quod
278 2475 1233 2548 error sit tantus quod iudicet aliquid possibile ess
270 2517 1231 2595 quod impossibile est. sicut si credere quod possem
281 2588 1242 2642 edificare turrim quo se extenderet extra celum
280 2635 1232 2707 sicut forte fuit de filiis soe post diluvium.
281 2690 1236 2757 igitur possem hoc eligere. Narrat etiam Sueto
288 2755 1225 2827 nius de Caio caligula libro suo de vita. xi
278 2811 1231 2875 cesarum sicut nunc occurrit: quod ipse iussit balli
281 2855 1236 2924 starios et sagittarios dirigere tela in celum
282 2907 1227 2987 IIouem: quia pluerat in festo regi. Si dicatur quod
282 2971 1228 3030 non est viera electio sequens iudicium erroneum: igi
269 3022 1236 3091 tur sarraceni et pagani etcredentes falsas se
272 3093 1237 3171 ctas et propter illas multa facientes: non vere
1301 171 2281 264 eligent in talibus actibus. Si dicatur quod Arites di
1302 260 2284 323 cit iii. Ethicorum quod electio non est impossibilium.
1305 305 2266 369 Dico quod vult dicere quod electio stricte ac ce
1311 364 2275 427 pta: quae est immediatum principium operandi secundum
1311 420 2279 491 electionem; non est nisi respectu illius quod cro-
1311 465 2259 539 ditur esse possibile: quia nullus incipit se moue-
1301 531 2273 590 re ad agendum vel consequendum aliquid quod pro tunc
1294 589 2270 644 apparet impossibile sibi: quia sic simul et sub
1301 644 2284 700 eadem intentione appareret aliquid sibi possi
1305 692 2272 763 bile et impossibile: sed certo aliquis potest velle il
1305 748 2283 818 lud quod scit esse impossibile: et velle illud esse
1305 812 2279 866 possibile et verum. Sic igitur videtur quod homo pos-
1301 866 2271 930 sit eligere non esse: quia hominem non esse non est im
1296 924 2280 987 possibile: vt manifestum est: quod tamen socius ille
1298 982 2274 1044 assignat potissimum pro ratione quare non potest
1307 1032 2268 1109 eligi: quia est impossibile. Tertio: sicut alias osten
1301 1083 2269 1163 di: vel opet concedere quod Augutinus ibi dicat contra
1295 1149 2259 1219 dictoria: vel quod intendit dicere quod homo possit
1299 1210 2253 1282 eligere non esse. Nam expresse dicit capitulo xiii quod
1302 1260 2274 1325 forte sunt aliqui gentiles: qui cum se interemerunt:
1295 1324 2264 1387 crediderunt se omnino nullos futuros: et tamen
1297 1378 2262 1442 elegerunt se interimere. Item capiu.o xii Qui ma
1302 1436 2264 1498 gits vult non esse ne miser sit: quia non esse non
1301 1495 2263 1567 potest: restat ut miser sit. Praeterea secundum Augustinum
1296 1549 2272 1611 xii de trinitate et multis aliis locis. Miseriam ne
1299 1604 2269 1667 mo potest velle. Et secundum Anselmus de casu diaboli.
1302 1659 2266 1724 pit. xxii. Nemo potest velle scienter vnde miser sit.
1308 1701 2259 1780 gitur a multo fortiori nec miseriam. Ponatur
1308 1755 2263 1833 gitur quod deus diabolo tribuat electionem isto
1304 1828 2262 1884 rum duorum. videlicet vel adnihilari vel esse mi-
1292 1876 2257 1947 serum: et relinquat eius naturam in propria liber
1299 1931 2262 1995 tate: sequitur quod neutrum istorum poterit elige-
1292 1996 2262 2068 re. quod dicere est multum irrationabile: sequitur
1292 2052 2268 2116 enim quod idem summe odit miseriam: et sume odit
1293 2100 2265 2162 non esse in miseria. quod videtur includere contradictio
1290 2155 2262 2219 nem: et ideo si summe odit miseriam: nihil tan
1289 2212 2264 2274 tum odit. Praeterea. quod homo debet magis eligere
1299 2267 2249 2331 non esse in miseria quam sic esse in miseria: si sibi
1283 2326 2262 2387 a deo detur electio: probo: quia miser inquantum ta
1295 2373 2257 2449 lis odit deum. et peccat continue: quia pena non
1290 2427 2259 2509 facit miseriam sine culpa: et miser scit se non
1286 2492 2251 2557 esse liberandum a miseria nisi per non esse. Stante
1283 2544 2245 2625 igitur isto dictamine in mente hominis: vel quod pec-
1284 2604 2247 2675 cabit in perpetuum: vel quod adnihiletur: quaero quid isto
1286 2661 2250 2735 rum debeat velle: si adnihilari: habeo propo
1277 2710 2235 2787 situm. si esse miserum: debet eligere in aeternum pecca
1283 2762 2243 2835 re: et aeternaliter odire deum. igitur hoc debet eligere
1281 2818 2229 2894 secundum rectam rationem. sed nullus peccat in sequendo
1272 2876 2244 2951 illud quod recte eligit exequendum: ergo istae in pec-
1283 2922 2242 3003 cando non peccat: quod est impossibile. Istud un
1289 2989 2236 3058 directe contra socium: qui dicit quod deberet citius vel
1271 3031 2239 3121 le peccare in aeternum et damnari quam adnihila
1280 3100 2251 3191 xi. Praeterea. damnati de facto vellent non ess: ergo
