2550 3300
272 172 1221 247 mallent non esse quam esse in illa miseria. hoc pro
275 240 1215 290 bo per duas auctoritates venerabilis Anselmus
279 291 1219 363 quaru primam est de casu diaboli caci. vi ubi di-
276 363 1231 419 cit sic. Sic igitur ageli distincti sunt: vt adhae
270 404 1227 466 rentes iustitiae nullum bonum possint quo non gau
288 460 1230 517 deant: et deserentes eam. nullum bonum posset nec
276 515 1228 587 vellent quo non careant. Ex quo arguo sic. qua
273 572 1236 630 ro utrum diabolus vult illud esse quod habet: an non
282 628 1233 692 amat illud esse quod habet: si vult et amat illud
278 683 1220 742 esse quod habet: ergo amat et vult bonum quod habet: et bo
281 740 1222 803 num qua non caret contra Anselmus. si non amat illud esse
282 789 1230 859 habeo propositum. Secunda auctoritas eiusdem
279 852 1224 916 ponitur de septem beatitudinibus capitulo viii ubi di-
293 907 1230 962 cit sic Tanta impotentia eos consequitiur: vt omnino ni
282 957 1233 1020 hil eorum quae voluerint possint: et quicquid habue
276 1019 1230 1091 rint nolint. Ex hac secundaparte arguo sic. nihil
287 1069 1228 1140 habent quod volut: esse hoabunt: ergo esse nolunt. Et ideo
290 1131 1227 1195 doctores communiter supar iiii sententiarum distintione ulti. te-
278 1189 1230 1251 net quod damnati de facto vellent non esse: volunta
285 1244 1224 1314 te consequente deliberationem: sicut sctuns Tho
289 1300 1236 1363 mas et Richardus de media villa: et multi
275 1356 1220 1418 alii. Praeterea Aristoteles iii. Ethoui cacitulo vi secundum Tho
269 1423 1227 1489 mam dicit quod mors est eligibilior turpi fuga
282 1475 1228 1529 ipsi forti. vnde dicit. his enim quidem turpe fuge-
287 1525 1234 1595 re: et mors tali fuga eligibivor fort. Sed ali
281 1580 1234 1644 quis potest esse fortis: qui nulla spiehabet de vita alia
284 1636 1227 1708 igitur hebet virtutem fortitudins eligens potest eligere
287 1700 1231 1763 non esse. Confirmatur haec ratio per hoc quod dicitur infra capc. vii
281 1748 1235 1810 videlicet quod fortis debet sustiere mortem tam propter
284 1812 1235 1875 turpe sicut propter bonum. hoc est dictu. parti-
285 1859 1227 1915 net ad forte sustinere mortem ad vitandum tur
278 1916 1234 1980 pe et vitiosum sicut propter bonum: sed maximum
279 1972 1230 2032 turpe est in perpetuum odire deum quod damnati fa
278 2031 1231 2096 ciunt: ergo adnihilari citius est eligere quam damnari
270 2084 1240 2151 Confirmatur adhuc. quia quaero an apud illosqui
281 2135 1224 2195 non ponunt aliam vitam esse: possint esse virtutes
287 2196 1224 2250 morales: an non: Si non: ergo nec liberalitas
281 2249 1229 2305 nec magnificentia nec recta ratio de istis agibi
287 2300 1241 2361 libus: cuius oppositum experimentaliter scitur. Si sic:
284 2356 1234 2433 ergo inter tales virtuosius esset mori pro republica:
288 2421 1229 2483 et per consequens adnihilari. Sic igitur patent iste com-
282 2469 1223 2541 clusiones: licet dissutae proptur festiationem ratione
296 2532 1233 2600 rdinaueri: videlicet quod homo potest eligere poti-
284 2586 1242 2643 non esse quam damnari. Secundo quod homo debet potius eli-
290 2637 1228 2706 gere non esse quam damnari secundum rectam rationem: sub
293 2700 1230 2755 conditione tamen: posito scilicet quod deus vellet eum advi-
284 2755 1234 2811 hilari. Tertio: quod de facto damnati mallent
290 2813 1233 2877 non esse quam sic esse: licet vitiose hoc velit: quia vellent
292 2859 1242 2923 non esse: non vt carerent culpa: sed vt carerent pe
281 2915 1230 2971 na. Quarto quantum ad processum beati Augustinus iii
287 2972 1239 3026 de libero arbitri capc. xi xii et xiii de paruis et quinto de
287 3028 1226 3086 magnis. Sciendum quod principalis intentio bat
294 3090 1240 3155 Augustinum est in illo libr o ostendere quod peccatum na-
1278 194 2229 250 turae rationalis non debet imputari deo. In illa autem
1277 252 2222 319 parte specialiter agit contra aliquis qui volebant dicere
1284 303 2225 366 quod melius esset animam non esse / quod esse peccatricem
1281 356 2223 413 occasione cuius dicti investigat istam quaestionem.
1280 408 2232 488 Ane eligibilius vel melius sit omnino non esse quamimise
1281 465 2229 541 rum esse: Et circa hanc quistionem primo proceditdis
1281 524 2229 587 putative. secundo determinative. capitulo xiii ante
1277 574 2231 635 medium ibi. Ueruntamen vt de hac retota dicatur
1278 635 2216 691 si potero: dicam quod sentio etc. Ubi vult dice
1280 692 2232 747 re quod quicumque seipsum necat per miseria: habet in se
1284 747 2235 803 duas notitias: et duas affectiones. Unam non
1286 804 2231 859 titiam habet huius quod est carere poena: et aliam isti
1290 860 2247 923 quod est non esse. Unde talis dictat apud se-
1274 910 2226 972 bonum tibi esset sine poena esse: et si non esses: ca
1278 973 2231 1029 reres pena hac. vel in prima persona bonum
1278 1027 2229 1090 esset mihi sine poena esse: et si non essem : carerem
1281 1084 2226 1146 hac poena. et per has notitias ex deliberatio
1280 1146 2225 1196 ne sive ponatur i tali falsa opinio de morta-
1274 1196 2239 1259 litate animae suae sivenon: potest eligere non esse. Unde
1286 1260 2225 1315 nihil aliud vult Augustinus nisi quod non esse vel ad-
1287 1309 2235 1384 nihilari non est eligibile propter se: hoc est pro
1293 1365 2247 1435 pter apprehensionem unius solius intentionis quod
1281 1426 2235 1483 est non esse: est tamen eligibile propter aliud pro
1279 1483 2241 1547 pter adiumctionem alterius intentionis: sicut
1284 1538 2228 1609 esse in luto non est eligibile propter se: sed propsis
1295 1588 2243 1659 centum marchas auri. et sic concordat Augustinus cum
1289 1644 2241 1703 Aristoteles v. Ethicorum capitulo v secundum Thomam autem ix. Ethorum
1283 1703 2244 1763 c. xi Undes v. Ethicorum dicit sic. In boni enim
1286 1763 2242 1827 ratione sic minus malum est magis eligibile
1284 1813 2238 1882 maiori. Nono autem Ethicorum declarat quod esse
1287 1868 2231 1930 vivere: et huiusmodi sunt bona secundum se diligibilia
1286 1918 2231 1991 propter quod esse omnibus videtur delectabile. et sta
1286 1980 2232 2039 tim quasi remouens dubium de eligentibus
1289 2036 2234 2092 non ese et se interimentibus propter miseriam / sub
1283 2088 2250 2154 iugit. non optet autem accipor id est hoc quod dictum est
1293 2150 2240 2204 intelligere de illis qui hunt malam vitam id est vitio
1293 2195 2234 2259 sam vitam: propter quod non videtur eis quod sint digni
1295 2259 2237 2315 esse: neque corruptam: sicut euenit quibusdam
1287 2315 2249 2368 ex corruptione naturae et suprabundantia melam
1287 2373 2240 2425 cholie: neque in interstigiis id ie in excessivis pe
1286 2427 2248 2483 nis: propter quas euitandas apsiuer tales iudi
1293 2484 2232 2539 catur delectabilius non esse quam esse. Aliter autem
1290 2532 2235 2596 gneraliter omnibus ur delectabile esse. Et beaius
1286 2595 2228 2651 Augustinus videbatur capitulo xi et xiiii niti ad probandum
1288 2653 2235 2723 quod in nullo casu est eligibilius non esse quam mi-
1295 2706 2242 2763 serum esse: quasi determinans quomo debeat intel
1280 2756 2235 2820 ligi: incipit sic. Ueruntamen id est non obstantibus
1292 2820 2228 2881 prius dictis de hac tota reid est quam a princi-
1291 2876 2232 2930 pio Aiscussi: si potero dicam quod sentio: et non
1286 2929 2243 2982 secundum praedicta: sed secundum. dicenda sentio. et in tota
1293 2988 2242 3044 parte capituli vsque in finem nihil aliud deter
1295 3036 2238 3099 minat. nisi quod ille qui eligit mortem: habet unum in
1290 3101 2251 3172 opiuione: et aliud lu sensu. In opimone ha
