2550 3300
258 204 1211 283 ergo si anima contenens illud ad quod facta est: sic
261 275 1218 338 moritur ut nihil sentiat omnino: non similiter se hembit
273 319 1213 387 sine omni culpa. In responsione ista duo continetur
269 380 1217 452 primo quod adnihilari nec bonum est nec malum:
269 433 1223 506 quia non est aliquid. Secundum: quod spaliter non est
276 491 1206 554 malum pene: quia secundum Anselmus anima peccatrix non
274 541 1230 615 potest debite puniri per adnihilationem. Sed
278 604 1224 665 neutrum istorum est convenienter dictum: ad vulga
270 676 1214 723 rem modum loquendi in moralibus: nec ad pahi
275 717 1214 779 losophicum modum loquendi in moralibus. pri-
262 778 1220 833 mum non: quia sicut alias ostendi: isti termini bo
264 835 1205 890 num et malum aliquando praedicantur de terminis sup
273 891 1214 945 ponentibus pro rebus: et aliquando de non supponenti
266 940 1209 1003 bus prorebus: sed de verbis ifinitivi modi: et de
264 992 1224 1051 dictis propositionum et sic communiter accipitur bonum
274 1058 1215 1115 morale et virtuosum: quemadmodum dicimus mor
276 1107 1215 1171 tem sustinere propter bonum rei publicae quando opr
281 1165 1211 1226 et secundum quod opet: manifestum est quod subiectum isti-
269 1220 1214 1295 propositionis non supponit pro aliqua re. et ideo
282 1275 1230 1345 non sequitur sustinere mortem etc. non est aliquid
275 1345 1220 1403 strictae accipiendo liyet aliquid: ergo non est bo
274 1384 1224 1447 num: quia antencedens est verum et consequens falsum. Similiter iu-
282 1444 1223 1507 ste iudicare est bonum: et furari est malum: et
284 1507 1226 1571 occidere hominem est malum: et tamen manifestum
276 1556 1227 1613 est quod nulla res est occidere hominem illicitae
283 1615 1236 1682 et ideo planum est moraliter loquendo / quod haec
284 1664 1232 1740 consequentia non valet. hoc non est alquid: seu non est
287 1731 1239 1788 aliqua res: ergo non est malum. sicut nec ista consequentia
285 1780 1232 1834 valet. iste non facit aliquam rem: ergo nec male fa
287 1838 1229 1900 cit nec bene facit: quia ista propositio et consequeses: dari
281 1890 1235 1960 eleemosynam est bonum: furari est malum: ocdi
285 1941 1233 2003 dere hominem illicitae est malum aequalent istis:
287 1991 1233 2084 qui dat eleemosynam / bene facit: quo furatur / male
284 2053 1240 2114 facit: quo occidit hominem illicitae male facit: et
280 2107 1229 2171 tamen nihil facit: quia nullam rem facit. Simile est
281 2166 1239 2219 de talibus: delinquentem punire est bonum: re
279 2227 1239 2276 mittere penitentem est bonum: et sic de multis
287 2271 1237 2329 aliis. Unde ista consequentia non valet: non esse vel adni
293 2331 1241 2390 hilari non est alquid: ergo non est malum. Praeterea
293 2385 1241 2455 si illa consequentia foret bona: hoc non est aliquid: ergo non
293 2451 1238 2505 est malum: demonstrando dictam propositionem acce
295 2507 1235 2564 potesta significative: sequitur quod execari non fo
297 2556 1245 2612 ret malum: dato quod fiat sine pena sensus: similiter
293 2605 1238 2667 decollari non esset malum pene: nec mori: nec
287 2673 1235 2723 occidi per eandem rationem: quia caput dividi a cor-
297 2716 1238 2790 pore nulla res est: nec animam separi a corpore-
295 2779 1239 2850 nec cecitas est aliqua res magis in oculo
299 2833 1230 2891 ubi debet esse: quam in lapide ubi non debet esse: sic-
296 2883 1233 2947 ut dicit Anselmus de conceptu virginali capitulo v Unde
293 2942 1227 2996 omnino ista conclusio est contra mentem Anselmus ibidem: eo
290 3003 1236 3066 probat quod iniustitia nihil est: sicut cecitas ni-
302 3050 1230 3122 hil est. Et peccatum nihil est secundum Augustinum et Anselmus
305 3100 1238 3195 et tamen seper dicunt quo peccatum est malum: et qui
1282 217 2238 284 peccat male facit. Praeterea. Anselmus i. cur deus
1275 277 2241 339 homo capit. xiiii. Omne bonum tam bonum est quam mala est
1284 339 2226 387 eius destructio: ergo destructio boni est ma
1287 379 2238 443 lum: sed destructio boni nihil est d est nulla res est
1278 435 2241 506 ergo non sequitur: non est aliqua res: ergo non est malum.
1272 496 2236 555 Confirmatur: quia occidere christum nulla res est
1271 546 2232 607 et tamen occidere ipsum fuit malum. Praefea. divi
1281 607 2226 663 tem depauprari et spoliari in casu est sibi malum
1286 658 2222 723 et tamen hoc nulla res est. Unde maifestum est istum
1284 724 2222 785 modum loquendi non esse verum nec a sanctis
1283 780 2217 844 esse approbatum. Secundum in quo dicit quod ad
1275 835 2214 891 nihilari non est malum pene: non est verum: immo
1281 891 2211 946 adnihilari potest esse malum poene sensus et dam
1278 940 2214 1003 nitate si enim deus adnihilaret hominem successivi
1281 1003 2224 1074 et paulative per partem ante partem: manifestum est quod
1281 1059 2223 1131 vna pars doleret proptur carentia alterius: et ho
1272 1117 2230 1183 tristari posset in corde propter adnihilatio-
1272 1172 2230 1235 nem talium partium exteriorum: et si pena auferretur.
1277 1235 2229 1291 et sic si angelus vel deus sine doloris illatione
1281 1276 2239 1348 furaretur ocisuntum hominis: homo quando penrciperet oclintm sibi
1287 1340 2247 1401 deesse gravaretur. Similiter quod adnihilari potest esse
1281 1404 2245 1467 malum pene: probo sic. omne quod potest insligi volun-
1287 1453 2245 1516 tati corium vel contradictorium appetitui voluntatis
1296 1511 2241 1576 potest esse penale illi voluntati: sed adnihilari per
1293 1564 2236 1627 te est summe repugnans appetitui voluntals: et
1284 1618 2249 1681 deus potest statuere quod voluntas si peccet adni
1299 1672 2244 1735 hilaretur: ergo adnihilatio potest esse pena statuta
1287 1732 2244 1803 pro culpa. Et si dicatur quod nihil potest infligi sicut
1293 1790 2245 1863 poena pro culpa: nisi maneat subiectum suscipi
1299 1835 2243 1898 es tale penam. hoc non est bene dictum: quia tunc
1290 1901 2248 1955 mors non posset insligi sicut poena. Similiter iura
1287 1956 2241 2011 puniunt hominem non solum in se et pro tempore vitae suae
1278 2009 2241 2079 sed etiam pro sper et in heredibus et in exilio totius prolis
1299 2067 2229 2123 et in multis aliis casibus. Confirmatur ista ratio
1287 2115 2251 2179 per intentionem Augustinus xxi de civitate dei capitulo xi ubi osten
1292 2162 2244 2242 dit quod poene sute diuturniores peccatis secundum ota
1296 2236 2251 2307 iura un non est maior ratio quod adnihilari demat
1289 2283 2237 2347 negari pena quod mors. Si dicatur quod mors ideo
1294 2331 2248 2411 diciturpena: quia mortem praecedit altatio: quae est pena
1290 2389 2242 2467 sensus: sed sic nihil est i adnihilatione. vnde quando dicitur
1290 2453 2237 2512 quod mors est poena: non accipitur mors pro corru-
1302 2508 2234 2579 ptione subita subiecti: sed pro tramsmutatione quae
1289 2564 2240 2636 paulati inducit mortem E otra ponamus quod a
1287 2614 2235 2696 liquis posset occidi subito: constat quod maleficu
1293 2676 2244 2739 non minus inligeret mortem quod modo fec. Similiter ista
1293 2732 2254 2804 responsio non valet: nisi quantum ad penam sesus tantum:
1298 2787 2254 2861 quod omnis pera esset pena sesus. Et ideo dicendum quod omne
1287 2836 2234 2916 illud de pena alicui: quod ipse refugeret et dete-
1295 2883 2246 2955 staretur si esset. Praeterea deus bene facit homini i confe
1279 2955 2238 3011 rendo esse sibi unde Philosophus viii Ethiorum capitulo xiiii dicit
1296 3004 2225 3083 quod filii non possunt retribuere diisnec parentibus
1283 3068 2232 3141 ad condignum. ergo dare esse est beneficium. ergo ex
1286 3116 2247 3210 opposito auferre esse est inferre damnum
