2550 3300
341 202 1287 278 Sed quid inquit dices ad Anselmus quando probat quam anima
335 260 1277 322 christi puniretur: similiter antichristus puniretur: et homo
338 316 1290 379 ab aeterno fuisset punitus: et poena praecessisset
323 369 1281 428 culpam: et deus fuisset prius ultor quam homo peccator:
335 427 1271 502 quod est inconveuiens: Similiter sequitur quod beata vergo fuit
328 483 1281 555 punita et anima christi: quia vtraque fuit aliquando non
332 533 1274 604 ens: hoc est neutra semper fuit. Praefea. omnis
332 590 1285 659 pena alicui est poena: et omne damnum alicui est
327 652 1281 715 damnum. si ergo adnihilatio sortis sit pena: vel
321 708 1275 769 possit esse pena: vel ergo sorti vel alteri. non
314 763 1275 831 alteri: notum est. si sorti: vel quando est: vel quando non
318 820 1278 875 est. non quando non est: quia tunc uihil est sibi penale
321 883 1267 946 nec aliquid est sibi damnum. si quando est: contra. tunc
316 932 1263 996 adnihilatio sortis non est: ergo non est sibi dam
309 988 1259 1046 num vel poena. ergo adnihilatio non potest esse pe-
308 1046 1266 1103 na. Ad primum dicendum quod isti duo termini:
305 1102 1272 1164 non esse et esse adnihilatum: non conuertuntur. vnde
309 1166 1266 1219 non esse dicitur de aliquo termino significatiue
299 1206 1272 1275 accepto: de quo non dicitur ese adnihilatum. nam
309 1268 1272 1332 hec est vera: antichristus non est. et haec est fal-
309 1319 1267 1387 sa: antichristus est adnihilatus. et ideo plus im
301 1387 1260 1444 portatur per esse adnihilatum quam per non esse: sicut
308 1444 1266 1501 patet per diffinitiones exprimentes quid nominis utri
312 1492 1260 1555 usque termini. vnde adnihilatum esse est aliquid prae
300 1556 1255 1611 mo fuisse: et postea secundum nullam partem sui esse.
306 1601 1257 1668 Non esse autem non dicit aliquid prius fuisse. et ideo
306 1660 1254 1740 esse adnihilatum vel adnihilari potest impor-
295 1716 1260 1777 tare penam expressam significatione: licet non esse
297 1772 1259 1834 non expremat penam: quia poena importat aliquid esse
293 1828 1263 1887 vel fuisse punibile. non esse non significat ali
297 1884 1258 1955 quid fuisse. et ideo patet quod nec antichristus punt
293 1934 1251 1994 tur: nec homo ab aeterno puniebatur: sed dicitur quod la-
293 1988 1251 2049 tro puniebatur morte: et Iudas puniebatur sui
297 2052 1251 2108 pendio. Ad secundum dicitur quod per illa formam contin
302 2109 1250 2164 git probare quod nulla actio e poena: nec mors
297 2162 1248 2212 est pena damni: capiendo mortem pro separatione
295 2220 1246 2276 animae a corpore: quod non est verum: sed procedit istu
296 2267 1251 2331 argumentum ac si pena damni vel damnum foret
290 2324 1252 2387 terminus absolutus: et supponeret pro una re
300 2371 1264 2451 qua demonstrata posset vere dici: haec est pe
286 2436 1256 2498 na: vel hoc est damnum: quod non est verum. vnde ta-
303 2486 1253 2555 les propsioiones: mors est damnum: adnihilatio est
287 2549 1247 2613 proena: et consiles sunt false de virtute vocis:
297 2603 1250 2663 quia ex forma denotatur quod subiectum supponit
297 2659 1247 2723 pro aliquam re respectu huius verbi est: sed impro-
297 2716 1251 2779 priae accipiuntur per aliis: sicut ista: mors est dam
306 2772 1253 2827 num: exponitur per istam: quo est et non erit / damnifica
290 2821 1258 2882 bitur. Eodem modo adnihilatio est poena per istam
282 2885 1252 2947 si aliquid est: et postea secundum nullam partem sui erit:
311 2931 1254 2995 de eo fiet quod homo vliter nollet. Et licet tali modus
311 2979 1257 3049 loquendi non sit omnino proprius: adnihilatio est
302 3043 1266 3115 pena: tamen proptur brevitatem loquendi magis eli
306 3104 1278 3180 git conitas hominim sic loqui: quam per eius interpestatio
1328 188 2285 268 nem. Tunc ad formam arigu. omnis poena alicui
1328 267 2294 323 est pena aut dum est: aut dum non est etc. Dicitur
1344 332 2302 391 quod iste propositiones possunt accipi vel improprie pro-
1325 389 2289 452 aliis vel propriae. Secundo modo sunt falsae: primo
1333 430 2285 491 modo sunt vere. et est sensus. per quamcumque poenam
1320 492 2292 555 aliquis puniebatur: et per quodcumque damnum aliquis dam
1331 548 2294 611 nificabatur. Et ideo quando arguitur. si adnihilatio
1331 595 2289 672 sortis possit esse damnum sortis: aut quando est aut
1328 667 2277 724 quando non est dicitur quod quando non est. vnde in primo instan-
1324 715 2288 770 ti in quo hoc est vira: sortes non est: verum est dicere
1323 764 2286 832 sortes immediate ante habfuit: et modo non est. et si
1331 827 2282 883 esset melius iudicaretur sibi esse quam non esse sorte
1329 882 2274 956 esse in bona dispositione. et ideo sortem esse et postea
1329 931 2285 995 non ess dicitur poena sortis vel damnum. et non ae quaeren-
1319 996 2277 1054 dum quae res est sortem priemo esse et postea non esse:
1312 1049 2283 1110 et sortem esse iudicari melius rationabiliter quam sortem
1312 1109 2271 1167 non esse. Secundo arguebam ad probandum quod dam
1307 1163 2271 1228 natus actuliter voluntate deliberata vult non et
1317 1221 2265 1291 quia magis disconveniens est damnato sua pena-
1317 1291 2272 1347 quod sit conveniens suum esse. hoc probatur: quia si pena
1323 1339 2282 1395 damnati foret minus disconveniens suae volunta-
1307 1385 2283 1451 ti : quam suum esse est conveniens: plus delectaretur de
1320 1444 2274 1509 hoc quod esset. quam tristaretur de eo quod in tali poena
1313 1503 2283 1563 esset: ergo damnatus apprehendens se esse vel se esse
1317 1560 2274 1618 miserum: iudicat se esse miserum magis disconue
1317 1621 2283 1683 niens esse suae voluntati. quam se esse sit conueni-
1314 1675 2274 1734 ens suae voluntati ergo magis odit se esse
1313 1730 2265 1787 miserum: quam diligit se esse. ergo mallet se non esse
1322 1780 2274 1852 quam esse miserum. Ad illud respondetur negando as-
1302 1838 2281 1899 sumptum primum: istam videlicet: magis disconueni
1305 1899 2274 1955 ens est damnato sua pena: quam conveniens sit suum
1306 1936 2268 2025 esse. et hoc quia esse damnati non est aliquid nisi ipe-
1304 2011 2259 2067 met damnatus. Sed ista responsio in nullo vadit ax
1303 2060 2265 2122 argumentum. nam placet mihi quod esse non sit res
1303 2107 2275 2194 sit addita rei quae dicitur esse: sed sumo istam propositionem:
1305 2164 2284 2243 damnatus apprehendens se esse miserum est suo ap
1304 2228 2266 2291 petitui magis disconveniens quam se esse sit conue-
1305 2283 2276 2354 niens. Sed ad probationem istius quando arguitur
1311 2331 2263 2411 quod si non damnatus magis delectaretur de eo quod
1298 2395 2265 2453 esset: quam tristaretur de eo quod miser esset. Dicitur
1308 2452 2266 2514 quod delectatio vel gaudium dicitur dupliter: vno modo
1301 2509 2265 2572 est actus elicitus vel passio proveniens ex coniun-
1304 2560 2279 2618 ctione convenientis cum convenienti: et alio modo dicitur
1314 2620 2283 2685 naturalis complacentia. Primo modo non gaudet
1301 2668 2271 2739 damnatus de suo esse: quia esse suum est ipsemet. Secundo
1311 2732 2262 2787 modo conceditur quod damnatus magis gaudet de eo
1305 2779 2270 2844 quod est: quam tristetur de eo quod miser est. Sed contra: quia in
1298 2843 2278 2899 neutro menbro distictionis ur convenienter esse
1301 2890 2270 2946 dictum. Primo dicitur quod damnatus non gaudet de suo
1305 2948 2266 3003 esse actu elicito: quia ipsemet est suum esse. si ista causa
1302 2993 2266 3067 sit bona: nec beatus gaudet. de suo esse actu eli-
1313 3059 2270 3115 cito. consequentia patet: quia beatus est suum esse ita bene sicut
1292 3115 2266 3194 damnatus. consequens falsum tum quia actu elicito
