<?xml version="1.0" encoding="UTF-8" standalone="yes"?>
<PcGts xmlns="http://schema.primaresearch.org/PAGE/gts/pagecontent/2013-07-15" xmlns:xsi="http://www.w3.org/2001/XMLSchema-instance" xsi:schemaLocation="http://schema.primaresearch.org/PAGE/gts/pagecontent/2013-07-15 http://schema.primaresearch.org/PAGE/gts/pagecontent/2013-07-15/pagecontent.xsd">
    <Metadata>
        <Creator>prov=University of Rostock/Institute of Mathematics/CITlab|PLANET AI GmbH/Gundram Leifert/gundram.leifert@planet-ai.de:name=holcot-sent-m4(htr_id=20243)::::v=2.6.0
prov=University of Rostock/Institute of Mathematics/CITlab|PLANET AI GmbH/Tobias Gruening/tobias.gruening@planet-ai.de:name=de.uros.citlab.module.baseline2polygon.B2PSeamMultiOriented:v=2.6.0
prov=University of Rostock/Institute of Mathematics/CITlab/Tobias Gruening/tobias.gruening@uni-rostock.de:name=/net_tf/LA73_249_0mod360.pb:de.uros.citlab.segmentation.CITlab_LA_ML:v=?0.1
TRP</Creator>
        <Created>2019-01-18T05:12:43.764-05:00</Created>
        <LastChange>2020-01-15T22:16:56.978+01:00</LastChange>
        <TranskribusMetadata docId="116573" pageId="4332890" pageNr="191" tsid="22390655" status="IN_PROGRESS" userId="25065" imgUrl="https://files.transkribus.eu/Get?id=MIWROZLDGRECWPVZWHTJBCCB&amp;fileType=view" xmlUrl="https://files.transkribus.eu/Get?id=NHFDWSYTLELZRZNKCTFNMZOQ" imageId="2465431"/>
    </Metadata>
    <Page imageFilename="191.jpg" imageWidth="2550" imageHeight="3300">
        <ReadingOrder>
            <OrderedGroup id="ro_1579226140747" caption="Regions reading order">
                <RegionRefIndexed index="0" regionRef="r4"/>
                <RegionRefIndexed index="1" regionRef="r5"/>
            </OrderedGroup>
        </ReadingOrder>
        <TextRegion orientation="0.0" id="r4" custom="readingOrder {index:0;}">
            <Coords points="305,171 299,3160 1284,3160 1290,171"/>
            <TextLine id="r4l2" custom="readingOrder {index:0;}">
                <Coords points="327,244 1290,259 1290,195 327,187"/>
                <Baseline points="333,236 380,237 428,237 475,238 523,239 570,239 618,239 665,239 713,239 760,239 808,240 856,240 903,240 951,240 998,240 1046,241 1093,242 1141,242 1188,243 1236,243 1284,245"/>
                <TextEquiv>
                    <Unicode>nitate: quod quicumque profugus possit ibi salvari: tam </Unicode>
                </TextEquiv>
            </TextLine>
            <TextLine id="r4l3" custom="readingOrder {index:1;}">
                <Coords points="342,298 1280,307 1280,259 1246,252 342,245"/>
                <Baseline points="348,290 394,290 440,291 486,291 533,291 579,291 625,291 672,291 718,293 764,293 811,293 857,293 903,294 949,294 996,296 1042,296 1088,297 1135,297 1181,299 1227,300 1274,300"/>
                <TextEquiv>
                    <Unicode>li liceret ad eam confugere. Similiter si talis for</Unicode>
                </TextEquiv>
            </TextLine>
            <TextLine id="r4l4" custom="readingOrder {index:2;}">
                <Coords points="342,355 1028,342 1222,371 1280,363 1281,307 343,308"/>
                <Baseline points="348,344 394,344 440,344 486,344 533,345 579,345 625,345 672,345 718,346 764,347 811,347 857,347 903,348 949,348 996,350 1042,350 1088,351 1135,351 1181,353 1227,353 1274,354"/>
                <TextEquiv>
                    <Unicode>ma arguendi valeret: nullo modo liceret homin </Unicode>
                </TextEquiv>
            </TextLine>
            <TextLine id="r4l5" custom="readingOrder {index:3;}">
                <Coords points="336,411 1215,428 1271,416 1272,371 337,355"/>
                <Baseline points="342,398 388,399 434,399 480,399 526,399 573,401 619,401 665,401 711,401 757,401 804,402 850,402 896,402 942,404 988,404 1035,404 1081,405 1127,406 1173,407 1219,408 1266,410"/>
                <TextEquiv>
                    <Unicode>damnato ad mortem redimere mortem suam pe</Unicode>
                </TextEquiv>
            </TextLine>
            <TextLine id="r4l6" custom="readingOrder {index:4;}">
                <Coords points="329,458 1275,476 1272,417 330,417"/>
                <Baseline points="336,452 382,453 429,453 475,453 522,455 569,455 615,455 662,455 709,456 755,456 802,456 849,456 895,458 942,458 989,458 1035,459 1082,459 1129,461 1175,461 1222,462 1269,464"/>
                <TextEquiv>
                    <Unicode>amicos: immo amici redimentes peccarent: quod </Unicode>
                </TextEquiv>
            </TextLine>
            <TextLine id="r4l7" custom="readingOrder {index:5;}">
                <Coords points="329,515 1268,530 1269,484 1052,462 330,474"/>
                <Baseline points="335,509 381,509 427,509 474,509 520,510 567,510 613,510 659,510 706,510 752,510 799,512 845,512 891,512 938,513 984,514 1031,515 1077,516 1123,517 1170,518 1216,519 1263,521"/>
                <TextEquiv>
                    <Unicode>apud mltos non est verum. Ad secundum de ma</Unicode>
                </TextEquiv>
            </TextLine>
            <TextLine id="r4l8" custom="readingOrder {index:6;}">
                <Coords points="339,571 1286,581 1286,539 1240,524 340,524"/>
                <Baseline points="345,563 391,563 438,563 485,564 532,564 578,565 625,566 672,566 719,566 765,567 812,567 859,569 906,569 952,570 999,570 1046,572 1093,572 1139,573 1186,575 1233,575 1280,576"/>
                <TextEquiv>
                    <Unicode>toribus: quod tunc licuisset eis conscia eis dictante </Unicode>
                </TextEquiv>
            </TextLine>
            <TextLine id="r4l9" custom="readingOrder {index:7;}">
                <Coords points="341,635 1254,643 1279,583 342,581"/>
                <Baseline points="347,624 393,623 439,623 485,621 532,621 578,621 624,621 670,622 717,623 763,623 809,624 855,624 902,626 948,626 994,627 1040,628 1087,629 1133,630 1179,630 1225,632 1272,632"/>
                <TextEquiv>
                    <Unicode>quod esset moriendum pro christo: declinasse mortem </Unicode>
                </TextEquiv>
            </TextLine>
            <TextLine id="r4l10" custom="readingOrder {index:8;}">
                <Coords points="330,696 935,683 1202,708 1287,699 1288,639 331,636"/>
                <Baseline points="336,683 383,681 430,680 477,679 525,678 572,678 619,678 666,678 714,678 761,678 808,680 855,680 903,681 950,682 997,683 1044,684 1092,684 1139,686 1186,687 1233,687 1281,689"/>
                <TextEquiv>
                    <Unicode>per fugam. nego consequentias: quia nelia est silitudo: sed dem </Unicode>
                </TextEquiv>
            </TextLine>
            <TextLine id="r4l11" custom="readingOrder {index:9;}">
                <Coords points="335,752 904,739 1179,769 1283,747 1283,708 1114,692 336,698"/>
                <Baseline points="342,735 388,734 435,732 482,732 529,732 575,732 622,732 669,732 716,734 762,734 809,735 856,737 903,737 949,738 996,740 1043,741 1090,741 1136,743 1183,744 1230,744 1277,744"/>
                <TextEquiv>
                    <Unicode>pta conscia de moriendo: et posita conscia quod ex-</Unicode>
                </TextEquiv>
            </TextLine>
            <TextLine id="r4l12" custom="readingOrder {index:10;}">
                <Coords points="330,810 1261,810 1275,751 331,754"/>
                <Baseline points="336,789 382,789 429,789 475,788 522,788 569,788 615,789 662,789 708,789 755,791 802,791 848,792 895,792 941,794 988,795 1035,795 1081,797 1128,798 1174,799 1221,800 1268,801"/>
                <TextEquiv>
                    <Unicode>pedit honori dei magis vivere quam mori: con</Unicode>
                </TextEquiv>
            </TextLine>
            <TextLine id="r4l13" custom="readingOrder {index:11;}">
                <Coords points="336,850 1281,864 1266,807 336,806"/>
                <Baseline points="342,842 388,843 435,843 481,845 528,845 575,846 621,846 668,848 715,848 761,848 808,849 855,849 901,851 948,851 995,851 1041,852 1088,852 1135,854 1181,854 1228,855 1275,857"/>
                <TextEquiv>
                    <Unicode>cedo quod licet eis fugere mortem: iuxta illud consi</Unicode>
                </TextEquiv>
            </TextLine>
            <TextLine id="r4l14" custom="readingOrder {index:12;}">
                <Coords points="335,905 1088,932 1274,914 1275,877 905,859 878,884 732,856 663,883 615,852 336,853"/>
                <Baseline points="341,897 387,897 433,899 480,899 526,900 572,900 619,902 665,902 711,903 758,903 804,905 850,905 897,906 943,906 989,907 1036,908 1082,909 1128,909 1175,911 1221,911 1268,912"/>
                <TextEquiv>
                    <Unicode>lium saluatoris. Matt. x. Cum vos persecuti </Unicode>
                </TextEquiv>
            </TextLine>
            <TextLine id="r4l15" custom="readingOrder {index:13;}">
                <Coords points="324,963 1271,979 1265,914 1200,945 1172,916 325,908"/>
                <Baseline points="330,953 376,953 423,954 470,954 517,956 563,956 610,957 657,958 704,959 750,959 797,960 844,962 891,962 937,963 984,963 1031,965 1078,965 1124,966 1171,968 1218,968 1265,969"/>
                <TextEquiv>
                    <Unicode>fuerint in vna ciuitate: fugitae in aliam. quod </Unicode>
                </TextEquiv>
            </TextLine>
            <TextLine id="r4l16" custom="readingOrder {index:14;}">
                <Coords points="323,1018 1230,1035 1262,1034 1263,990 324,972"/>
                <Baseline points="330,1010 376,1011 422,1013 469,1013 515,1014 561,1014 608,1016 654,1017 700,1017 747,1017 793,1019 839,1019 886,1020 932,1020 978,1020 1025,1022 1071,1022 1117,1022 1164,1023 1210,1023 1257,1025"/>
                <TextEquiv>
                    <Unicode>apli fecerunt: quando post morte christi orta se-</Unicode>
                </TextEquiv>
            </TextLine>
            <TextLine id="r4l17" custom="readingOrder {index:15;}">
                <Coords points="325,1074 1270,1091 1271,1044 1186,1030 326,1029"/>
                <Baseline points="332,1065 378,1067 425,1067 471,1068 518,1069 565,1070 611,1071 658,1071 705,1073 751,1074 798,1074 845,1076 891,1076 938,1077 985,1079 1031,1079 1078,1080 1125,1081 1171,1082 1218,1083 1265,1083"/>
                <TextEquiv>
                    <Unicode>ditione in hierosolumis / fugerunt ad gentes.</Unicode>
                </TextEquiv>
            </TextLine>
            <TextLine id="r4l18" custom="readingOrder {index:16;}">
                <Coords points="327,1131 1278,1147 1279,1091 328,1084"/>
                <Baseline points="333,1124 382,1125 431,1126 481,1127 530,1127 580,1128 629,1130 678,1130 728,1131 777,1131 827,1132 876,1133 926,1134 975,1134 1024,1135 1074,1136 1123,1137 1173,1137 1222,1137 1272,1139"/>
                <TextEquiv>
                    <Unicode>Et christus Et ipsemet mortem decliauit: quia eum </Unicode>
                </TextEquiv>
            </TextLine>
            <TextLine id="r4l19" custom="readingOrder {index:17;}">
                <Coords points="323,1187 1278,1203 1279,1147 324,1140"/>
                <Baseline points="329,1179 376,1179 423,1181 470,1182 517,1184 564,1184 611,1185 659,1187 706,1187 753,1188 800,1190 847,1190 894,1191 941,1191 989,1193 1036,1193 1083,1194 1130,1194 1177,1195 1224,1196 1272,1196"/>
                <TextEquiv>
                    <Unicode>tunc mori non congruebat: quando transiens per medium </Unicode>
                </TextEquiv>
            </TextLine>
            <TextLine id="r4l20" custom="readingOrder {index:18;}">
                <Coords points="324,1243 1269,1259 1270,1212 615,1196 574,1228 544,1196 325,1193"/>
                <Baseline points="330,1235 376,1236 423,1238 469,1239 516,1241 563,1241 609,1242 656,1244 703,1244 749,1245 796,1245 843,1247 889,1247 936,1248 983,1248 1029,1249 1076,1250 1123,1250 1169,1251 1216,1251 1263,1251"/>
                <TextEquiv>
                    <Unicode>illorum ibat. Quintus arti. an adorans diabo</Unicode>
                </TextEquiv>
            </TextLine>
            <TextLine id="r4l21" custom="readingOrder {index:19;}">
                <Coords points="332,1299 1035,1327 1261,1315 1262,1268 333,1243"/>
                <Baseline points="338,1293 383,1294 429,1295 475,1296 521,1296 567,1298 613,1299 659,1300 705,1301 751,1302 797,1302 842,1304 888,1304 934,1305 980,1305 1026,1307 1072,1307 1118,1307 1164,1308 1210,1308 1256,1308"/>
                <TextEquiv>
                    <Unicode>lum transfiguratum in effigiemn christi per errorem in</Unicode>
                </TextEquiv>
            </TextLine>
            <TextLine id="r4l22" custom="readingOrder {index:20;}">
                <Coords points="318,1360 1259,1384 1260,1324 319,1307"/>
                <Baseline points="324,1349 370,1350 417,1352 463,1352 510,1353 556,1355 603,1355 649,1356 696,1356 742,1358 789,1359 835,1359 882,1360 928,1361 975,1362 1021,1362 1068,1364 1114,1364 1161,1365 1207,1365 1254,1367"/>
                <TextEquiv>
                    <Unicode>vincibile delusus: excusetur ab idololatria ien </Unicode>
                </TextEquiv>
            </TextLine>
            <TextLine id="r4l23" custom="readingOrder {index:21;}">
                <Coords points="321,1413 1266,1435 1267,1387 322,1364"/>
                <Baseline points="327,1406 373,1407 420,1409 466,1409 513,1410 560,1411 606,1412 653,1413 700,1413 746,1415 793,1416 840,1416 886,1418 933,1418 980,1419 1026,1419 1073,1421 1120,1421 1166,1422 1213,1422 1260,1422"/>
                <TextEquiv>
                    <Unicode>talem ignorantiam. Dixi quod non solum excusatur a </Unicode>
                </TextEquiv>
            </TextLine>
            <TextLine id="r4l24" custom="readingOrder {index:22;}">
                <Coords points="305,1481 1131,1474 1230,1502 1271,1491 1272,1436 306,1426"/>
                <Baseline points="312,1464 359,1464 407,1466 454,1466 502,1467 550,1467 597,1469 645,1469 693,1470 740,1470 788,1472 836,1472 883,1473 931,1475 979,1475 1026,1476 1074,1478 1122,1479 1169,1479 1217,1481 1265,1482"/>
                <TextEquiv>
                    <Unicode>peccato: imo tantum meretur quantum mereretur si chri</Unicode>
                </TextEquiv>
            </TextLine>
            <TextLine id="r4l25" custom="readingOrder {index:23;}">
                <Coords points="317,1531 1259,1547 1260,1490 318,1478"/>
                <Baseline points="324,1520 370,1520 416,1521 463,1521 509,1523 556,1523 602,1524 649,1525 695,1526 742,1527 788,1527 834,1529 881,1530 927,1530 974,1532 1020,1533 1067,1533 1113,1535 1160,1535 1206,1535 1253,1536"/>
                <TextEquiv>
                    <Unicode>stum adoraret: si tamen fecit quod in eo fuit ad dis-</Unicode>
                </TextEquiv>
            </TextLine>
            <TextLine id="r4l26" custom="readingOrder {index:24;}">
                <Coords points="312,1585 1262,1603 1263,1557 1191,1540 1046,1541 1019,1567 686,1531 313,1540"/>
                <Baseline points="318,1574 364,1575 411,1575 458,1575 505,1577 552,1578 599,1578 646,1580 693,1581 740,1583 787,1583 833,1584 880,1586 927,1586 974,1587 1021,1588 1068,1589 1115,1589 1162,1589 1209,1590 1256,1590"/>
                <TextEquiv>
                    <Unicode>cernendum an christus fuit an non. Et adduxi</Unicode>
                </TextEquiv>
            </TextLine>
            <TextLine id="r4l27" custom="readingOrder {index:25;}">
                <Coords points="318,1639 1239,1659 1261,1613 319,1588"/>
                <Baseline points="324,1628 370,1629 417,1631 463,1632 510,1632 556,1634 603,1635 649,1636 696,1637 742,1638 789,1638 835,1640 882,1641 928,1641 975,1643 1021,1643 1068,1644 1114,1646 1161,1646 1207,1647 1254,1647"/>
                <TextEquiv>
                    <Unicode>ad hoc rationes mltas: quarum vna fuit talis. ou-</Unicode>
                </TextEquiv>
            </TextLine>
            <TextLine id="r4l28" custom="readingOrder {index:26;}">
                <Coords points="317,1699 499,1715 596,1686 1006,1725 1260,1707 1261,1659 318,1642"/>
                <Baseline points="324,1688 370,1688 417,1688 463,1688 510,1689 556,1689 603,1691 649,1691 696,1692 742,1692 789,1694 835,1695 882,1696 928,1697 975,1698 1021,1699 1068,1700 1114,1701 1161,1701 1207,1703 1254,1703"/>
                <TextEquiv>
                    <Unicode>dat se. christus Petro icerta effigiae: et credatur </Unicode>
                </TextEquiv>
            </TextLine>
            <TextLine id="r4l29" custom="readingOrder {index:27;}">
                <Coords points="323,1764 1257,1763 1229,1708 1025,1729 325,1700"/>
                <Baseline points="330,1743 376,1743 422,1743 468,1743 514,1745 560,1745 606,1746 652,1747 698,1748 744,1749 790,1751 836,1752 882,1753 928,1754 974,1755 1020,1756 1066,1757 1112,1757 1158,1758 1204,1757 1251,1757"/>
                <TextEquiv>
                    <Unicode>Petrus eum esse christum: et adoret eum adoratione </Unicode>
                </TextEquiv>
            </TextLine>
            <TextLine id="r4l30" custom="readingOrder {index:28;}">
                <Coords points="314,1811 1233,1828 1255,1762 315,1754"/>
                <Baseline points="321,1797 367,1797 413,1799 460,1799 506,1799 552,1799 599,1800 645,1800 691,1802 738,1803 784,1803 830,1805 877,1806 923,1807 969,1808 1016,1809 1062,1809 1108,1811 1155,1812 1201,1813 1248,1814"/>
                <TextEquiv>
                    <Unicode>latrie: et ondat similiter deus diabolum omnino in consimu </Unicode>
                </TextEquiv>
            </TextLine>
            <TextLine id="r4l31" custom="readingOrder {index:29;}">
                <Coords points="299,1857 1250,1875 1260,1827 299,1818"/>
                <Baseline points="305,1851 352,1851 399,1853 447,1853 494,1853 542,1854 589,1855 636,1856 684,1857 731,1859 779,1860 826,1860 873,1862 921,1863 968,1865 1016,1865 1063,1866 1110,1868 1158,1868 1205,1868 1253,1869"/>
                <TextEquiv>
                    <Unicode>efigiae Iesu et sub eisdem figuris: et adoret </Unicode>
                </TextEquiv>
            </TextLine>
            <TextLine id="r4l32" custom="readingOrder {index:30;}">
                <Coords points="315,1914 939,1939 1251,1908 1206,1875 316,1868"/>
                <Baseline points="321,1907 367,1907 413,1908 459,1908 505,1910 552,1910 598,1911 644,1913 690,1914 736,1914 783,1916 829,1916 875,1917 921,1919 967,1920 1014,1920 1060,1922 1106,1922 1152,1923 1198,1923 1245,1923"/>
                <TextEquiv>
                    <Unicode>eum Ioannes. tunc quaero an Ioannes peccat an non: </Unicode>
                </TextEquiv>
            </TextLine>
            <TextLine id="r4l33" custom="readingOrder {index:31;}">
                <Coords points="292,1971 1266,1987 1267,1932 293,1926"/>
                <Baseline points="299,1962 347,1962 395,1964 443,1964 491,1964 539,1965 587,1967 635,1967 683,1968 731,1969 779,1970 827,1971 875,1973 923,1974 971,1974 1019,1975 1067,1976 1115,1977 1163,1977 1211,1977 1260,1977"/>
                <TextEquiv>
                    <Unicode>si sic: ergo Petrus peccat. consequentia patet: quia non maiorem</Unicode>
                </TextEquiv>
            </TextLine>
            <TextLine id="r4l34" custom="readingOrder {index:32;}">
                <Coords points="317,2026 1170,2056 1260,2042 1261,1994 317,1980"/>
                <Baseline points="323,2019 369,2019 416,2019 462,2019 509,2021 555,2021 602,2022 648,2022 695,2024 741,2025 788,2025 835,2027 881,2028 928,2030 974,2030 1021,2031 1067,2033 1114,2033 1160,2034 1207,2034 1254,2036"/>
                <TextEquiv>
                    <Unicode>certitudinem habet Petrus quam Innes si non: habter propo</Unicode>
                </TextEquiv>
            </TextLine>
            <TextLine id="r4l35" custom="readingOrder {index:33;}">
                <Coords points="305,2083 1260,2099 1260,2067 1197,2044 664,2047 608,2023 421,2051 306,2027"/>
                <Baseline points="312,2072 359,2073 406,2074 453,2075 500,2076 547,2076 594,2078 641,2079 688,2079 735,2081 783,2081 830,2082 877,2084 924,2084 971,2085 1018,2085 1065,2087 1112,2087 1159,2088 1206,2088 1254,2090"/>
                <TextEquiv>
                    <Unicode>situm. Ad istud respondet socius quod si Petrus et Iones </Unicode>
                </TextEquiv>
            </TextLine>
            <TextLine id="r4l36" custom="readingOrder {index:34;}">
                <Coords points="311,2138 1251,2155 1252,2107 312,2083"/>
                <Baseline points="317,2127 363,2127 409,2129 456,2129 502,2130 549,2132 595,2132 641,2133 688,2133 734,2135 781,2136 827,2137 873,2138 920,2139 966,2139 1013,2141 1059,2141 1105,2142 1152,2142 1198,2144 1245,2144"/>
                <TextEquiv>
                    <Unicode>sint duo boni homines: et faciant quod in se est ad </Unicode>
                </TextEquiv>
            </TextLine>
            <TextLine id="r4l37" custom="readingOrder {index:35;}">
                <Coords points="314,2187 759,2211 916,2180 948,2209 1115,2216 1250,2211 1251,2168 314,2140"/>
                <Baseline points="320,2184 366,2184 412,2184 458,2186 504,2186 551,2187 597,2187 643,2189 689,2189 735,2190 782,2191 828,2192 874,2193 920,2193 966,2195 1013,2196 1059,2196 1105,2197 1151,2198 1197,2198 1244,2199"/>
                <TextEquiv>
                    <Unicode>discernendum: neuter peccat quia vterque ado: </Unicode>
                </TextEquiv>
            </TextLine>
            <TextLine id="r4l38" custom="readingOrder {index:36;}">
                <Coords points="303,2243 1079,2268 1251,2259 1252,2220 303,2204"/>
                <Baseline points="309,2237 355,2238 402,2239 449,2240 496,2241 543,2241 589,2243 636,2243 683,2244 730,2244 777,2246 823,2246 870,2247 917,2247 964,2249 1011,2249 1057,2250 1104,2251 1151,2252 1198,2253 1245,2255"/>
                <TextEquiv>
                    <Unicode>rat deum interiori adoratione: ergo vterque adoratur </Unicode>
                </TextEquiv>
            </TextLine>
            <TextLine id="r4l39" custom="readingOrder {index:37;}">
                <Coords points="312,2299 1250,2314 1231,2260 313,2252"/>
                <Baseline points="318,2291 364,2294 410,2294 456,2295 503,2297 549,2297 595,2298 642,2298 688,2298 734,2300 781,2300 827,2300 873,2301 919,2301 966,2302 1012,2303 1058,2304 1105,2306 1151,2307 1197,2309 1244,2310"/>
                <TextEquiv>
                    <Unicode>deum. et quando dicitur: Ioannes adorat diabolum: respon-</Unicode>
                </TextEquiv>
            </TextLine>
            <TextLine id="r4l40" custom="readingOrder {index:38;}">
                <Coords points="296,2355 1257,2371 1247,2316 297,2315"/>
                <Baseline points="302,2346 349,2348 396,2349 444,2351 491,2352 539,2352 586,2354 634,2354 681,2355 729,2355 776,2357 823,2357 871,2357 918,2358 966,2358 1013,2360 1061,2360 1108,2361 1156,2363 1203,2364 1251,2366"/>
                <TextEquiv>
                    <Unicode>det negando: quia neuter eorum adorat diabolun</Unicode>
                </TextEquiv>
            </TextLine>
            <TextLine id="r4l41" custom="readingOrder {index:39;}">
                <Coords points="312,2426 683,2412 1231,2445 1243,2380 313,2355"/>
                <Baseline points="318,2405 363,2406 409,2408 455,2408 501,2409 547,2409 593,2411 639,2411 685,2411 731,2412 777,2412 822,2414 868,2414 914,2415 960,2417 1006,2418 1052,2420 1098,2421 1144,2424 1190,2427 1236,2429"/>
                <TextEquiv>
                    <Unicode>sed vterque deum. In illa responsioe primo concedit pro</Unicode>
                </TextEquiv>
            </TextLine>
            <TextLine id="r4l42" custom="readingOrder {index:40;}">
                <Coords points="302,2479 1251,2496 1252,2447 792,2420 726,2443 682,2413 303,2427"/>
                <Baseline points="309,2462 355,2462 402,2462 449,2463 496,2464 543,2465 589,2465 636,2466 683,2466 730,2468 777,2469 823,2469 870,2471 917,2472 964,2472 1011,2474 1057,2475 1104,2476 1151,2478 1198,2479 1245,2481"/>
                <TextEquiv>
                    <Unicode>positum meum. Secundo non dicit consequenter ad ea quod </Unicode>
                </TextEquiv>
            </TextLine>
            <TextLine id="r4l43" custom="readingOrder {index:41;}">
                <Coords points="310,2530 1194,2556 1243,2541 1244,2491 311,2480"/>
                <Baseline points="317,2519 363,2519 409,2519 455,2519 501,2519 547,2520 593,2520 639,2522 685,2522 731,2523 777,2525 823,2525 869,2526 915,2528 961,2529 1007,2529 1053,2531 1099,2532 1145,2534 1191,2535 1238,2535"/>
                <TextEquiv>
                    <Unicode>dixi alias tertio assumit falsum. Primum patet </Unicode>
                </TextEquiv>
            </TextLine>
            <TextLine id="r4l44" custom="readingOrder {index:42;}">
                <Coords points="309,2596 962,2584 1100,2609 1254,2595 1255,2541 310,2540"/>
                <Baseline points="315,2577 361,2577 408,2577 454,2577 501,2577 548,2577 594,2579 641,2579 688,2579 734,2580 781,2580 828,2580 874,2582 921,2582 968,2583 1014,2585 1061,2585 1108,2586 1154,2588 1201,2589 1248,2591"/>
                <TextEquiv>
                    <Unicode>quia concedit quod adorans diabolum transfsiguratum </Unicode>
                </TextEquiv>
            </TextLine>
            <TextLine id="r4l45" custom="readingOrder {index:43;}">
                <Coords points="305,2639 1253,2651 1254,2604 305,2595"/>
                <Baseline points="311,2630 357,2631 404,2633 451,2633 498,2634 545,2635 591,2636 638,2637 685,2637 732,2637 779,2639 825,2639 872,2639 919,2639 966,2640 1013,2640 1059,2640 1106,2642 1153,2642 1200,2643 1247,2643"/>
                <TextEquiv>
                    <Unicode>non peccat: quia casus ponit quod Ioannes adoret il-</Unicode>
                </TextEquiv>
            </TextLine>
            <TextLine id="r4l46" custom="readingOrder {index:44;}">
                <Coords points="296,2698 1238,2707 1238,2659 1089,2648 297,2639"/>
                <Baseline points="303,2684 349,2687 395,2688 442,2690 488,2691 535,2693 581,2693 628,2694 674,2694 721,2694 767,2694 813,2694 860,2694 906,2694 953,2694 999,2694 1046,2696 1092,2696 1139,2697 1185,2699 1232,2700"/>
                <TextEquiv>
                    <Unicode>lum qui sibi apperet: et hoc est propositum. Secundum patet </Unicode>
                </TextEquiv>
            </TextLine>
            <TextLine id="r4l47" custom="readingOrder {index:45;}">
                <Coords points="309,2762 1127,2771 1248,2763 1249,2716 310,2707"/>
                <Baseline points="315,2744 361,2745 407,2745 454,2746 500,2747 546,2747 593,2748 639,2748 685,2750 732,2750 778,2750 824,2751 871,2751 917,2751 963,2753 1010,2753 1056,2754 1102,2754 1149,2754 1195,2754 1242,2754"/>
                <TextEquiv>
                    <Unicode>quia alias dixi quod error talis non excuset hominem </Unicode>
                </TextEquiv>
            </TextLine>
            <TextLine id="r4l48" custom="readingOrder {index:46;}">
                <Coords points="297,2811 1242,2819 1243,2764 298,2765"/>
                <Baseline points="303,2798 349,2799 396,2801 442,2802 489,2802 536,2804 582,2804 629,2805 676,2805 722,2806 769,2807 816,2807 862,2807 909,2808 956,2808 1002,2808 1049,2810 1096,2810 1142,2810 1189,2811 1236,2811"/>
                <TextEquiv>
                    <Unicode>quando credit illu quai est diabolus esse deum: quin commis </Unicode>
                </TextEquiv>
            </TextLine>
            <TextLine id="r4l49" custom="readingOrder {index:47;}">
                <Coords points="303,2858 900,2876 1004,2847 1039,2882 1239,2883 1223,2819 304,2813"/>
                <Baseline points="309,2850 355,2853 401,2855 447,2856 493,2856 540,2858 586,2859 632,2859 678,2861 724,2861 771,2862 817,2862 863,2862 909,2864 955,2864 1002,2864 1048,2865 1094,2865 1140,2865 1186,2865 1233,2867"/>
                <TextEquiv>
                    <Unicode>tat idololatria. et modo dictum est: Ioanves in</Unicode>
                </TextEquiv>
            </TextLine>
            <TextLine id="r4l50" custom="readingOrder {index:48;}">
                <Coords points="300,2915 1115,2939 1242,2930 1243,2884 300,2874"/>
                <Baseline points="306,2906 352,2907 399,2907 445,2909 492,2910 538,2910 585,2912 631,2912 678,2913 724,2915 771,2916 817,2916 864,2917 910,2918 957,2919 1003,2919 1050,2919 1096,2921 1143,2921 1189,2921 1236,2921"/>
                <TextEquiv>
                    <Unicode>casu isto non peccat: et tamen certum est quod Ioannes et</Unicode>
                </TextEquiv>
            </TextLine>
            <TextLine id="r4l51" custom="readingOrder {index:49;}">
                <Coords points="296,2970 1239,2979 1239,2939 1139,2925 297,2923"/>
                <Baseline points="302,2958 348,2958 395,2960 441,2961 488,2961 534,2963 581,2964 627,2966 674,2966 720,2967 767,2969 814,2970 860,2970 907,2972 953,2972 1000,2973 1046,2973 1093,2973 1139,2973 1186,2972 1233,2972"/>
                <TextEquiv>
                    <Unicode>rat: quia Ioanns credit illum esse deum demonstrato </Unicode>
                </TextEquiv>
            </TextLine>
            <TextLine id="r4l52" custom="readingOrder {index:50;}">
                <Coords points="306,3019 1242,3038 1234,2979 862,2997 580,2963 491,2990 307,2972"/>
                <Baseline points="312,3014 358,3014 404,3014 450,3015 496,3015 543,3017 589,3018 635,3020 681,3020 727,3021 774,3023 820,3024 866,3024 912,3026 958,3027 1005,3027 1051,3029 1097,3029 1143,3029 1189,3029 1236,3029"/>
                <TextEquiv>
                    <Unicode>diabolo. Similiter alias dixi quod error talis fuit contra </Unicode>
                </TextEquiv>
            </TextLine>
            <TextLine id="r4l53" custom="readingOrder {index:51;}">
                <Coords points="294,3075 1241,3091 1241,3045 1117,3028 1025,3050 295,3028"/>
                <Baseline points="300,3071 346,3071 393,3072 440,3072 487,3073 533,3074 580,3075 627,3075 674,3077 720,3078 767,3079 814,3080 861,3081 907,3083 954,3083 1001,3084 1048,3086 1094,3086 1141,3086 1188,3087 1235,3087"/>
                <TextEquiv>
                    <Unicode>fidem: sed Ioannes nunc errat errore tali: igitur errat </Unicode>
                </TextEquiv>
            </TextLine>
            <TextLine id="r4l54" custom="readingOrder {index:52;}">
                <Coords points="293,3155 337,3133 1165,3163 1260,3155 1261,3107 294,3076"/>
                <Baseline points="300,3137 347,3137 395,3137 443,3137 490,3138 538,3138 586,3140 633,3141 681,3141 729,3143 777,3144 824,3144 872,3146 920,3147 967,3147 1015,3147 1063,3147 1110,3147 1158,3147 1206,3147 1254,3146"/>
                <TextEquiv>
                    <Unicode>contra fidem: igitur peccat. Tertio vero quod dicit vide</Unicode>
                </TextEquiv>
            </TextLine>
            <TextEquiv>
                <Unicode>nitate: quod quicumque profugus possit ibi salvari: tam 
li liceret ad eam confugere. Similiter si talis for
ma arguendi valeret: nullo modo liceret homin 
damnato ad mortem redimere mortem suam pe
amicos: immo amici redimentes peccarent: quod 
apud mltos non est verum. Ad secundum de ma
toribus: quod tunc licuisset eis conscia eis dictante 
quod esset moriendum pro christo: declinasse mortem 
per fugam. nego consequentias: quia nelia est silitudo: sed dem 
pta conscia de moriendo: et posita conscia quod ex-
pedit honori dei magis vivere quam mori: con
cedo quod licet eis fugere mortem: iuxta illud consi
lium saluatoris. Matt. x. Cum vos persecuti 
fuerint in vna ciuitate: fugitae in aliam. quod 
apli fecerunt: quando post morte christi orta se-
ditione in hierosolumis / fugerunt ad gentes.
Et christus Et ipsemet mortem decliauit: quia eum 
tunc mori non congruebat: quando transiens per medium 
illorum ibat. Quintus arti. an adorans diabo
lum transfiguratum in effigiemn christi per errorem in
vincibile delusus: excusetur ab idololatria ien 
talem ignorantiam. Dixi quod non solum excusatur a 
peccato: imo tantum meretur quantum mereretur si chri
stum adoraret: si tamen fecit quod in eo fuit ad dis-
cernendum an christus fuit an non. Et adduxi
ad hoc rationes mltas: quarum vna fuit talis. ou-
dat se. christus Petro icerta effigiae: et credatur 
Petrus eum esse christum: et adoret eum adoratione 
latrie: et ondat similiter deus diabolum omnino in consimu 
efigiae Iesu et sub eisdem figuris: et adoret 
eum Ioannes. tunc quaero an Ioannes peccat an non: 
si sic: ergo Petrus peccat. consequentia patet: quia non maiorem
certitudinem habet Petrus quam Innes si non: habter propo
situm. Ad istud respondet socius quod si Petrus et Iones 
sint duo boni homines: et faciant quod in se est ad 
discernendum: neuter peccat quia vterque ado: 
rat deum interiori adoratione: ergo vterque adoratur 
deum. et quando dicitur: Ioannes adorat diabolum: respon-
det negando: quia neuter eorum adorat diabolun
sed vterque deum. In illa responsioe primo concedit pro
positum meum. Secundo non dicit consequenter ad ea quod 
dixi alias tertio assumit falsum. Primum patet 
quia concedit quod adorans diabolum transfsiguratum 
non peccat: quia casus ponit quod Ioannes adoret il-
lum qui sibi apperet: et hoc est propositum. Secundum patet 
quia alias dixi quod error talis non excuset hominem 
quando credit illu quai est diabolus esse deum: quin commis 
tat idololatria. et modo dictum est: Ioanves in
casu isto non peccat: et tamen certum est quod Ioannes et
rat: quia Ioanns credit illum esse deum demonstrato 
diabolo. Similiter alias dixi quod error talis fuit contra 
fidem: sed Ioannes nunc errat errore tali: igitur errat 
contra fidem: igitur peccat. Tertio vero quod dicit vide</Unicode>
            </TextEquiv>
        </TextRegion>
        <TextRegion orientation="0.0" id="r5" custom="readingOrder {index:1;}">
            <Coords points="1302,176 1296,3183 2295,3183 2301,176"/>
            <TextLine id="r5l2" custom="readingOrder {index:0;}">
                <Coords points="1331,251 2300,267 2301,220 1332,196"/>
                <Baseline points="1337,243 1384,245 1432,246 1480,246 1528,248 1576,248 1624,248 1672,249 1720,249 1768,249 1816,251 1863,251 1911,251 1959,252 2007,252 2055,254 2103,255 2151,255 2199,257 2247,258 2295,260"/>
                <TextEquiv>
                    <Unicode>licetur quod Iones in casu isto non adoret diabolumn: </Unicode>
                </TextEquiv>
            </TextLine>
            <TextLine id="r5l3" custom="readingOrder {index:1;}">
                <Coords points="1337,307 2177,331 2282,320 2283,286 1338,253"/>
                <Baseline points="1343,299 1389,299 1436,299 1482,300 1529,300 1576,300 1622,302 1669,302 1716,303 1762,303 1809,305 1856,306 1902,306 1949,308 1996,308 2042,309 2089,311 2136,311 2182,311 2229,312 2276,312"/>
                <TextEquiv>
                    <Unicode>est manifeste falsum: etiam est contra casum: quia ca</Unicode>
                </TextEquiv>
            </TextLine>
            <TextLine id="r5l4" custom="readingOrder {index:2;}">
                <Coords points="1336,368 2291,371 2292,317 1337,316"/>
                <Baseline points="1343,354 1390,354 1437,354 1484,356 1531,356 1578,356 1625,356 1672,357 1719,357 1766,358 1814,359 1861,359 1908,360 1955,360 2002,360 2049,362 2096,362 2143,363 2190,364 2237,365 2285,366"/>
                <TextEquiv>
                    <Unicode>pio aliquem idololatrantem: qui credit idolum esse </Unicode>
                </TextEquiv>
            </TextLine>
            <TextLine id="r5l5" custom="readingOrder {index:3;}">
                <Coords points="1340,412 2285,427 2264,371 2083,393 1980,367 1929,393 1883,363 1341,367"/>
                <Baseline points="1346,407 1392,407 1439,408 1485,408 1532,410 1579,410 1625,410 1672,411 1719,411 1765,413 1812,413 1859,413 1905,414 1952,414 1999,416 2045,416 2092,417 2139,417 2185,419 2232,420 2279,420"/>
                <TextEquiv>
                    <Unicode>deum. Et quaero vtrum adorando idolum committit </Unicode>
                </TextEquiv>
            </TextLine>
            <TextLine id="r5l6" custom="readingOrder {index:4;}">
                <Coords points="1328,466 2270,481 2271,428 1329,424"/>
                <Baseline points="1334,462 1380,462 1427,462 1473,464 1520,464 1566,464 1613,465 1659,465 1706,465 1752,467 1799,467 1845,468 1892,468 1938,470 1985,470 2031,471 2078,471 2124,472 2171,473 2217,474 2264,474"/>
                <TextEquiv>
                    <Unicode>idololatriam an non: Si sic: contra. non adorat ido </Unicode>
                </TextEquiv>
            </TextLine>
            <TextLine id="r5l7" custom="readingOrder {index:5;}">
                <Coords points="1331,523 2273,540 2286,501 1331,468"/>
                <Baseline points="1337,518 1384,519 1431,519 1478,521 1525,521 1572,522 1619,522 1666,522 1713,524 1760,524 1808,524 1855,524 1902,525 1949,525 1996,525 2043,527 2090,527 2137,528 2184,530 2231,530 2279,533"/>
                <TextEquiv>
                    <Unicode>lum per te: sed deum: quia qua ratione Ioannes. non adorat dia</Unicode>
                </TextEquiv>
            </TextLine>
            <TextLine id="r5l8" custom="readingOrder {index:6;}">
                <Coords points="1335,578 2267,596 2268,539 1335,524"/>
                <Baseline points="1341,572 1387,573 1433,575 1479,576 1525,578 1571,578 1617,578 1663,579 1709,579 1755,579 1801,581 1847,581 1893,581 1939,582 1985,582 2031,582 2077,584 2123,585 2169,587 2215,588 2261,590"/>
                <TextEquiv>
                    <Unicode>bolum sed deum: eadem ratioe iste non adorabit ido </Unicode>
                </TextEquiv>
            </TextLine>
            <TextLine id="r5l9" custom="readingOrder {index:7;}">
                <Coords points="1332,637 2273,659 2273,611 2216,590 1611,608 1333,579"/>
                <Baseline points="1338,629 1384,630 1430,632 1477,633 1523,633 1570,633 1616,635 1663,635 1709,635 1756,636 1802,636 1848,636 1895,636 1941,638 1988,638 2034,638 2081,639 2127,641 2174,642 2220,643 2267,645"/>
                <TextEquiv>
                    <Unicode>lum sed deum: quia non est aliquam ratio quare negas Io</Unicode>
                </TextEquiv>
            </TextLine>
            <TextLine id="r5l10" custom="readingOrder {index:8;}">
                <Coords points="1335,691 2216,699 2254,721 2290,673 1951,644 1335,651"/>
                <Baseline points="1341,686 1388,687 1435,687 1482,687 1529,689 1576,689 1623,689 1670,689 1717,690 1764,690 1812,690 1859,692 1906,692 1953,693 2000,694 2047,695 2094,696 2141,698 2188,699 2235,701 2283,704"/>
                <TextEquiv>
                    <Unicode>annem adorare diabolumn in isto casu: nisi quia </Unicode>
                </TextEquiv>
            </TextLine>
            <TextLine id="r5l11" custom="readingOrder {index:9;}">
                <Coords points="1330,761 2160,770 2285,762 2286,717 1407,715 1331,692"/>
                <Baseline points="1337,741 1384,743 1431,743 1478,744 1525,744 1572,746 1619,746 1666,746 1713,747 1760,747 1808,748 1855,749 1902,749 1949,750 1996,750 2043,752 2090,752 2137,753 2184,754 2231,755 2279,756"/>
                <TextEquiv>
                    <Unicode>Ioes intendit adorare deum: et illum qui apparet </Unicode>
                </TextEquiv>
            </TextLine>
            <TextLine id="r5l12" custom="readingOrder {index:10;}">
                <Coords points="1331,803 1764,829 2006,807 2097,834 2263,819 2280,765 1332,760"/>
                <Baseline points="1337,798 1383,798 1430,798 1477,800 1524,800 1571,801 1617,801 1664,801 1711,803 1758,803 1805,804 1851,804 1898,804 1945,806 1992,806 2039,807 2085,807 2132,809 2179,809 2226,809 2273,810"/>
                <TextEquiv>
                    <Unicode>sibi / credit esse deum. sed eodem modo istae paganus </Unicode>
                </TextEquiv>
            </TextLine>
            <TextLine id="r5l13" custom="readingOrder {index:11;}">
                <Coords points="1329,859 2281,875 2272,819 1330,820"/>
                <Baseline points="1335,854 1382,855 1429,855 1476,857 1523,857 1570,857 1617,858 1664,858 1711,858 1758,860 1805,860 1852,860 1899,861 1946,861 1993,861 2040,863 2087,863 2134,864 2181,865 2228,866 2276,867"/>
                <TextEquiv>
                    <Unicode>adorare intendit deum: et credit idolum suum esse </Unicode>
                </TextEquiv>
            </TextLine>
            <TextLine id="r5l14" custom="readingOrder {index:12;}">
                <Coords points="1329,915 2253,932 2285,924 2286,884 1330,868"/>
                <Baseline points="1335,908 1382,909 1429,911 1476,912 1523,913 1571,914 1618,914 1665,915 1712,915 1759,915 1807,915 1854,916 1901,917 1948,917 1995,917 2043,918 2090,918 2137,920 2184,920 2231,922 2279,924"/>
                <TextEquiv>
                    <Unicode>deum. Si dicatur quod talis paganus si intendat </Unicode>
                </TextEquiv>
            </TextLine>
            <TextLine id="r5l15" custom="readingOrder {index:13;}">
                <Coords points="1325,979 2270,995 2262,929 1326,928"/>
                <Baseline points="1331,966 1377,967 1424,968 1470,969 1517,969 1564,969 1610,971 1657,971 1704,971 1750,972 1797,972 1844,972 1890,974 1937,974 1984,974 2030,975 2077,977 2124,977 2170,978 2217,980 2264,981"/>
                <TextEquiv>
                    <Unicode>adorare deum: non committit idololatriam. sequi </Unicode>
                </TextEquiv>
            </TextLine>
            <TextLine id="r5l16" custom="readingOrder {index:14;}">
                <Coords points="1331,1047 1538,1027 1581,1051 2274,1051 2275,995 1332,988"/>
                <Baseline points="1338,1022 1384,1023 1431,1025 1477,1025 1524,1026 1570,1026 1617,1028 1663,1028 1710,1028 1756,1028 1803,1029 1849,1029 1896,1029 1942,1031 1989,1031 2035,1032 2082,1033 2128,1034 2175,1035 2221,1038 2268,1040"/>
                <TextEquiv>
                    <Unicode>quod tunc non est possibile quod aliquis committat ido</Unicode>
                </TextEquiv>
            </TextLine>
            <TextLine id="r5l17" custom="readingOrder {index:15;}">
                <Coords points="1322,1091 2123,1116 2273,1107 2274,1053 1323,1031"/>
                <Baseline points="1328,1080 1377,1082 1426,1083 1476,1083 1525,1085 1575,1085 1624,1086 1673,1086 1723,1086 1772,1086 1822,1088 1871,1088 1921,1088 1970,1089 2019,1089 2069,1091 2118,1091 2168,1092 2217,1094 2267,1095"/>
                <TextEquiv>
                    <Unicode>lolatriam. Praeterea sit effigies illa quae diabo</Unicode>
                </TextEquiv>
            </TextLine>
            <TextLine id="r5l18" custom="readingOrder {index:16;}">
                <Coords points="1319,1139 1437,1165 2283,1158 2283,1107 1320,1092"/>
                <Baseline points="1325,1134 1372,1136 1420,1138 1467,1139 1515,1140 1562,1140 1610,1142 1657,1142 1705,1142 1752,1143 1800,1143 1848,1143 1895,1143 1943,1145 1990,1145 2038,1146 2085,1146 2133,1148 2180,1149 2228,1151 2276,1152"/>
                <TextEquiv>
                    <Unicode>lus apperet Ioanni: hunanitas christi vel cor-</Unicode>
                </TextEquiv>
            </TextLine>
            <TextLine id="r5l19" custom="readingOrder {index:17;}">
                <Coords points="1325,1209 2272,1219 2280,1164 1326,1157"/>
                <Baseline points="1331,1194 1378,1196 1425,1196 1472,1196 1519,1197 1566,1197 1613,1198 1660,1199 1707,1199 1754,1200 1802,1200 1849,1202 1896,1202 1943,1202 1990,1203 2037,1204 2084,1205 2131,1205 2178,1206 2225,1208 2273,1208"/>
                <TextEquiv>
                    <Unicode>pus ipsius Iacobi permittente deo: et credat </Unicode>
                </TextEquiv>
            </TextLine>
            <TextLine id="r5l20" custom="readingOrder {index:18;}">
                <Coords points="1332,1275 2283,1266 2283,1226 2173,1212 1597,1229 1332,1205"/>
                <Baseline points="1338,1253 1387,1254 1436,1254 1486,1254 1535,1256 1585,1256 1634,1257 1683,1257 1733,1257 1782,1257 1832,1259 1881,1259 1931,1259 1980,1260 2029,1260 2079,1262 2128,1262 2178,1263 2227,1265 2277,1265"/>
                <TextEquiv>
                    <Unicode>Ions quod sit huanitas christi: et adoret eum ge-</Unicode>
                </TextEquiv>
            </TextLine>
            <TextLine id="r5l21" custom="readingOrder {index:19;}">
                <Coords points="1314,1314 2283,1325 2283,1281 2148,1268 1314,1275"/>
                <Baseline points="1320,1308 1367,1310 1415,1310 1463,1311 1511,1311 1559,1312 1607,1313 1654,1313 1702,1314 1750,1314 1798,1314 1846,1315 1894,1316 1942,1316 1989,1317 2037,1317 2085,1317 2133,1319 2181,1319 2229,1320 2277,1320"/>
                <TextEquiv>
                    <Unicode>nullectendo et deosculando pedes. tunc habet istanm </Unicode>
                </TextEquiv>
            </TextLine>
            <TextLine id="r5l22" custom="readingOrder {index:20;}">
                <Coords points="1312,1371 2125,1395 2265,1387 2276,1333 1313,1330"/>
                <Baseline points="1319,1362 1366,1365 1414,1365 1461,1367 1509,1368 1556,1370 1604,1370 1651,1371 1699,1371 1746,1371 1794,1373 1842,1373 1889,1373 1937,1374 1984,1374 2032,1374 2079,1374 2127,1376 2174,1376 2222,1376 2270,1377"/>
                <TextEquiv>
                    <Unicode>responsionem opare concedere quod ipe adoret hunani-</Unicode>
                </TextEquiv>
            </TextLine>
            <TextLine id="r5l23" custom="readingOrder {index:21;}">
                <Coords points="1319,1427 2279,1443 2275,1394 1631,1380 1580,1407 1535,1380 1320,1380"/>
                <Baseline points="1325,1422 1372,1422 1419,1422 1467,1424 1514,1424 1562,1425 1609,1425 1656,1425 1704,1427 1751,1427 1799,1428 1846,1428 1893,1428 1941,1430 1988,1430 2036,1431 2083,1431 2130,1433 2178,1433 2225,1434 2273,1434"/>
                <TextEquiv>
                    <Unicode>tatem christi et sic debet concedere quod ipe tangeret </Unicode>
                </TextEquiv>
            </TextLine>
            <TextLine id="r5l24" custom="readingOrder {index:22;}">
                <Coords points="1319,1484 2276,1499 2277,1452 2247,1443 1320,1444"/>
                <Baseline points="1326,1478 1373,1479 1420,1480 1467,1481 1514,1482 1562,1482 1609,1482 1656,1484 1703,1484 1750,1485 1798,1485 1845,1485 1892,1487 1939,1487 1986,1488 2034,1488 2081,1490 2128,1490 2175,1491 2222,1492 2270,1493"/>
                <TextEquiv>
                    <Unicode>corpus christi in celo: et quod tamgeret corpus Ia</Unicode>
                </TextEquiv>
            </TextLine>
            <TextLine id="r5l25" custom="readingOrder {index:23;}">
                <Coords points="1320,1543 2273,1554 2265,1500 1321,1500"/>
                <Baseline points="1326,1535 1373,1536 1420,1536 1467,1538 1514,1538 1561,1539 1608,1539 1655,1539 1702,1540 1749,1541 1796,1541 1843,1541 1890,1541 1937,1542 1984,1542 2031,1542 2078,1544 2125,1545 2172,1545 2219,1547 2267,1550"/>
                <TextEquiv>
                    <Unicode>cobi. Praeterea secundum hanc responsionem non e possi</Unicode>
                </TextEquiv>
            </TextLine>
            <TextLine id="r5l26" custom="readingOrder {index:24;}">
                <Coords points="1319,1603 2273,1610 2247,1556 1320,1543"/>
                <Baseline points="1325,1590 1372,1592 1419,1592 1466,1593 1513,1593 1560,1595 1607,1595 1654,1595 1701,1595 1748,1596 1796,1596 1843,1596 1890,1597 1937,1598 1984,1598 2031,1599 2078,1599 2125,1601 2172,1602 2219,1604 2267,1605"/>
                <TextEquiv>
                    <Unicode>bile quod aliquis adoret diabolumn adoratione la</Unicode>
                </TextEquiv>
            </TextLine>
            <TextLine id="r5l27" custom="readingOrder {index:25;}">
                <Coords points="1315,1658 2224,1675 2270,1666 2271,1620 1316,1604"/>
                <Baseline points="1322,1647 1369,1647 1416,1649 1463,1649 1510,1650 1557,1650 1604,1650 1651,1652 1698,1652 1745,1652 1793,1652 1840,1653 1887,1653 1934,1653 1981,1655 2028,1655 2075,1655 2122,1656 2169,1658 2216,1658 2264,1661"/>
                <TextEquiv>
                    <Unicode>triae: quia talis adoratio non potest fieri nisi cre-</Unicode>
                </TextEquiv>
            </TextLine>
            <TextLine id="r5l28" custom="readingOrder {index:26;}">
                <Coords points="1320,1715 2270,1722 2270,1678 2183,1668 1321,1661"/>
                <Baseline points="1326,1703 1372,1704 1419,1704 1466,1705 1513,1706 1560,1706 1607,1707 1654,1707 1701,1707 1748,1709 1795,1709 1841,1709 1888,1710 1935,1710 1982,1710 2029,1712 2076,1712 2123,1713 2170,1713 2217,1715 2264,1716"/>
                <TextEquiv>
                    <Unicode>dendo de eo qua est diabolus / quod sit deus: quia fictio </Unicode>
                </TextEquiv>
            </TextLine>
            <TextLine id="r5l29" custom="readingOrder {index:27;}">
                <Coords points="1314,1770 2262,1787 2275,1730 1314,1723"/>
                <Baseline points="1320,1760 1367,1760 1414,1761 1462,1761 1509,1762 1557,1763 1604,1763 1651,1764 1699,1764 1746,1764 1794,1766 1841,1766 1888,1766 1936,1767 1983,1767 2031,1769 2078,1769 2125,1769 2173,1770 2220,1770 2268,1772"/>
                <TextEquiv>
                    <Unicode>exterior et huiliatio corporis sine adoratione </Unicode>
                </TextEquiv>
            </TextLine>
            <TextLine id="r5l30" custom="readingOrder {index:28;}">
                <Coords points="1320,1827 2268,1843 2269,1788 1320,1780"/>
                <Baseline points="1326,1814 1372,1815 1419,1815 1466,1817 1513,1817 1560,1818 1606,1818 1653,1818 1700,1820 1747,1820 1794,1820 1840,1821 1887,1821 1934,1821 1981,1823 2028,1823 2074,1824 2121,1825 2168,1826 2215,1827 2262,1829"/>
                <TextEquiv>
                    <Unicode>cordis: et sine intentione mentis non est cultus latriae </Unicode>
                </TextEquiv>
            </TextLine>
            <TextLine id="r5l31" custom="readingOrder {index:29;}">
                <Coords points="1308,1875 2264,1891 2265,1843 2232,1836 1309,1836"/>
                <Baseline points="1314,1868 1361,1869 1408,1871 1455,1871 1502,1872 1550,1872 1597,1874 1644,1874 1691,1874 1738,1875 1786,1875 1833,1877 1880,1877 1927,1878 1974,1878 2022,1879 2069,1880 2116,1881 2163,1883 2210,1883 2258,1884"/>
                <TextEquiv>
                    <Unicode>mamifestum est et per consequens non est possibile quod aliquis</Unicode>
                </TextEquiv>
            </TextLine>
            <TextLine id="r5l32" custom="readingOrder {index:30;}">
                <Coords points="1303,1932 2268,1947 2268,1891 1304,1892"/>
                <Baseline points="1310,1925 1357,1925 1405,1925 1452,1926 1500,1926 1548,1926 1595,1928 1643,1928 1690,1929 1738,1930 1786,1931 1833,1931 1881,1932 1928,1934 1976,1934 2024,1935 2071,1935 2119,1936 2166,1937 2214,1937 2262,1937"/>
                <TextEquiv>
                    <Unicode>credendo diabolumn esse deum adoret diabolun</Unicode>
                </TextEquiv>
            </TextLine>
            <TextLine id="r5l33" custom="readingOrder {index:31;}">
                <Coords points="1311,1987 2191,2011 2264,2003 2265,1950 1311,1948"/>
                <Baseline points="1317,1979 1364,1980 1411,1980 1458,1980 1505,1982 1552,1982 1599,1983 1646,1984 1693,1985 1740,1986 1787,1986 1834,1988 1881,1988 1928,1989 1975,1990 2022,1991 2069,1992 2116,1992 2163,1994 2210,1994 2258,1995"/>
                <TextEquiv>
                    <Unicode>adoratione interiori. et sic negatur casus: qui tamen </Unicode>
                </TextEquiv>
            </TextLine>
            <TextLine id="r5l34" custom="readingOrder {index:32;}">
                <Coords points="1301,2043 2264,2058 2264,2011 2156,1996 1301,1999"/>
                <Baseline points="1307,2034 1354,2036 1402,2036 1449,2036 1497,2037 1544,2038 1592,2039 1639,2040 1687,2040 1734,2041 1782,2042 1830,2043 1877,2043 1925,2045 1972,2045 2020,2046 2067,2046 2115,2047 2162,2048 2210,2048 2258,2049"/>
                <TextEquiv>
                    <Unicode>alias fuit admissus. et quod aliquis possit adora-</Unicode>
                </TextEquiv>
            </TextLine>
            <TextLine id="r5l35" custom="readingOrder {index:33;}">
                <Coords points="1309,2098 2273,2111 2273,2069 2126,2055 1310,2052"/>
                <Baseline points="1316,2088 1363,2090 1411,2090 1458,2091 1506,2092 1553,2093 1601,2094 1648,2094 1696,2096 1743,2096 1791,2097 1839,2097 1886,2099 1934,2099 1981,2100 2029,2100 2076,2102 2124,2102 2171,2103 2219,2104 2267,2105"/>
                <TextEquiv>
                    <Unicode>re diabolum adoratione latrie per errorem. Prae</Unicode>
                </TextEquiv>
            </TextLine>
            <TextLine id="r5l36" custom="readingOrder {index:34;}">
                <Coords points="1302,2155 2248,2171 2256,2123 1303,2107"/>
                <Baseline points="1308,2144 1355,2144 1402,2145 1449,2145 1496,2147 1543,2147 1590,2148 1637,2148 1684,2149 1731,2150 1779,2151 1826,2151 1873,2153 1920,2153 1967,2154 2014,2154 2061,2156 2108,2156 2155,2157 2202,2159 2250,2159"/>
                <TextEquiv>
                    <Unicode>terea interior adoratio non est nisi affectio</Unicode>
                </TextEquiv>
            </TextLine>
            <TextLine id="r5l37" custom="readingOrder {index:35;}">
                <Coords points="1310,2209 2182,2238 2262,2216 2262,2180 2224,2167 1311,2164"/>
                <Baseline points="1317,2198 1366,2199 1415,2201 1465,2202 1514,2204 1564,2205 1613,2205 1662,2207 1712,2207 1761,2208 1811,2209 1860,2210 1910,2210 1959,2211 2008,2211 2058,2211 2107,2211 2157,2211 2206,2213 2256,2213"/>
                <TextEquiv>
                    <Unicode>vel propositio mentalu: sed Innes format tales propositio-</Unicode>
                </TextEquiv>
            </TextLine>
            <TextLine id="r5l38" custom="readingOrder {index:36;}">
                <Coords points="1306,2266 2216,2291 2245,2238 1307,2220"/>
                <Baseline points="1313,2253 1359,2254 1405,2255 1451,2256 1498,2256 1544,2258 1590,2259 1636,2259 1683,2261 1729,2261 1775,2262 1821,2263 1868,2264 1914,2265 1960,2265 2006,2267 2053,2268 2099,2270 2145,2270 2191,2271 2238,2273"/>
                <TextEquiv>
                    <Unicode>nes mentales: istu adoro: iste est christus. igit </Unicode>
                </TextEquiv>
            </TextLine>
            <TextLine id="r5l39" custom="readingOrder {index:37;}">
                <Coords points="1311,2316 2163,2350 2251,2339 2252,2288 1312,2263"/>
                <Baseline points="1317,2309 1363,2310 1409,2311 1456,2312 1502,2313 1549,2313 1595,2313 1642,2315 1688,2315 1735,2316 1781,2316 1827,2318 1874,2319 1920,2319 1967,2321 2013,2321 2060,2322 2106,2324 2153,2325 2199,2327 2246,2328"/>
                <TextEquiv>
                    <Unicode>istum adorat adoratione latrie interiori. Pret </Unicode>
                </TextEquiv>
            </TextLine>
            <TextLine id="r5l40" custom="readingOrder {index:38;}">
                <Coords points="1310,2370 2237,2395 2262,2349 1311,2325"/>
                <Baseline points="1316,2366 1363,2366 1410,2367 1457,2369 1504,2369 1551,2370 1598,2372 1645,2372 1692,2373 1739,2373 1786,2375 1833,2375 1880,2376 1927,2377 1974,2378 2021,2379 2068,2379 2115,2381 2162,2382 2209,2383 2256,2384"/>
                <TextEquiv>
                    <Unicode>ea ponatur quod Ioannes adoret sortem adoratione la</Unicode>
                </TextEquiv>
            </TextLine>
            <TextLine id="r5l41" custom="readingOrder {index:39;}">
                <Coords points="1298,2435 2192,2462 2267,2450 2268,2402 1299,2379"/>
                <Baseline points="1304,2423 1351,2423 1399,2424 1447,2424 1495,2426 1543,2426 1591,2427 1638,2427 1686,2429 1734,2430 1782,2430 1830,2432 1878,2432 1926,2433 1973,2434 2021,2435 2069,2436 2117,2438 2165,2439 2213,2441 2261,2442"/>
                <TextEquiv>
                    <Unicode>triae: et quod state tali itentione i. Ioanne deus sepret</Unicode>
                </TextEquiv>
            </TextLine>
            <TextLine id="r5l42" custom="readingOrder {index:40;}">
                <Coords points="1301,2490 2167,2515 2261,2499 2262,2460 1302,2443"/>
                <Baseline points="1307,2478 1354,2480 1401,2481 1449,2481 1496,2483 1544,2483 1591,2484 1638,2485 1686,2486 1733,2486 1781,2487 1828,2488 1875,2489 1923,2490 1970,2490 2018,2492 2065,2492 2112,2493 2160,2495 2207,2495 2255,2496"/>
                <TextEquiv>
                    <Unicode>animam sortis a corpore: et ponat in eo animam pla</Unicode>
                </TextEquiv>
            </TextLine>
            <TextLine id="r5l43" custom="readingOrder {index:41;}">
                <Coords points="1307,2539 2252,2563 2238,2507 2146,2529 2101,2500 1308,2491"/>
                <Baseline points="1313,2532 1359,2534 1406,2535 1452,2537 1499,2538 1546,2538 1592,2540 1639,2541 1686,2541 1732,2543 1779,2543 1826,2544 1872,2544 1919,2546 1966,2546 2012,2547 2059,2547 2106,2549 2152,2549 2199,2550 2246,2552"/>
                <TextEquiv>
                    <Unicode>tonis: secundum istam rationem oprer concedere quod Ioannes nul-</Unicode>
                </TextEquiv>
            </TextLine>
            <TextLine id="r5l44" custom="readingOrder {index:42;}">
                <Coords points="1302,2595 2236,2627 2270,2618 2271,2573 1303,2540"/>
                <Baseline points="1308,2588 1355,2589 1403,2591 1451,2592 1499,2592 1547,2594 1594,2595 1642,2595 1690,2597 1738,2597 1786,2598 1833,2598 1881,2600 1929,2600 1977,2601 2025,2603 2072,2603 2120,2604 2168,2606 2216,2608 2264,2610"/>
                <TextEquiv>
                    <Unicode>lum hominem adoret nisi sortem. consequens e falsum quia </Unicode>
                </TextEquiv>
            </TextLine>
            <TextLine id="r5l45" custom="readingOrder {index:43;}">
                <Coords points="1302,2651 2256,2674 2257,2618 1303,2596"/>
                <Baseline points="1308,2643 1355,2645 1402,2646 1449,2648 1496,2649 1543,2651 1590,2651 1637,2652 1684,2652 1731,2652 1779,2653 1826,2654 1873,2654 1920,2654 1967,2655 2014,2655 2061,2657 2108,2658 2155,2660 2202,2661 2250,2663"/>
                <TextEquiv>
                    <Unicode>hoc compositum adorat: demonstrato conposito ex </Unicode>
                </TextEquiv>
            </TextLine>
            <TextLine id="r5l46" custom="readingOrder {index:44;}">
                <Coords points="1299,2707 2258,2725 2259,2676 1300,2668"/>
                <Baseline points="1305,2699 1352,2700 1399,2702 1447,2703 1494,2705 1541,2705 1589,2706 1636,2708 1683,2708 1731,2709 1778,2711 1825,2711 1873,2712 1920,2713 1967,2714 2015,2715 2062,2716 2109,2717 2157,2717 2204,2718 2252,2720"/>
                <TextEquiv>
                    <Unicode>corpore sortis et anima platonis. vnd ex responsione prin-</Unicode>
                </TextEquiv>
            </TextLine>
            <TextLine id="r5l47" custom="readingOrder {index:45;}">
                <Coords points="1302,2763 2252,2786 2253,2740 2103,2724 1303,2717"/>
                <Baseline points="1308,2754 1354,2757 1401,2758 1448,2760 1495,2760 1542,2762 1589,2763 1636,2763 1683,2765 1730,2765 1777,2766 1823,2766 1870,2768 1917,2768 1964,2769 2011,2770 2058,2771 2105,2772 2152,2774 2199,2775 2246,2778"/>
                <TextEquiv>
                    <Unicode>cipalis conciusio et prima quam iam dixi in hac ma</Unicode>
                </TextEquiv>
            </TextLine>
            <TextLine id="r5l48" custom="readingOrder {index:46;}">
                <Coords points="1297,2818 2248,2843 2249,2796 2202,2783 1298,2772"/>
                <Baseline points="1304,2811 1353,2813 1402,2814 1452,2815 1501,2817 1551,2817 1600,2819 1649,2819 1699,2820 1748,2821 1798,2822 1847,2822 1897,2823 1946,2825 1995,2825 2045,2826 2094,2828 2144,2829 2193,2830 2243,2832"/>
                <TextEquiv>
                    <Unicode>teria est concessa: videlicet quod aliquis potest merito </Unicode>
                </TextEquiv>
            </TextLine>
            <TextLine id="r5l49" custom="readingOrder {index:47;}">
                <Coords points="1295,2875 2243,2899 2222,2836 1296,2829"/>
                <Baseline points="1302,2867 1348,2868 1395,2868 1442,2870 1489,2871 1535,2871 1582,2873 1629,2873 1676,2874 1722,2874 1769,2876 1816,2876 1863,2877 1909,2877 1956,2879 2003,2879 2050,2880 2096,2882 2143,2883 2190,2885 2237,2886"/>
                <TextEquiv>
                    <Unicode>rie formare tales propositiones mentales et eis </Unicode>
                </TextEquiv>
            </TextLine>
            <TextLine id="r5l50" custom="readingOrder {index:48;}">
                <Coords points="1296,2931 2242,2947 2243,2900 1297,2884"/>
                <Baseline points="1302,2916 1348,2919 1395,2920 1442,2921 1489,2923 1535,2924 1582,2925 1629,2925 1676,2927 1722,2927 1769,2928 1816,2928 1863,2930 1909,2930 1956,2931 2003,2932 2050,2933 2096,2935 2143,2936 2190,2939 2237,2940"/>
                <TextEquiv>
                    <Unicode>assentire: diligo hoc quantum deum demonstrata </Unicode>
                </TextEquiv>
            </TextLine>
            <TextLine id="r5l51" custom="readingOrder {index:49;}">
                <Coords points="1290,2979 2236,3002 2237,2955 2112,2940 1291,2940"/>
                <Baseline points="1296,2972 1342,2973 1389,2975 1436,2976 1483,2976 1529,2978 1576,2978 1623,2979 1670,2980 1716,2981 1763,2982 1810,2982 1857,2984 1903,2985 1950,2985 1997,2987 2044,2988 2090,2990 2137,2991 2184,2993 2231,2996"/>
                <TextEquiv>
                    <Unicode>creatura quaecumque: et hoc per errorem invincibilem exci</Unicode>
                </TextEquiv>
            </TextLine>
            <TextLine id="r5l52" custom="readingOrder {index:50;}">
                <Coords points="1299,3036 2231,3058 2232,3003 2142,2995 2076,3019 1940,2988 1300,2988"/>
                <Baseline points="1305,3029 1351,3029 1397,3029 1443,3030 1489,3030 1535,3032 1581,3033 1627,3033 1673,3035 1719,3035 1765,3036 1811,3038 1857,3039 1903,3040 1949,3042 1995,3042 2041,3044 2087,3045 2133,3047 2179,3047 2225,3048"/>
                <TextEquiv>
                    <Unicode>satur. Secunda ratio mea fuit talis contra hoc quod prius </Unicode>
                </TextEquiv>
            </TextLine>
            <TextLine id="r5l53" custom="readingOrder {index:51;}">
                <Coords points="1302,3096 2238,3115 2232,3060 1304,3043"/>
                <Baseline points="1308,3086 1354,3086 1400,3086 1446,3086 1492,3087 1539,3088 1585,3089 1631,3090 1677,3092 1723,3092 1770,3093 1816,3095 1862,3096 1908,3098 1954,3099 2001,3101 2047,3101 2093,3102 2139,3104 2185,3104 2232,3105"/>
                <TextEquiv>
                    <Unicode>dixerat socius iste veneramicus scilicet quod homo in tali </Unicode>
                </TextEquiv>
            </TextLine>
            <TextLine id="r5l54" custom="readingOrder {index:52;}">
                <Coords points="1304,3154 2207,3187 2238,3178 2239,3133 2095,3108 1305,3107"/>
                <Baseline points="1310,3149 1356,3149 1402,3149 1448,3150 1494,3150 1540,3150 1586,3152 1632,3153 1678,3153 1724,3155 1771,3156 1817,3156 1863,3158 1909,3159 1955,3161 2001,3162 2047,3164 2093,3165 2139,3167 2185,3169 2232,3170"/>
                <TextEquiv>
                    <Unicode>casu debuit sub conditione adorare sic. ado: </Unicode>
                </TextEquiv>
            </TextLine>
            <TextEquiv>
                <Unicode>licetur quod Iones in casu isto non adoret diabolumn: 
est manifeste falsum: etiam est contra casum: quia ca
pio aliquem idololatrantem: qui credit idolum esse 
deum. Et quaero vtrum adorando idolum committit 
idololatriam an non: Si sic: contra. non adorat ido 
lum per te: sed deum: quia qua ratione Ioannes. non adorat dia
bolum sed deum: eadem ratioe iste non adorabit ido 
lum sed deum: quia non est aliquam ratio quare negas Io
annem adorare diabolumn in isto casu: nisi quia 
Ioes intendit adorare deum: et illum qui apparet 
sibi / credit esse deum. sed eodem modo istae paganus 
adorare intendit deum: et credit idolum suum esse 
deum. Si dicatur quod talis paganus si intendat 
adorare deum: non committit idololatriam. sequi 
quod tunc non est possibile quod aliquis committat ido
lolatriam. Praeterea sit effigies illa quae diabo
lus apperet Ioanni: hunanitas christi vel cor-
pus ipsius Iacobi permittente deo: et credat 
Ions quod sit huanitas christi: et adoret eum ge-
nullectendo et deosculando pedes. tunc habet istanm 
responsionem opare concedere quod ipe adoret hunani-
tatem christi et sic debet concedere quod ipe tangeret 
corpus christi in celo: et quod tamgeret corpus Ia
cobi. Praeterea secundum hanc responsionem non e possi
bile quod aliquis adoret diabolumn adoratione la
triae: quia talis adoratio non potest fieri nisi cre-
dendo de eo qua est diabolus / quod sit deus: quia fictio 
exterior et huiliatio corporis sine adoratione 
cordis: et sine intentione mentis non est cultus latriae 
mamifestum est et per consequens non est possibile quod aliquis
credendo diabolumn esse deum adoret diabolun
adoratione interiori. et sic negatur casus: qui tamen 
alias fuit admissus. et quod aliquis possit adora-
re diabolum adoratione latrie per errorem. Prae
terea interior adoratio non est nisi affectio
vel propositio mentalu: sed Innes format tales propositio-
nes mentales: istu adoro: iste est christus. igit 
istum adorat adoratione latrie interiori. Pret 
ea ponatur quod Ioannes adoret sortem adoratione la
triae: et quod state tali itentione i. Ioanne deus sepret
animam sortis a corpore: et ponat in eo animam pla
tonis: secundum istam rationem oprer concedere quod Ioannes nul-
lum hominem adoret nisi sortem. consequens e falsum quia 
hoc compositum adorat: demonstrato conposito ex 
corpore sortis et anima platonis. vnd ex responsione prin-
cipalis conciusio et prima quam iam dixi in hac ma
teria est concessa: videlicet quod aliquis potest merito 
rie formare tales propositiones mentales et eis 
assentire: diligo hoc quantum deum demonstrata 
creatura quaecumque: et hoc per errorem invincibilem exci
satur. Secunda ratio mea fuit talis contra hoc quod prius 
dixerat socius iste veneramicus scilicet quod homo in tali 
casu debuit sub conditione adorare sic. ado: </Unicode>
            </TextEquiv>
        </TextRegion>
    </Page>
</PcGts>
