2550 3300
294 195 1281 259 aus angelus: etiam si credatur bonus non est error
299 262 1271 324 periculosus aut morbidus. Secundum istum dupli-
303 315 1276 379 cem errorem est duplex conscia erronea: quia aliquando
293 372 1272 426 conscina erronea hominis est erronea errore priculo
305 420 1257 484 so: et aliquando est erronea errore non priculosor
314 475 1260 539 Praefea conscia erronea obligat hominem ad fa
314 532 1260 591 tiendum secundum eam: ita quod si fecerit contra eam: peccat: ita
309 588 1272 652 quod stante tali conscia homo est perplexus: donec eam de
312 628 1276 714 posuerit. Sed conscia secundo modo erratonea obligat
311 702 1278 764 sic: quod si non fecerit secundum eam: peccat: si fecerit
301 753 1266 818 habet ea: non peccat: sed excusatur a peccato proptur igno
302 804 1263 875 rantiam invincibilem ex quo causatur talis conscia
307 857 1268 932 Et per hoc patet ad argumenta. Ad primum quanod dicitur
308 923 1266 987 quod si Ioannes possit licitae adorare: quia conscia erro
302 980 1263 1043 nea dictat sibi quod hoc quod videt est adorandum:
300 1037 1272 1100 tunc principes et iacerdotes et ceteri licitae oc
311 1092 1266 1147 ciderut christum. Nam patet iam quod consequentia non val
312 1149 1265 1211 quia in Ioanne est conscia erronea errore non peri
305 1210 1263 1275 culoso: in eis autem fuit conscia erronea errore
302 1259 1276 1324 piculoso. Similiter in Ioanne conscia erronea cau
312 1319 1265 1387 satur per ignorantiam invincibilem: et per ignoran-
307 1372 1263 1435 tiam facti: sed in eis fuit vincibitis: immo cra
299 1428 1278 1498 sa et supina et ignorantia nimis affectata: et
308 1480 1267 1555 in nullo est sile. Per idem patet ad secundum et ter
298 1545 1276 1611 tium. Ad quartum quando arguitur sic. conscia erro-
297 1603 1266 1671 nea est deponenda: conscia recta non: ergo non aeque
302 1659 1266 1723 obligat. Nego consequentiam illam: quia licet conscia illa
293 1719 1279 1779 erronea sit deponenda: tamen quandiu manet ita
309 1755 1271 1827 fortiter ligat sicut recta. Unde ponamus quam con
305 1812 1273 1883 scina sortis dictet sibi quod aequele peccatum est levare
305 1868 1272 1939 festucam et furari: aequailiter obligatur ad vitandum unum
309 1923 1254 2005 sicut aliud. Ex quo arguo sic contra eum: et probo quod
305 1979 1276 2061 conscina erronea aequaliter ligat et obligat sicut
298 2044 1265 2105 recta: quia non minus peccat faciens contra consciam
306 2099 1271 2169 erroneam quam contra conscinam reciam: sed aequale peccatum
305 2143 1263 2227 incurrit vterque. vnde ideo praecise dicitur conscina liga-
307 2202 1260 2275 re hominem: quia si non impleat: aeque peccat. non
302 2260 1270 2330 autem ideo: quia si aliquis impleret consciam recte
293 2310 1270 2381 facit: igitur cum aequalem cuipam incurrit et aequa
287 2375 1269 2443 lem penam ageus contra coneciam erroneam et recta-
303 2414 1260 2502 igitur etc. Ad quintum quando arguitur. quia si consci
305 2484 1263 2554 erronea aeque obligaret sicut recta: esset par-
305 2539 1271 2602 plexitas in lege dei. Nego consequentiam: quia conscia
305 2601 1263 2668 erronea non im ponitur homini a lege dei: sed acci
311 2645 1266 2727 dit in homine per errorem hominis circa ea quae lex der
300 2700 1263 2771 principit prohibet vel permittit: et ideo non sequitur
304 2771 1269 2827 quod perplexitas sit in lege dei: sed quod perplexitas
303 2819 1266 2883 sit in homine errantae circa ea quae lex dei prohiber
305 2866 1264 2950 principit vel permittit. Et hoc adhuc intelligi
318 2923 1263 3000 debet de perplexitate conditionata: non de perplexi-
305 2971 1266 3044 tate absoluta: quia tali perplexitate absoluta
309 3035 1268 3107 nemo est perplexus: sed conditionata tantum. Unde
300 3084 1268 3171 habens consciam erroneam in errore periculoso
1331 218 2289 299 est perplexus si non deposuerit eam. et quando
1331 268 2292 341 ita est quod videtur homini quod siue faciat aliquod
1326 323 2296 406 factum sive omittat ipse peccat: tunc dicitur perple
1319 381 2301 443 xus perplexitate facti. Et haec perplexitas non
1322 437 2298 507 solum est possibilis: immo frequins apud homines
1316 488 2292 563 secundum Araeti. super illud Iobs xl. Et ponitur in ca
1326 547 2295 633 none di. xiii. Nerui. vbi dicit Araego. quod dia
1322 597 2290 675 bolus plerosquesua mala suggestione ita pec
1329 668 2298 739 care facit: quotenus si fortasse fugere peccatum ap-
1319 723 2299 795 petunt: hoc sine alio peccati laqueo non eua-
1324 779 2287 851 dant. Et contra istam perplexitatem dat ipse Oretin.
1326 835 2293 900 consilium dicens. Est tamen quod ad destruendum be
1332 891 2296 954 haemot id est diaboli versutias. subtiliter fiat:
1331 948 2291 1011 ut cum mens inter minora et maiora peccata con
1325 995 2292 1067 stringitur si omnino sine peccato nullus aditus pa
1319 1059 2311 1131 teat minora semper eligantur. Uult igitur Prae
1322 1123 2293 1179 quod perplexitas est possibilis saltem conditiona-
1316 1163 2298 1236 ta. Quarta ratio mea fuit talis. Omnem adora
1323 1228 2287 1290 tionem potest homo licitae facere cum qua stat con
1329 1283 2293 1347 tinue talis intentio in eodem: tantum unum deum
1332 1347 2293 1411 volo adorare. supposito quod credat verum deum
1319 1403 2289 1462 esse deum. sed cum omni actu quem Ioannes fa
1320 1460 2284 1529 cit adorans diabolum per erxorem stat semper-
1322 1516 2290 1579 eo talis intentio de deo vero. tantum unum
1323 1564 2290 1640 deum volo adorare. igitur talem adorationem potest
1319 1617 2299 1699 licitae facere. maior et minor faciliter patent:
1315 1678 2302 1748 si ponderentur. Ad istud respondet socius: ne-
1325 1739 2302 1795 gando maiorem: quia mundi sapientes de quibus
1326 1792 2296 1859 loquitur aplias ad Ioid est deum cognoscentes ser
1322 1851 2304 1915 uierunt creaturae: et commiserunt idololatriam.
1316 1905 2307 1963 tunc arguit sic. Adoratio quam ipsi fecerunt
1325 1959 2294 2019 compatiebatur secum assensum istius: tantum unus
1327 2004 2293 2083 deus est. vt patet in irtra et in glossa: quia aliter fu-
1323 2060 2295 2131 issent excusabiles. ergo illa adoratio fuit eis
1325 2124 2277 2187 meritoria. consequens est falsum. Sed ista responsi
1319 2172 2290 2244 deficit in duobus. primo: quia dicit contradictori-
1320 2227 2288 2294 secundo: quia hoc ipsum male imponit Apliso. Pri-
1320 2284 2280 2354 mum patet: quia imponit philosophis quod ipsi simul as-
1319 2332 2293 2419 seruerunt quod tantum unus deus fuit: et quod ipsi
1326 2395 2302 2468 non asseruerunt nec crediderunt tantum unum
1323 2452 2292 2523 deum esse pro eodem tempore praecise. nam sit a aliquod ido
1321 2504 2292 2579 lum : quod iste Iannes adorauit. et sit b deus verus:
1329 2564 2287 2642 et arguo sic. istae scienter adorat a. ergo scienter
1314 2617 2283 2691 intendit impendere ipsi a honorem soli deo
1326 2667 2284 2747 debitum: ergo iste credit quod solus a est deus:
1326 2732 2290 2804 et scit quod a non est b. ergo credit quod b non est deus
1319 2788 2287 2860 ergo ista stant simul quod aliquis adoratione
1320 2835 2289 2908 latriae adorat creaturam creditam esse creatu-
1312 2899 2280 2972 ram et credens unum solum deum esse: quod falsum
1319 2949 2282 3019 est. Confirmatur. quia vel philosophus talis adorans
1329 3004 2278 3074 creaturam credidit quod fuit deus vel non. si sic:
1313 3051 2287 3131 ergo credidit se adorare verum deum adorando
1316 3123 2280 3203 creaturam: ergo non fuit scienter idololatra. si non:
