2348 3296
231 268 123 49 tum
302 268 123 49 rei
372 268 123 49 pro
442 268 123 49 qua
513 268 211 49 supponit
671 268 211 49 terminus
829 268 229 49 peccatum:
988 268 70 49 in

228 316 270 39 consequente
444 316 234 39 denotatur
624 316 180 39 cadere
750 316 108 39 in
786 316 270 39 connotationem

231 351 88 44 et
275 351 102 44 sic
334 351 102 44 est
392 351 117 44 alia
465 351 219 44 appellatio.
640 351 131 44 Sicut
728 351 161 44 econuer
845 351 88 44 so
888 351 102 44 non
932 351 117 44 sequi-

237 385 126 44 tur:
316 385 157 44 sortes
426 385 141 44 facit
520 385 188 44 platonem
661 385 157 44 doctum
771 385 188 44 logicum:
913 385 94 44 et
944 385 110 44 plato

237 422 114 46 nem
302 422 130 46 esse
383 422 162 46 doctum
497 422 179 46 logicum
627 422 114 46 est
692 422 162 46 plato:
805 422 130 46 ergo
887 422 162 46 sortes
984 422 65 46 fa

244 461 106 50 cit
305 461 198 50 platonem.
457 461 76 50 ⁋
487 461 91 50 Et
533 461 91 50 si
578 461 152 50 dicas:
684 461 106 50 deo
745 461 167 50 auctore
867 461 106 50 non
928 461 106 50 fit
973 461 61 50 ho

234 493 95 45 mo
282 493 206 45 deterior.
440 493 127 45 hanc
520 493 222 45 distinguo.
694 493 95 45 na
742 493 111 45 vet
805 493 159 45 sensus
916 493 127 45 est:
980 493 63 45 nu

239 534 125 46 quam
318 534 94 46 ad
364 534 203 46 essentiam
521 534 141 46 actus
615 534 125 46 deus
693 534 203 46 concurrit
849 534 109 46 per
912 534 125 46 quem
974 534 63 46 ho

238 576 101 39 mo
289 576 117 39 est
356 576 201 39 deterior
506 576 117 39 per
574 576 134 39 suum
657 576 201 39 proprium
808 576 235 39 concursum:
976 576 67 39 et

242 609 98 44 sic
298 609 126 44 nego:
382 609 98 44 vel
439 609 141 44 sensus
537 609 98 44 est
593 609 84 44 in
635 609 98 44 quo
692 609 197 44 propositio
846 609 169 44 capitur:
959 609 84 44 homo

241 654 108 44 non
302 654 108 44 est
364 654 185 44 deterior
503 654 108 44 per
565 654 263 44 instigationem
781 654 93 44 et
828 654 185 44 precepta
951 654 93 44 dei:

239 687 96 37 et
287 687 112 37 boc
351 687 112 37 est
415 687 160 37 verum.
527 687 112 37 non
591 687 128 37 enim
671 687 192 37 instigat
815 687 96 37 ad
847 687 192 37 peccandum-

236 723 113 44 sed
300 723 177 44 regulas
429 723 242 44 salutiferas
623 723 177 44 viuendi
752 723 193 44 tribuit.
897 723 81 44 ⁋
929 723 97 44 Et
961 723 81 44 sic

239 765 167 40 potest
356 765 217 40 intelligi
523 765 150 40 glosa
623 765 233 40 Augustini:
806 765 183 40 Ioannis
922 765 117 40 primo

230 804 129 40 Sine
310 804 129 40 ipso
391 804 161 40 factum
504 804 113 40 est
568 804 145 40 nihil
665 804 97 40 id
714 804 113 40 est
778 804 193 40 peccatum
923 804 113 40 quo
972 804 64 40 ad

234 839 232 45 connotatum:
419 839 93 45 et
465 839 124 45 Amos
542 839 170 45 tertio.
666 839 93 45 si
712 839 124 45 erit
789 839 139 45 malum
882 839 93 45 in
913 839 139 45 ciuita-

237 879 88 50 te
281 879 118 50 quod
355 879 162 50 dominus
473 879 103 50 non
532 879 177 50 fecerit.
665 879 88 50 Et
709 879 265 50 eccltsiastici.
930 879 103 50 xi.
974 879 59 50 bo

237 918 93 46 na
283 918 93 46 et
329 918 139 46 mala:
422 918 123 46 vita
499 918 77 46 e
530 918 139 46 mors:
622 918 185 46 pauprtas
761 918 93 46 et
808 918 185 46 honestas
946 918 77 46 a
962 918 77 46 deo

224 950 146 44 sunt.
321 950 130 44 Ista
402 950 244 44 inteiguntur
597 950 97 44 de
646 950 146 44 malis
744 950 130 44 pene
825 950 97 44 et
874 950 114 44 non
922 950 114 44 culpe

238 990 104 41 Vel
298 990 89 41 si
342 990 89 41 de
387 990 134 41 malis
476 990 134 41 culpe
566 990 104 41 sit
625 990 179 41 interdum
759 990 134 41 sermo
834 990 208 41 intelligatur

223 1029 118 42 quo
291 1029 101 42 ad
341 1029 219 42 subtactum
509 1029 152 42 malum
610 1029 135 42 deus
695 1029 168 42 facit:
812 1029 118 42 sed
880 1029 118 42 non
930 1029 118 42 male.

227 1067 118 38 sicut
306 1067 145 38 secundi
411 1067 145 38 ethiulo
516 1067 131 38 primo:
608 1067 92 38 non
661 1067 118 38 omnis
740 1067 145 38 faciens
845 1067 131 38 iustum
937 1067 92 38 est
976 1067 66 38 iu-

234 1102 120 52 stus:
314 1102 107 52 quia
381 1102 93 52 non
434 1102 120 52 facit
514 1102 134 52 iuste.
608 1102 67 52 ⁋
634 1102 93 52 Sed
688 1102 134 52 dices:
781 1102 93 52 tuc
835 1102 107 52 idem
901 1102 120 52 actus
968 1102 67 52 est

237 1136 115 54 bonus
314 1136 76 54 et
352 1136 127 54 malus:
441 1136 115 54 bonus
518 1136 64 54 a
543 1136 89 54 deo
594 1136 102 54 quia
658 1136 76 54 ab
696 1136 76 54 eo
734 1136 102 54 bene
798 1136 102 54 fit:
862 1136 76 54 et
900 1136 115 54 malus
964 1136 76 54 quia

231 1178 111 52 fit
294 1178 126 52 male
373 1178 79 52 a
405 1178 205 52 creatura.
563 1178 79 52 ⁋
595 1178 111 52 hoc
658 1178 111 52 non
721 1178 221 52 inconuenit
879 1178 158 52 respectu

226 1217 214 42 diuersorum:
397 1217 129 42 sicut
483 1217 114 42 idem
554 1217 129 42 actus
640 1217 143 42 potest
740 1217 114 42 esse
811 1217 186 42 imperatus
954 1217 71 42 a
969 1217 71 42 duo

233 1255 98 40 bus
289 1255 168 40 homnibus
415 1255 84 40 ab
458 1255 98 40 vno
514 1255 140 40 homine
612 1255 112 40 bene
682 1255 70 40 /
710 1255 84 40 ab
752 1255 112 40 alio
822 1255 126 40 male:
907 1255 98 40 non
949 1255 84 40 tame

228 1292 179 40 sequitur
362 1292 119 40 quod
437 1292 119 40 idem
511 1292 134 40 actus
601 1292 104 40 est
660 1292 134 40 bonus
750 1292 89 40 et
795 1292 104 40 non
854 1292 149 40 bonus.
958 1292 75 40 ⁋
973 1292 60 40 Sa

231 1330 150 45 petes:
336 1330 90 45 an
381 1330 120 45 deus
456 1330 150 45 faciat
561 1330 180 45 effectum
697 1330 150 45 finite
802 1330 90 45 an
847 1330 195 45 infinite.
982 1330 60 45 Et

229 1375 85 42 an
271 1375 183 42 similiter
412 1375 113 42 pius
483 1375 183 42 concurrit
624 1375 99 42 cum
680 1375 141 42 maiori
779 1375 127 42 causa
864 1375 113 42 quam
934 1375 99 42 cum
976 1375 71 42 mi-

224 1403 140 48 nori.
318 1403 78 48 ⁋
349 1403 94 48 Si
396 1403 203 48 denotetur
552 1403 172 48 finitas
677 1403 94 48 er
724 1403 140 48 parte
817 1403 203 48 principii
958 1403 78 48 con

232 1443 109 45 stat
300 1443 95 45 hoc
355 1443 109 45 esse
423 1443 150 45 falsum.
532 1443 109 45 quia
600 1443 109 45 deus
668 1443 95 45 est
723 1443 191 45 infinitus.
873 1443 82 45 Si
913 1443 82 45 ex
941 1443 95 45 parte

229 1483 201 43 effectus:
383 1483 186 43 effectus
522 1483 77 43 a
553 1483 108 43 deo
615 1483 201 43 productus
770 1483 108 43 est
832 1483 186 43 finitus:
971 1483 108 43 sed

233 1520 96 43 in
281 1520 144 43 nobis
377 1520 192 43 interdum
520 1520 144 43 agens
616 1520 223 43 inuariatum
792 1520 223 43 intrinsece
951 1520 96 43 nunc

237 1558 162 43 producit
358 1558 95 43 cum
412 1558 135 43 maiori
507 1558 135 43 conatu
601 1558 108 43 nunc
669 1558 95 43 cum
723 1558 135 43 miore:
817 1558 81 43 vt
858 1558 122 43 patet
939 1558 81 43 de
966 1558 68 43 sor

225 1598 90 39 te
270 1598 120 39 nunc
345 1598 180 39 trahente
480 1598 150 39 paruum
585 1598 165 39 lignum:
706 1598 120 39 nunc
781 1598 180 39 grossum.
916 1598 90 39 et
946 1598 90 39 quam

229 1632 107 44 to
283 1632 161 44 magis
390 1632 179 44 tendit
515 1632 107 44 ad
569 1632 197 44 minimum
711 1632 214 44 effectum
872 1632 143 44 quem
944 1632 89 44 non

225 1672 150 45 potest
330 1672 165 45 trahere
450 1672 135 45 tanto
540 1672 165 45 amplius
659 1672 165 45 dicitur
779 1672 165 45 conari:
899 1672 90 45 et
929 1672 105 45 quan-

230 1715 181 39 tomagis
361 1715 181 39 recedit
493 1715 99 39 ad
543 1715 132 39 illo
625 1715 148 39 tanto
724 1715 148 39 minus
823 1715 181 39 dicitur
938 1715 99 39 cona

230 1748 109 48 ri.
293 1748 93 48 Et
339 1748 93 48 si
386 1748 187 48 possemus
526 1748 124 48 dare
604 1748 155 48 pondus
712 1748 187 48 infinite
837 1748 202 48 resistentie

228 1786 120 47 quod
303 1786 135 47 ferre
393 1786 150 47 potest
498 1786 165 47 sortes:
618 1786 195 47 diceremus
767 1786 120 47 quod
842 1786 180 47 infinite
962 1786 75 47 age

237 1825 103 39 ret:
301 1825 116 39 nulla
379 1825 103 39 enim
443 1825 90 39 est
494 1825 193 39 resistentia
648 1825 77 39 er
687 1825 116 39 parte
764 1825 103 39 dei:
828 1825 77 39 et
867 1825 90 39 sic
918 1825 90 39 non
957 1825 77 39 pro-

227 1863 132 42 prie
309 1863 198 42 conatur.
457 1863 99 42 Et
507 1863 214 42 propterea
671 1863 132 42 peto
754 1863 115 42 abs
820 1863 115 42 te:
886 1863 132 42 quid
952 1863 82 42 vo-

221 1902 113 41 cas
285 1902 97 41 tu
334 1902 193 41 infinite
479 1902 242 41 concurrere.
672 1902 97 41 Et
721 1902 193 41 limitato
866 1902 177 41 termino
979 1902 64 41 te

228 1937 95 44 bi
276 1937 284 44 respondebitur:
513 1937 190 44 alioquin
655 1937 126 44 erit
734 1937 158 44 vbalis
829 1937 205 44 disceptatio

225 1973 80 44 ⁋
257 1973 96 44 Ad
305 1973 144 44 aliud
401 1973 160 44 potest
513 1973 144 44 dici:
609 1973 176 44 quantum
738 1973 144 44 estde
834 1973 96 44 se
866 1973 176 44 equaliter

225 2014 206 46 concurrit
384 2014 111 46 cum
447 2014 143 46 causa
542 2014 159 46 maiori
653 2014 95 46 et
701 2014 174 46 minori.
828 2014 79 46 ⁋
860 2014 159 46 Quarto
955 2014 79 46 ar-

226 2050 160 44 guitur.
343 2050 87 44 ex
386 2050 116 44 isto
459 2050 175 44 sequitur
590 2050 116 44 quod
663 2050 145 44 nullus
765 2050 131 44 esset
852 2050 175 44 effectus
968 2050 73 44 vni

232 2094 142 43 uocus
327 2094 111 43 cum
390 2094 111 43 sua
454 2094 158 43 causa:
564 2094 158 43 contra
675 2094 142 43 modum
770 2094 190 43 loquendi
912 2094 95 43 in
944 2094 95 43 phi-

233 2125 217 45 losophis.
401 2125 84 45 ⁋
434 2125 201 45 Insuper:
584 2125 84 45 a
618 2125 217 45 nobiliori
785 2125 151 45 causa
885 2125 117 45 non
936 2125 100 45 argu

222 2163 105 50 tur
282 2163 180 50 nobilior
417 2163 195 50 effectus:
566 2163 120 50 quia
641 2163 135 50 musca
731 2163 105 50 cum
791 2163 105 50 deo
850 2163 150 50 potest
940 2163 105 50 produ

235 2201 124 46 cere
313 2201 140 46 equum
406 2201 140 46 sicut
499 2201 155 46 sortes
608 2201 171 46 debilis
732 2201 109 46 cum
795 2201 155 46 homine
888 2201 155 46 infiniti

238 2242 186 45 vigoris
374 2242 169 45 potest
492 2242 186 45 portare
628 2242 220 45 infinitum
797 2242 186 45 pondus.
932 2242 85 45 ⁋
949 2242 85 45 Re-

227 2278 202 42 spondetur
383 2278 124 42 quod
461 2278 187 42 effectus
601 2278 155 42 potest
709 2278 124 42 dici
787 2278 187 42 vniuocus
927 2278 93 42 ab
958 2278 78 42 vna

235 2317 138 40 causa
327 2317 92 40 et
373 2317 200 40 equiuocus
526 2317 92 40 ab
572 2317 169 40 altera:
695 2317 92 40 vt
741 2317 184 40 vniuocus
879 2317 107 40 est
926 2317 107 40 calor

230 2354 83 42 a
264 2354 183 42 calore:
397 2354 216 42 equiuocus
563 2354 199 42 respectu
712 2354 133 42 dei.
795 2354 83 42 ⁋
829 2354 100 42 Ad
862 2354 166 42 secundu.

233 2392 231 43 conceditur
415 2392 132 43 quod
498 2392 198 43 interdum
646 2392 182 43 aliquid
778 2392 149 43 minus
861 2392 182 43 perfectum

240 2429 182 44 producit
377 2429 213 44 perfectius
544 2429 106 44 se:
604 2429 91 44 vt
650 2429 152 44 albedo
756 2429 182 44 notitiam
893 2429 122 44 sui.
969 2429 76 44 ⁋
984 2429 61 44 Si

236 2469 160 42 dicas:
348 2469 144 42 anima
444 2469 96 42 et
492 2469 160 42 albedo
604 2469 128 42 sunt
684 2469 128 42 quid
764 2469 240 42 perfectius.
940 2469 96 42 Tunc

240 2502 103 49 est
299 2502 206 49 argumentum
461 2502 88 49 de
505 2502 206 49 animalibus
667 2502 118 49 quae
740 2502 220 49 producuntur
916 2502 73 49 a
931 2502 103 49 solea

236 2543 145 49 celo.
333 2543 113 49 sol
397 2543 81 49 a
430 2543 129 49 homo
510 2543 194 49 generant
656 2543 194 49 hominem:
801 2543 178 49 secundo
914 2543 129 49 physi-

229 2580 170 45 corum:
348 2580 136 45 modo
433 2580 204 45 viuentia
586 2580 221 45 praestant
757 2580 119 45 non
808 2580 204 45 viuentibus

235 2618 84 50 ⁋
269 2618 118 50 Sed
336 2618 151 50 dices
437 2618 252 50 naturaliter
638 2618 218 50 loquendo:
806 2618 151 50 celum
907 2618 118 50 est
957 2618 84 50 per

236 2650 156 49 fectius
349 2650 99 49 hoc
406 2650 184 49 crabrone:
547 2650 127 49 celum
632 2650 113 49 enim
703 2650 99 49 est
760 2650 184 49 animatum:
901 2650 127 49 patet
972 2650 71 49 per

240 2693 177 53 auerroim
373 2693 148 53 tertio
476 2693 118 53 celi
550 2693 177 53 commento
683 2693 162 53 tertio:
801 2693 192 53 recipiens
934 2693 103 53 ista

1106 265 173 62 formam:
1232 265 94 62 et
1279 265 189 62 animatum
1421 265 110 62 cum
1484 265 94 62 ea
1531 265 110 62 est
1594 265 157 62 corpus
1704 265 189 62 celeste.
1829 265 79 62 hoc

1100 319 143 54 patet
1195 319 111 54 per
1259 319 111 54 eum
1322 319 95 54 in
1370 319 95 54 de
1418 319 222 54 substantia
1592 319 143 54 orbis
1688 319 95 54 in
1719 319 191 54 principio.

1106 357 84 48 ⁋
1140 357 268 48 Respondetur:
1357 357 151 48 licet
1458 357 251 48 naturaliter
1659 357 201 48 loquendo
1793 357 117 48 dabi-

1100 388 140 54 bitur
1194 388 217 54 pricipalis
1364 388 140 54 causa
1458 388 171 54 secunda
1582 388 186 54 nobilior
1722 388 109 54 suo
1768 388 140 54 effectu

1108 427 99 52 vt
1158 427 132 52 nunc
1241 427 165 52 dictum
1356 427 132 52 est:
1439 427 149 52 tamen
1538 427 198 52 secundum
1687 427 215 52 veritatem
1836 427 66 52 ce

1095 463 103 54 lum
1154 463 103 54 non
1213 463 103 54 est
1271 463 191 54 animatum:
1418 463 88 54 et
1462 463 103 54 sic
1521 463 176 54 respectu
1653 463 191 54 crabronis
1799 463 103 54 vel
1843 463 59 54 mu

1105 507 118 51 ris
1172 507 118 51 per
1240 507 151 51 putre
1340 507 218 51 factionem
1508 507 168 51 geniti
1626 507 118 51 non
1693 507 151 51 dabis
1777 507 134 51 causam

1104 540 180 54 secundam
1239 540 256 54 perfectiorem:
1450 540 120 54 quia
1525 540 105 54 non
1585 540 135 54 solum
1675 540 90 54 ex
1706 540 196 54 perfectione

1104 581 222 48 concluditur
1282 581 222 48 causalitas:
1460 581 104 48 sed
1519 581 89 48 ex
1563 581 148 48 multis
1667 581 133 48 aliis
1756 581 133 48 viis.
1830 581 74 48 nul

1097 616 94 54 la
1144 616 125 54 enim
1222 616 109 54 est
1285 616 235 54 experientia
1473 616 125 54 quod
1551 616 141 54 musca
1645 616 188 54 producat
1770 616 125 54 asinum

1094 658 110 46 nec
1157 658 110 46 est
1220 658 94 46 ad
1267 658 110 46 hoc
1330 658 142 46 ratio
1425 658 173 46 mouens.
1551 658 94 46 et
1598 658 110 46 sic
1661 658 157 46 gratis
1755 658 142 46 diceres

1101 698 158 48 muscam
1212 698 205 48 producere
1370 698 142 48 posse
1465 698 174 48 asinum:
1591 698 142 48 licet
1686 698 174 48 aliquid
1796 698 111 48 imper

1102 730 182 55 fectius
1235 730 215 55 concurrat
1400 730 99 55 ad
1449 730 264 55 productionem
1647 730 248 55 perfectioris.

1101 769 94 46 Et
1148 769 188 46 analogia
1289 769 188 46 assumpta
1431 769 110 46 non
1493 769 110 46 est
1556 769 94 46 ad
1603 769 235 46 propositum.
1791 769 78 46 ⁋
1807 769 94 46 Quin

1104 806 93 54 to
1150 806 201 54 arguitur.
1304 806 93 54 ex
1351 806 108 54 hoc
1413 806 185 54 sequitur
1552 806 124 54 quod
1629 806 155 54 quanto
1737 806 155 54 plures
1830 806 77 54 cau

1095 843 90 50 se
1140 843 209 50 concurrunt
1304 843 134 50 tanto
1394 843 119 50 deus
1468 843 134 50 magis
1558 843 134 50 agit:
1647 843 90 50 et
1692 843 104 50 sic
1752 843 90 50 si
1782 843 119 50 essent

1095 881 196 45 infinite
1241 881 147 45 cause
1339 881 179 45 secunde
1470 881 179 45 agentes
1600 881 196 45 infinite
1747 881 163 45 ageret
1845 881 65 45 et

1094 920 111 57 sic
1157 920 127 57 pius
1237 920 127 57 agit
1316 920 158 57 quando
1426 920 127 57 pius
1506 920 174 57 auxilii
1632 920 158 57 habet.
1743 920 79 57 ⁋
1759 920 142 57 Insuper

1099 961 182 45 videtur
1232 961 133 45 esse
1315 961 298 45 imperfectionis
1564 961 199 45 adiuuare
1713 961 149 45 secum
1796 961 99 45 con-

1093 998 242 48 causantem.
1283 998 104 48 vt
1334 998 104 48 in
1386 998 155 48 nobis
1490 998 173 48 patet.
1611 998 86 48 ⁋
1645 998 104 48 Ad
1697 998 190 48 quinium
1818 998 86 48 con

1101 1037 175 43 ceditur
1229 1037 191 43 illatum.
1372 1037 191 43 opposito
1515 1037 128 43 modo
1595 1037 112 43 est
1659 1037 96 43 de
1707 1037 159 43 nobis:
1802 1037 96 43 quan

1097 1071 105 54 to
1149 1071 140 54 enim
1236 1071 175 54 plures
1359 1071 210 54 nobiscum
1516 1071 157 54 agunt
1621 1071 157 54 tanto
1726 1071 157 54 minus
1814 1071 87 54 agi

1084 1107 134 45 mus.
1168 1107 84 45 ⁋
1202 1107 101 45 Ad
1252 1107 201 45 secundum
1403 1107 134 45 nego
1487 1107 134 45 quod
1571 1107 117 45 sit
1621 1107 285 45 imperfectionis.

1088 1148 109 43 sed
1151 1148 249 43 infirmitatis
1353 1148 109 43 est
1415 1148 109 43 non
1477 1148 140 43 posse
1570 1148 202 43 solitarie
1726 1148 109 43 hoc
1773 1148 124 43 facere

1099 1179 138 54 modo
1185 1179 121 54 hoc
1254 1179 121 54 non
1323 1179 207 54 conuenit
1461 1179 103 54 deo.

1089 1217 104 78 ⁋
1131 1217 209 78 Quidam
1277 1217 188 78 tamen
1403 1217 125 78 de
1465 1217 146 78 suo
1549 1217 188 78 sensu
1653 1217 251 78 gloriantes

1085 1292 133 47 dei
1161 1292 190 47 potent
1294 1292 114 47 am
1351 1292 133 47 sub
1427 1292 209 47 mensura
1580 1292 228 47 coartari
1732 1292 171 47 conati-

1195 1329 77 75 ⁋
1225 1329 276 75 Distinctionis.
1455 1329 153 75 lxiii.
1563 1329 169 75 questio
1670 1329 123 75 vnica.

1263 1370 143 60 Irca
1352 1370 303 60 distinctionem
1584 1370 321 60 quadragesimamter

1262 1425 126 45 tiam
1341 1425 190 45 Queritur
1483 1425 142 45 vtrum
1578 1425 190 45 potentia
1720 1425 111 45 dei
1768 1425 126 45 possit

1246 1461 198 47 lextendi
1395 1461 99 47 ad
1445 1461 264 47 deceptionem.
1660 1461 83 47 ⁋
1676 1461 215 47 Respondetur

1245 1499 118 48 quod
1319 1499 148 48 duplex
1422 1499 103 48 est
1482 1499 177 48 potentia
1614 1499 118 48 dei:
1688 1499 177 48 ordinata
1806 1499 89 48 scil

1242 1528 152 63 ancet
1343 1528 101 63 et
1394 1528 220 63 absoluta.
1563 1528 84 63 ⁋
1597 1528 203 63 Potentia
1732 1528 169 63 absoluta

1101 1572 109 43 dei
1164 1572 93 43 se
1210 1572 186 43 extendit
1350 1572 93 43 ad
1397 1572 124 43 illa
1474 1572 109 43 que
1537 1572 280 43 contradictione
1770 1572 109 43 non
1816 1572 78 43 im-

1090 1609 182 41 plicant:
1226 1609 91 41 et
1272 1609 91 41 de
1317 1609 121 41 isla
1393 1609 152 41 locuti
1500 1609 137 41 sumus
1591 1609 91 41 in
1636 1609 197 41 questione
1773 1609 121 41 preces

1094 1645 143 52 denti.
1194 1645 71 52 ⁋
1222 1645 114 52 Alia
1293 1645 100 52 est
1351 1645 171 52 potentia
1479 1645 100 52 dei
1536 1645 185 52 ordinata:
1679 1645 86 52 et
1722 1645 100 52 est
1779 1645 114 52 illa
1836 1645 71 52 qua

1098 1688 113 47 est
1162 1688 210 47 conformis
1324 1688 129 47 legi
1404 1688 193 47 ordinate
1549 1688 113 47 que
1614 1688 145 47 nobis
1711 1688 177 47 coustat
1823 1688 81 47 per

1105 1720 200 46 scripturam
1262 1720 100 46 vel
1319 1720 243 46 reuelationem:
1519 1720 100 46 non
1576 1720 114 46 quod
1647 1720 114 46 sint
1718 1720 100 46 due
1761 1720 143 46 potentie

1106 1754 87 50 in
1149 1754 101 50 deo
1207 1754 173 50 realiter
1337 1754 202 50 distincte:
1496 1754 101 50 sed
1553 1754 116 50 quia
1626 1754 116 50 deus
1698 1754 159 50 propter
1799 1754 101 50 dupli

1100 1793 122 49 cem
1169 1793 157 49 modum
1274 1793 175 49 agendi
1396 1793 140 49 quem
1484 1793 157 49 habet
1589 1793 122 49 vel
1658 1793 175 49 habere
1763 1793 140 49 potest

1094 1833 165 51 duobus
1209 1833 214 51 nominibus
1374 1833 198 51 vocatur:
1522 1833 148 51 sicut
1621 1833 181 51 dicimus
1753 1833 132 51 quod
1819 1833 82 51 mul

1106 1872 85 46 ta
1148 1872 141 46 potest
1247 1872 99 46 rex
1304 1872 85 46 de
1346 1872 127 46 facto
1431 1872 113 46 quae
1502 1872 99 46 non
1559 1872 141 46 potest
1658 1872 85 46 de
1700 1872 113 46 iure
1757 1872 141 46 scripto.

1109 1906 70 50 ⁋
1137 1906 98 50 Quo
1193 1906 98 50 fit
1249 1906 112 50 quod
1319 1906 98 50 set
1375 1906 168 50 potentia
1501 1906 98 50 dei
1558 1906 168 50 absoluta
1684 1906 98 50 non
1740 1906 98 50 sit
1796 1906 98 50 res
1838 1906 56 50 ma

1098 1946 93 50 ior
1151 1946 106 50 quam
1217 1946 172 50 ordinata:
1349 1946 119 50 multa
1429 1946 119 50 tamen
1508 1946 132 50 potest
1601 1946 132 50 facere
1693 1946 79 50 de
1733 1946 159 50 potentia
1839 1946 53 50 ab

1097 1987 160 49 soluta
1209 1987 112 49 que
1273 1987 112 49 non
1337 1987 160 49 potest
1449 1987 160 49 facere
1560 1987 96 49 de
1608 1987 192 49 potentia
1736 1987 160 49 ordinata

1103 2020 84 54 ⁋
1137 2020 117 54 hic
1204 2020 117 54 est
1271 2020 218 54 multiplex
1439 2020 151 54 modus
1540 2020 252 54 respondendi
1741 2020 101 54 ad
1775 2020 117 54 titu-

1097 2059 100 47 lum
1154 2059 215 47 questionis:
1326 2059 187 47 aliquibus
1470 2059 201 47 dicentibus
1628 2059 115 47 quod
1699 2059 100 47 non
1757 2059 129 47 solum
1829 2059 57 47 po

1096 2097 119 42 test
1171 2097 164 42 fallere
1290 2097 104 42 sed
1349 2097 149 42 multos
1453 2097 119 42 sepe
1528 2097 194 42 fefellit.
1677 2097 104 42 hoc
1736 2097 149 42 doctor
1826 2097 74 42 al-

1099 2136 142 51 terius
1198 2136 142 51 schole
1298 2136 142 51 noster
1397 2136 156 51 vicinus
1511 2136 156 51 tenuit.
1625 2136 71 51 ⁋
1653 2136 128 51 Aliis
1724 2136 171 51 dicentibus

1095 2174 92 51 si
1141 2174 184 51 decipere
1279 2174 92 51 et
1325 2174 169 51 fallere
1448 2174 107 51 non
1509 2174 200 51 includant
1647 2174 246 51 deordinationem

1100 2211 163 46 posset
1214 2211 212 46 decipere:
1376 2211 114 46 non
1441 2211 146 46 autem
1539 2211 179 46 aliter.
1669 2211 212 46 Quibusdam
1816 2211 81 46 pla

1091 2259 107 43 cet
1152 2259 122 43 quod
1228 2259 107 43 non
1290 2259 153 43 potest
1397 2259 184 43 decipere
1534 2259 92 43 de
1580 2259 184 43 potentia
1718 2259 107 43 sua
1764 2259 122 43 ordina

1096 2292 118 49 ta:
1164 2292 135 49 bene
1248 2292 152 49 autem
1350 2292 101 49 de
1401 2292 203 49 potentia
1553 2292 220 49 absoluta.
1722 2292 85 49 ⁋
1739 2292 152 49 Ponitur

1096 2325 136 48 autem
1186 2325 196 48 conclusio
1337 2325 181 48 negatiua
1472 2325 90 48 ad
1518 2325 166 48 titulum
1638 2325 241 48 quaestionis.
1819 2325 75 48 Pro

1093 2361 124 52 batur
1176 2361 97 52 per
1231 2361 193 52 Augustinum
1383 2361 138 52 libro.
1479 2361 165 52 lxxxiii.
1603 2361 193 52 questionum
1741 2361 138 52 quaestio

1090 2397 98 59 ne.
1146 2397 98 59 lv.
1202 2397 98 59 vbi
1257 2397 112 59 ait.
1327 2397 126 59 sicut
1411 2397 126 59 summa
1495 2397 84 59 et
1536 2397 153 59 proprie
1648 2397 139 59 diuina
1746 2397 139 59 virtus
1829 2397 70 59 est

1100 2437 156 55 neminem
1213 2437 99 55 dec
1270 2437 142 55 ipere:
1370 2437 99 55 sic
1426 2437 156 55 vltimum
1540 2437 142 55 vicium
1639 2437 99 55 est
1696 2437 185 55 quemlibet
1824 2437 71 55 de-

1095 2477 172 54 cipere.
1221 2477 219 54 Quapropter
1393 2477 235 54 deugneminem
1581 2477 110 54 per
1643 2477 172 54 seipsum
1753 2477 141 54 decipit

1103 2519 94 48 est
1156 2519 107 48 enim
1223 2519 147 48 veritas
1330 2519 80 48 et
1370 2519 120 48 pater
1450 2519 187 48 veritatis.
1598 2519 80 48 Et
1638 2519 134 48 infra:
1731 2519 107 48 modo
1785 2519 107 48 itaque

1098 2553 126 43 deus
1177 2553 205 43 deceptor:
1334 2553 126 43 quod
1413 2553 173 43 credere
1539 2553 205 43 nepharium
1696 2553 94 43 et
1728 2553 157 43 impudens

1102 2589 120 46 quis
1177 2589 105 46 non
1237 2589 225 46 intelligat:
1417 2589 105 46 sed
1477 2589 195 46 meritorum
1628 2589 90 46 et
1673 2589 210 46 personarum
1823 2589 60 46 iu

1103 2631 164 41 tissimus
1227 2631 206 41 distributor
1391 2631 110 41 est.
1460 2631 82 41 Et
1501 2631 123 41 nostr
1583 2631 178 41 Richardus
1720 2631 82 41 de
1761 2631 137 41 sancto
1843 2631 55 41 vi

1103 2669 130 44 ctore
1189 2669 130 44 primo
1275 2669 72 44 d
1304 2669 201 44 trinitate.
1462 2669 86 44 si
1506 2669 158 44 decepti
1621 2669 130 44 sumus
1707 2669 72 44 a
1736 2669 86 44 te
1765 2669 130 44 decepti

1088 2704 162 64 sumus.
1201 2704 130 64 quod
1282 2704 243 64 impossibile
1477 2704 194 64 reputat.
1623 2704 81 64 ⁋
1655 2704 194 64 Preterea
1785 2704 113 64 sonat
