2376 3336
459 269 108 55 sub
520 269 123 55 nube
597 269 185 55 verborum
736 269 92 55 in
782 269 108 55 vno
843 269 138 55 sensu
936 269 246 55 intelligens:
1136 269 92 55 et
1166 269 108 55 pater

453 310 92 53 in
499 310 138 53 alio.
591 310 92 53 et
637 310 108 53 hoc
699 310 200 53 constabat
853 310 123 53 ipsi
930 310 215 53 patriarche
1099 310 154 53 Iacob.
1191 310 77 53 er-

454 350 93 55 go
501 350 171 55 replica
625 350 171 55 Nicolai
750 350 202 55 concludit
905 350 155 55 contra
1014 350 171 55 seipsum
1138 350 93 55 si
1169 350 93 55 ali-

462 389 123 51 quid
538 389 153 51 valeat
646 389 92 51 in
692 389 245 51 aduersarium:
891 389 123 51 quod
968 389 230 51 concedimus.
1152 389 92 51 Et
1182 389 77 51 di-

452 431 85 42 co
494 431 85 42 si
537 431 100 42 vna
594 431 156 42 solutio
708 431 142 42 potest
807 431 171 42 defendi:
935 431 128 42 eadem
1020 431 100 42 est
1077 431 171 42 defensio
1191 431 71 42 al-

449 466 187 45 terius.
585 466 119 45 Sed
653 466 170 45 neutra
773 466 153 45 earum
875 466 187 45 imponit
1011 466 205 45 extremam
1148 466 119 45 manum

463 508 216 42 argumento.
632 508 77 42 ⁋
663 508 201 42 Propterea
817 508 185 42 dicitur:
956 508 123 42 quod
1034 508 216 42 nullatenus
1188 508 77 42 Ia-

461 541 105 45 cob
521 541 180 45 mentitus
656 541 120 45 est.
732 541 105 45 non
792 541 120 45 enim
867 541 180 45 protulit
1002 541 120 45 vnum
1078 541 90 45 in
1123 541 120 45 voce
1198 541 75 45 a
1213 541 60 45 as

451 583 222 43 sentiebat
622 583 205 43 opposito
776 583 103 43 in
827 583 171 43 mente.
946 583 137 43 modo
1032 583 188 43 mentiri
1151 583 120 43 extra

461 622 89 38 re
506 622 164 38 flexiua
625 622 134 38 dicit
714 622 119 38 vnum
789 622 89 38 in
833 622 119 38 voce
908 622 104 38 vel
967 622 164 38 scripto
1086 622 104 38 vel
1146 622 89 38 in
1176 622 89 38 alio

466 660 133 46 igno:
555 660 89 46 et
599 660 207 46 assentitur
762 660 192 46 opposito.
910 660 104 46 vel
969 660 148 46 nullus
1073 660 178 46 assensus
1191 660 74 46 ha-

453 692 147 50 betur.
556 692 132 50 Iacob
644 692 221 50 assentiebat
821 692 118 50 illi
894 692 147 50 sensui
997 692 88 50 in
1041 692 103 50 quo
1086 692 176 50 propositio

459 732 106 46 nem
519 732 181 46 protulit
655 732 121 46 quod
730 732 121 46 erat
806 732 121 46 Esau
881 732 106 46 quo
941 732 90 46 ad
987 732 181 46 habendum
1122 732 106 46 ius
1168 732 90 46 pri-

458 775 239 37 mogeniture:
649 775 128 37 quia
729 775 96 37 de
777 775 128 37 illo
857 775 143 37 sensu
952 775 287 37 contendebatur.
1175 775 80 37 mo-

459 805 85 45 do
501 805 169 45 secundum
628 805 141 45 beatum
727 805 197 45 Augustinum
882 805 141 45 libro.
980 805 169 45 lxxxiii.
1093 805 169 45 questionum

451 851 276 46 circunstantia
678 851 260 46 scripturarum
889 851 211 46 illuminat
1035 851 227 46 intellectum.

469 887 88 38 vt
513 887 132 38 patet
601 887 88 38 ex
645 887 191 38 serielre.
792 887 103 38 pro
851 887 117 38 illo
924 887 132 38 sensu
1012 887 206 38 luctabatur
1159 887 103 38 sicut

464 916 188 52 saluator
605 916 141 52 dixit
699 916 94 52 de
746 916 156 52 Ioanne
855 916 203 52 baptista.
1012 916 125 52 ipse
1090 916 109 52 est
1137 916 125 52 Helias

469 959 168 45 Hatthei
591 959 199 45 vndecimo.
744 959 92 45 et
790 959 107 45 sic
852 959 123 45 alia
928 959 168 45 solutio
1051 959 153 45 potest
1142 959 123 45 defen-

467 990 81 51 di
508 990 122 51 sicut
589 990 108 51 ista
657 990 108 51 quae
724 990 95 51 est
778 990 176 51 communis.
914 990 68 51 ⁋
941 990 95 51 Sed
995 990 135 51 contra
1089 990 162 51 vtramque
1197 990 68 51 so-

463 1036 185 41 utionem
598 1036 252 41 argumentor.
799 1036 252 41 calliditate
1001 1036 202 41 verborum
1136 1036 134 41 patrem

452 1069 256 53 circunuenit:
660 1069 128 53 ergo
740 1069 160 53 saltem
852 1069 192 53 fefellit
996 1069 176 53 patrem.
1124 1069 128 53 quia
1188 1069 80 53 vi-

450 1115 112 37 dit
514 1115 160 37 patrem
626 1115 160 37 capere
737 1115 96 37 in
785 1115 112 37 vno
849 1115 160 37 sensu:
961 1115 96 37 et
1009 1115 128 37 ipse
1088 1115 144 37 cepit
1168 1115 96 37 suum

467 1151 141 43 dictum
565 1151 84 43 in
607 1151 126 43 alio.
692 1151 183 43 loquendum
832 1151 112 43 enim
903 1151 98 43 est
959 1151 84 43 vt
1001 1151 155 43 plures.
1113 1151 98 43 ii.
1170 1151 84 43 de
1198 1151 70 43 ce-

457 1187 102 47 lo.
516 1187 117 47 quia
589 1187 88 47 si
633 1187 102 47 eum
691 1187 161 47 excuses
808 1187 88 47 in
852 1187 117 47 illa
926 1187 219 47 duplicitate
1101 1187 132 47 dabis
1174 1187 88 47 mihi

459 1227 209 45 oceasionem
623 1227 104 45 vti
683 1227 149 45 simili
787 1227 224 45 duplicitate
966 1227 89 45 et
1011 1227 119 45 tibi
1085 1227 89 45 et
1115 1227 149 45 cuilibet

461 1262 149 50 alteri:
570 1262 81 50 et
611 1262 95 50 sic
665 1262 122 50 nihil
746 1262 217 50 stabilitatis
923 1262 109 50 erit
991 1262 81 50 in
1031 1262 163 50 loquela:
1153 1262 95 50 cum
1194 1262 68 50 vo-

451 1302 116 41 ces
518 1302 132 41 sunt
600 1302 182 41 inuente
732 1302 99 41 vt
782 1302 149 41 dicit
881 1302 149 41 Plato
980 1302 99 41 in
1029 1302 165 41 timeo)
1145 1302 99 41 vt
1178 1302 99 41 sint

453 1338 171 42 nunciae
578 1338 171 42 mentis.
702 1338 78 42 ⁋
733 1338 109 42 Sed
796 1338 155 42 dices:
904 1338 187 42 spiritus
1044 1338 171 42 sanctus
1153 1338 109 42 facit

465 1373 180 44 terminos
600 1373 226 44 significare
781 1373 90 44 ad
826 1373 180 44 placitum
961 1373 135 44 suum:
1051 1373 135 44 sicut
1142 1373 90 44 in
1172 1373 105 44 casi-

452 1410 132 51 bus
527 1410 226 51 ambiguis
697 1410 301 51 eceliasticis
941 1410 207 51 Romanus
1073 1410 188 51 Pontifex

461 1453 186 43 exponit
596 1453 186 43 quomodo
731 1453 169 43 debent
849 1453 219 43 iuramenta
1018 1453 169 43 coacta
1136 1453 101 43 et
1170 1453 101 43 pro-

466 1485 198 47 missiones
618 1485 258 47 interpretari:
830 1485 91 47 et
876 1485 182 47 interdum
1013 1485 91 47 ab
1058 1485 106 47 his
1104 1485 167 47 absoluit.

461 1525 98 48 et
510 1525 98 48 in
558 1525 179 48 legibus
688 1525 179 48 humanis
819 1525 211 48 positiuis
981 1525 146 48 facta
1079 1525 179 48 ambigua
1193 1525 81 48 in-

465 1560 226 47 terpretatur
646 1560 181 47 suprior.
782 1560 136 47 cuius
873 1560 121 47 enim
948 1560 106 47 est
1008 1560 166 47 condere
1129 1560 121 47 eius
1190 1560 75 47 est

449 1595 269 49 interpretari:
670 1595 126 49 modo
749 1595 126 49 deus
828 1595 111 49 est
892 1595 190 49 supremus
1034 1595 237 49 legistator:
1208 1595 63 49 et

467 1640 129 43 inter
553 1640 172 43 pretatur
682 1640 172 43 loquelam
811 1640 86 43 ad
854 1640 115 43 suum
926 1640 143 43 nutum:
1026 1640 86 43 et
1069 1640 158 43 termini
1170 1640 100 43 signi

459 1681 149 43 ficant
564 1681 90 43 ad
608 1681 164 43 libitum
728 1681 134 43 eius:
817 1681 194 43 loquendum
967 1681 104 43 est
1026 1681 134 43 autem
1116 1681 90 43 vt
1146 1681 119 43 plures

471 1716 105 50 voc
531 1716 105 50 est
591 1716 135 50 sicut
681 1716 165 50 conitas
800 1716 105 50 vel
860 1716 150 50 auctor
965 1716 209 50 conitatis.
1129 1716 90 50 Ad
1159 1716 105 50 virum

470 1757 164 45 excusari
594 1757 82 45 ne
635 1757 137 45 fallat
731 1757 164 45 sufficit
854 1757 110 45 quod
922 1757 164 45 proferat
1046 1757 110 45 vnam
1101 1757 164 45 propositio

466 1790 101 43 nem
523 1790 116 43 siue
596 1790 202 43 intelligat
755 1790 116 43 quid
827 1790 101 43 per
885 1790 101 43 eam
943 1790 231 43 significatur
1130 1790 116 43 siue
1188 1790 87 43 non:

469 1829 175 43 sufficit
601 1829 117 43 quod
673 1829 219 43 intellectus
848 1829 87 43 in
892 1829 102 43 quo
950 1829 117 43 deus
1023 1829 131 43 capit
1111 1829 102 43 est
1154 1829 117 43 verus.

460 1868 109 48 dato
529 1868 109 48 quod
597 1868 123 48 alios
679 1868 137 48 lateat
775 1868 137 48 quinam
871 1868 109 48 ille
939 1868 109 48 est.
1007 1868 164 48 plereque
1130 1868 109 48 enim
1185 1868 82 48 sunt

464 1907 246 46 prpositiones
663 1907 92 46 in
709 1907 215 46 Apocalipsi
878 1907 107 46 ten
939 1907 153 46 ebrose
1047 1907 138 46 nobis
1124 1907 153 46 omnibus:

477 1944 79 43 et
516 1944 119 43 tamen
595 1944 119 43 palam
675 1944 92 43 est
727 1944 105 43 quod
793 1944 66 43 a
820 1944 119 43 spium
899 1944 132 43 sancto
991 1944 66 43 a
1017 1944 66 43 a
1044 1944 119 43 beato
1123 1944 132 43 Ioanne
1202 1944 66 43 in-

478 1981 187 42 elligitur
621 1981 144 42 sensus
722 1981 144 42 verus.
823 1981 72 42 ⁋
851 1981 101 42 Sed
909 1981 158 42 contra:
1024 1981 115 42 tunc
1081 1981 187 42 nesciremus.

467 2015 85 48 in
509 2015 99 48 quo
566 2015 127 48 sensu
651 2015 240 48 propositiones
849 2015 85 48 in
891 2015 156 48 Miblia:
1004 2015 113 48 siue
1075 2015 85 48 de
1103 2015 156 48 praeteri-

468 2059 79 39 to
507 2059 172 39 praesenti
640 2059 93 39 vel
693 2059 132 39 futuro
785 2059 132 39 essent
878 2059 172 39 capiende.
1010 2059 106 39 quia
1077 2059 106 39 dato
1143 2059 106 39 quod
1196 2059 66 39 nos

475 2092 178 46 curramus
608 2092 89 46 ad
653 2092 148 46 sensum
756 2092 207 46 literalem:
919 2092 89 46 et
963 2092 163 46 nucleum
1082 2092 133 46 teste
1156 2092 118 46 solli-

463 2133 135 47 cite
547 2133 185 47 rimemur
682 2133 118 47 non
749 2133 202 47 possemus
901 2133 118 47 eum
968 2133 236 47 attingere.
1153 2133 84 47 ⁋
1170 2133 101 47 Item

475 2172 113 41 deus
545 2172 99 41 non
602 2172 141 41 potest
701 2172 141 41 facere
799 2172 113 41 quod
870 2172 113 41 quis
940 2172 169 41 proferat
1053 2172 212 41 propositionem

474 2213 91 40 ad
519 2213 258 40 significandum
731 2213 136 40 aliis
822 2213 106 40 que
883 2213 152 40 nullum
989 2213 152 40 sensum
1095 2213 136 40 habet
1171 2213 106 40 verum

484 2251 112 44 quia
554 2251 112 44 tunc
624 2251 98 44 non
680 2251 182 44 constabit
820 2251 126 44 nobis
904 2251 112 44 quod
974 2251 112 44 deus
1044 2251 182 44 voluerit.
1170 2251 98 44 etiam

470 2281 116 44 non
537 2281 165 44 erimus
652 2281 149 44 certi
751 2281 99 44 de
801 2281 116 44 vno
867 2281 149 44 sensu
966 2281 149 44 sacre
1049 2281 198 44 scripture.

475 2318 75 49 ⁋
505 2318 104 49 Sed
565 2318 134 49 dices
654 2318 119 49 quod
728 2318 119 49 immo
803 2318 179 49 reuelati
937 2318 119 49 sunt
1012 2318 149 49 sensus
1116 2318 119 49 veri
1176 2318 89 49 late

481 2358 105 42 tes
541 2358 105 42 per
601 2358 165 42 sanctos
721 2358 90 42 et
766 2358 270 42 confirmationem
992 2358 240 42 miraculorum.
1187 2358 75 42 ⁋
1202 2358 75 42 Rur

477 2398 118 45 sus:
551 2398 118 45 deus
624 2398 103 45 non
683 2398 147 45 potest
786 2398 147 45 facere
889 2398 176 45 mentalem
1021 2398 191 45 vltimatam
1153 2398 118 45 istius

483 2433 118 49 pomo
557 2433 103 49 est
616 2433 147 49 asinus
718 2433 73 49 /
748 2433 220 49 reprsentare
924 2433 162 49 hominem
1042 2433 176 49 currere.
1174 2433 88 49 et
1204 2433 73 49 ita

472 2474 83 50 in
514 2474 125 50 aliis
597 2474 194 50 mentalibus
749 2474 166 50 secundum
874 2474 125 50 illam
957 2474 263 50 significationem
1179 2474 69 50 ⁋
1193 2474 83 50 Pre-

477 2514 150 39 terea:
582 2514 105 39 non
642 2514 165 39 oportet
762 2514 165 39 currere
882 2514 90 39 ad
928 2514 150 39 sensum
1033 2514 195 39 literalem
1168 2514 105 39 scri-

491 2549 147 40 iture
589 2549 115 40 nec
654 2549 98 40 ad
703 2549 196 40 virtutem
851 2549 196 40 sermonis
998 2549 98 40 in
1047 2549 213 40 exponenda
1194 2549 82 40 Mi-

480 2587 135 44 blia:
570 2587 105 44 sed
630 2587 135 44 solum
720 2587 90 44 ad
765 2587 150 44 sensus
870 2587 180 44 morales:
1006 2587 120 44 quos
1081 2587 135 44 multi
1156 2587 120 44 valen-

479 2624 159 50 lentes
590 2624 159 50 patres
701 2624 143 50 dant:
796 2624 127 50 quod
876 2624 111 50 non
939 2624 206 50 seruatur.
1098 2624 79 50 ⁋
1114 2624 174 50 Propterea

481 2660 147 42 aliter
584 2660 177 42 dicitur.
717 2660 162 42 iudicio
835 2660 103 42 meo
894 2660 177 42 possumus
1026 2660 162 42 seruare
1130 2660 147 42 proposi-

474 2700 143 65 tiones
574 2700 171 65 prolatas
702 2700 71 65 a
731 2700 171 65 prohetis
859 2700 143 65 quando
959 2700 143 65 locuti
1059 2700 114 65 sunt
1117 2700 171 65 precipien

1307 253 87 67 te
1351 253 102 67 deo
1409 253 160 67 dixisse
1526 253 146 67 semper
1628 253 146 67 verum:
1730 253 175 67 loquendo
1861 253 87 67 de
1905 253 160 67 vertute
2006 253 117 67 sermo-

1312 310 121 43 nis.
1388 310 91 43 Et
1433 310 91 43 ad
1478 310 212 43 argumentum
1645 310 91 43 de
1690 310 136 43 Iacob
1781 310 182 43 dicitur.
1917 310 121 43 quod
1978 310 151 43 profere-

1319 350 101 47 bat
1376 350 246 47 propositionem
1579 350 145 47 plures
1681 350 116 47 quae
1753 350 159 47 habebat
1869 350 116 47 duos
1941 350 159 47 sensus:
2043 350 72 47 quo

1311 395 109 39 rum
1374 395 125 39 vnus
1452 395 125 39 erat
1530 395 172 39 prorius
1655 395 187 39 secundum
1795 395 203 39 processum
1936 395 187 39 scripture:

1310 422 92 48 et
1356 422 138 48 alter
1447 422 214 48 impoprius:
1616 422 107 48 sed
1677 422 122 48 apud
1753 422 214 48 vulgariter
1922 422 214 48 loquentes:
2075 422 61 48 et

1320 463 208 47 mysterium
1480 463 112 47 non
1544 463 256 47 ponderantes:
1751 463 144 47 alter
1847 463 128 47 erat
1927 463 192 47 proprius
2055 463 64 47 et

1318 500 100 48 sic
1375 500 171 48 protulit
1503 500 128 48 verum
1588 500 85 48 de
1631 500 157 48 virtute
1745 500 185 48 sermonis.
1887 500 85 48 et
1930 500 114 48 nego
2001 500 114 48 quod
2058 500 71 48 pa-

1314 536 123 48 trem
1390 536 215 48 intendebat
1559 536 184 48 fallere:
1697 536 123 48 quia
1773 536 215 48 proferebat
1942 536 123 48 vnum
2003 536 123 48 verum:

1315 577 89 46 et
1360 577 222 46 assentiebat
1538 577 119 46 illi
1612 577 148 46 sensui
1716 577 133 46 vero:
1805 577 89 46 et
1849 577 104 46 sic
1908 577 104 46 non
1953 577 163 46 mentiebat

1322 613 112 44 nec
1386 613 207 44 fallebat.
1545 613 80 44 ⁋
1577 613 112 44 Sed
1641 613 160 44 contra
1753 613 112 44 hoc
1817 613 207 44 arguitur.
1960 613 160 44 induebat

1317 646 146 56 pelles
1420 646 190 56 caprarum:
1566 646 117 56 quia
1639 646 117 56 erat
1712 646 117 56 homo
1785 646 146 56 lenis:
1887 646 88 56 et
1931 646 146 56 frater
2018 646 117 56 hispi-

1318 687 98 48 dus
1374 687 98 48 non
1430 687 84 48 ob
1472 687 126 48 aliud
1555 687 112 48 nisi
1625 687 84 48 vt
1667 687 140 48 patrem
1765 687 182 48 falleret.
1905 687 84 48 si
1946 687 112 48 non:
2016 687 84 48 ad
2044 687 84 48 quod

1321 727 209 50 propositum
1485 727 194 50 induisset
1634 727 164 50 pelles:
1754 727 164 50 debebat
1873 727 119 50 enim
1948 727 119 50 sine
2008 727 119 50 pelli-

1318 765 95 42 bus
1373 765 122 42 illud
1454 765 122 42 verum
1535 765 203 42 protulisse.
1697 765 68 42 ⁋
1725 765 162 42 Preterea
1846 765 95 42 (vt
1900 765 122 42 patet
1968 765 149 42 exlittera

1316 808 146 45 Iacob
1413 808 162 45 timuit
1527 808 162 45 pelles
1641 808 179 45 induere
1771 808 97 45 ne
1819 808 146 45 patri
1917 808 195 45 illudere
2047 808 81 45 vi-

1310 846 193 39 deretur:
1455 846 209 39 inquiens.
1616 846 97 39 Si
1664 846 274 39 attrectauerit
1890 846 97 39 me
1938 846 145 39 pater
2018 846 113 39 meus:

1320 880 89 46 et
1365 880 178 46 senserit
1499 880 134 46 timeo
1588 880 89 46 ne
1632 880 134 46 putet
1722 880 89 46 me
1766 880 119 46 sibi
1841 880 178 46 voluisse
1959 880 164 46 illudere:

1315 915 85 49 et
1357 915 157 49 inducat
1471 915 128 49 super
1557 915 85 49 me
1599 915 242 49 maledictionem
1799 915 100 49 pro
1856 915 242 49 benedictione.
2041 915 85 49 ergo

1316 953 174 53 putabat
1443 953 127 53 quod
1522 953 174 53 induere
1649 953 159 53 pelles
1760 953 143 53 circa
1855 953 159 53 manus:
1966 953 95 53 et
1998 953 127 53 collum

1323 993 122 42 trat
1399 993 183 42 illudere
1536 993 152 42 patri.
1642 993 76 42 ⁋
1673 993 243 42 Respondetur:
1870 993 167 42 negando
1992 993 122 42 quod
2053 993 76 42 non

1311 1030 185 48 induebat
1450 1030 154 48 pelles
1558 1030 185 48 caprarum
1697 1030 93 48 ob
1743 1030 139 48 aliud
1836 1030 124 48 nisi
1913 1030 93 48 vt
1959 1030 154 48 patrem
2052 1030 77 48 fal

1316 1066 164 50 leret:
1430 1066 115 50 sed
1496 1066 213 50 propterea
1659 1066 196 50 induebat
1807 1066 196 50 caprarum
1954 1066 180 50 pelles:
2069 1066 65 50 vt

1323 1106 117 51 vnum
1397 1106 117 51 veru
1470 1106 205 51 occultaret
1631 1106 117 51 quod
1704 1106 102 51 non
1762 1106 190 51 tenebatur
1909 1106 132 51 patri
1996 1106 102 51 pro
2040 1106 88 51 tunc

1318 1139 188 50 dicere.
1454 1139 85 50 ⁋
1489 1139 222 50 Siphariam
1659 1139 239 50 patriarcha
1847 1139 154 50 Iacob
1949 1139 188 50 poterat
2069 1139 68 50 se

1317 1180 172 46 habere.
1443 1180 110 46 Uno
1505 1180 125 46 modo
1583 1180 188 46 induendo
1724 1180 156 46 pelles
1834 1180 94 46 vt
1881 1180 156 46 patrem
1975 1180 156 46 falleret

1325 1222 125 47 Alio
1403 1222 125 47 modo
1482 1222 94 47 vt
1528 1222 187 47 indueret
1669 1222 156 47 pelles
1778 1222 219 47 occultando
1950 1222 141 47 verum
2028 1222 94 47 quod

1316 1255 142 52 patri
1411 1255 110 52 non
1474 1255 205 52 tenebatur
1632 1255 174 52 dicere.
1758 1255 158 52 primum
1869 1255 110 52 non
1932 1255 158 52 habuit
2027 1255 110 52 Iacob

1319 1291 90 46 nec
1370 1291 103 46 erat
1435 1291 141 46 licitum
1537 1291 141 46 habere.
1640 1291 154 46 secundum
1755 1291 115 46 autem
1832 1291 103 46 erat
1896 1291 154 46 licitum.
2012 1291 77 46 et
2050 1291 77 46 in
2076 1291 64 46 hoc

1331 1336 195 45 opinione
1477 1336 130 45 mea)
1559 1336 146 45 nodus
1656 1336 228 45 solutionis
1835 1336 244 45 delitescit.
2030 1336 81 45 ⁋
2063 1336 98 45 Ad

1317 1374 131 45 aliud
1405 1374 161 45 fateor:
1522 1374 117 45 quod
1595 1374 161 45 induere
1712 1374 146 45 pelles
1814 1374 161 45 timuit:
1931 1374 102 45 sed
1989 1374 102 45 cum
2047 1374 102 45 hoc
2091 1374 44 45 a

1317 1412 141 45 matre
1412 1412 173 45 haberet
1537 1412 110 45 que
1600 1412 79 45 a
1631 1412 110 45 deo
1694 1412 220 45 certiorata
1867 1412 126 45 erat
1946 1412 126 45 quod
2008 1412 126 45 benedi

1317 1456 119 42 ctio
1392 1456 194 42 debebatur
1541 1456 119 42 ipsi
1615 1456 149 42 Iacob.
1720 1456 134 42 patet
1809 1456 194 42 Geneseos.
1958 1456 119 42 xxv.
2018 1456 104 42 perre

1317 1486 160 44 xitque
1429 1486 176 44 Rebecca
1557 1486 96 44 vt
1605 1486 224 44 consuleret
1780 1486 192 44 dominum:
1924 1486 144 44 forte
2004 1486 128 44 adiuit

1324 1524 264 42 Melchisedech
1539 1524 116 42 qui
1605 1524 149 42 adhuc
1704 1524 198 42 viuebat.
1853 1524 149 42 cuius
1952 1524 149 42 tanta
2035 1524 99 42 erat

1328 1568 242 42 excellentia
1522 1568 97 42 vt
1570 1568 226 42 credebatur
1748 1568 81 42 a
1780 1568 210 42 plerisque
1941 1568 194 42 Angelus:
2070 1568 65 42 vt

1330 1604 131 44 dicit
1418 1604 131 44 glosa
1505 1604 189 44 Augustini
1651 1604 146 44 illic.
1753 1604 117 44 ille
1826 1604 131 44 autem
1913 1604 102 44 non
1972 1604 160 44 decipit
2074 1604 58 44 a-

1328 1635 102 50 lium
1392 1635 102 50 quie
1455 1635 114 50 facit
1531 1635 127 50 quando
1620 1635 114 50 iuste
1696 1635 127 50 facere
1785 1635 140 50 potest.
1887 1635 63 50 ⁋
1912 1635 89 50 Sed
1963 1635 127 50 contra
2039 1635 89 50 illud

1311 1680 191 43 arguitur.
1458 1680 161 43 habetur
1575 1680 88 43 in
1619 1680 147 43 litera
1722 1680 176 43 Genesis.
1854 1680 147 43 xxvii.
1956 1680 132 43 venit
2029 1680 103 43 fratu

1314 1713 123 49 tuus
1391 1713 262 49 fraudulenter:
1607 1713 93 49 et
1653 1713 170 49 accepit
1776 1713 262 49 benedictionem
1992 1713 139 49 tuam:
2069 1713 62 49 di

1323 1750 132 48 cebat
1411 1750 132 48 vsaac
1500 1750 117 48 ipsi
1573 1750 132 48 Esau:
1661 1750 117 48 ergo
1735 1750 88 48 ex
1779 1750 132 48 serie
1867 1750 147 48 litere
1955 1750 176 48 colligitur

1325 1795 130 44 quod
1406 1795 162 44 patrem
1520 1795 227 44 fraudabat.
1698 1795 211 44 Preterea:
1861 1795 146 44 Iacob
1942 1795 195 44 intendebat

1329 1824 213 51 occultare
1492 1824 131 51 vnum
1574 1824 147 51 verum
1672 1824 131 51 quod
1754 1824 115 51 non
1820 1824 213 51 tenebatur
1983 1824 164 51 dicere
2082 1824 65 51 pa

1319 1869 128 44 tri:
1399 1869 96 44 et
1447 1869 96 44 ad
1495 1869 272 44 occultationem
1719 1869 160 44 illius
1830 1869 128 44 veri
1910 1869 176 44 sciebat
2022 1869 128 44 patrem

1314 1902 195 42 decipi:
1456 1902 142 42 ergo
1544 1902 248 42 intendebat
1739 1902 177 42 patrem
1863 1902 195 42 decipi.
2004 1902 88 42 ⁋
2022 1902 124 42 Item:

1326 1943 108 47 vel
1387 1943 170 47 volebat
1511 1943 154 47 patrem
1619 1943 154 47 decipi
1727 1943 108 47 vel
1789 1943 185 47 nolebat:
1928 1943 108 47 vel
1990 1943 139 47 neque
2067 1943 77 47 sic

1322 1977 139 51 neque
1414 1977 123 51 sic:
1491 1977 123 51 puta
1568 1977 108 51 nec
1630 1977 169 51 volebat
1753 1977 108 51 nec
1814 1977 185 51 nolebat.
1953 1977 92 51 si
1999 1977 108 51 duo
2045 1977 108 51 vlti-

1320 2014 106 44 ma
1373 2014 193 44 membra:
1514 2014 106 44 ad
1567 2014 141 44 quod
1655 2014 246 44 propositum
1848 2014 211 44 induebat
1989 2014 158 44 pelles.

1331 2053 87 50 si
1374 2053 159 50 primum:
1490 2053 159 50 habetur
1606 2053 203 50 proposium.
1765 2053 72 50 ⁋
1794 2053 87 50 Ad
1837 2053 145 50 primum
1938 2053 174 50 dicitur:
2054 2053 87 50 quod

1322 2091 154 52 vsaac
1425 2091 171 52 noluit
1545 2091 240 52 retractare
1733 2091 291 52 benedictionem
1973 2091 137 52 quam
2041 2091 103 52 dede

1320 2131 102 51 rat
1379 2131 117 51 ipsi
1452 2131 146 51 Iacob:
1555 2131 117 51 quia
1628 2131 234 51 inspiratione
1818 2131 176 51 spiritus
1950 2131 146 51 sancti
2038 2131 102 51 illam

1325 2161 249 52 ratificabat.
1527 2161 109 52 sed
1590 2161 93 52 vt
1636 2161 186 52 paululum
1776 2161 171 52 leniret
1900 2161 124 52 Esau
1978 2161 155 52 contra
2071 2161 78 52 se-

1331 2202 167 51 ipsum:
1448 2202 201 51 protulit
1599 2202 284 51 amphibologice
1833 2202 134 51 vnam
1899 2202 251 51 propositionem

1331 2245 241 45 equiuocam:
1520 2245 206 45 capiendo
1675 2245 155 45 tamen
1778 2245 275 45 fraudulenter
2001 2245 103 45 in
2036 2245 120 45 bonam

1340 2288 142 44 contem:
1443 2288 116 44 sicut
1521 2288 116 44 dolus
1598 2288 155 44 interdum
1715 2288 116 44 etiam
1792 2288 155 44 capitur:
1908 2288 78 44 vt
1947 2288 129 44 patet.
2025 2288 116 44 secunde

1352 2318 262 49 Corinthiorum.
1567 2318 123 49 xii.
1644 2318 108 49 Cum
1706 2318 138 49 essem
1798 2318 169 49 astutus
1921 2318 123 49 dolo
1998 2318 108 49 vos
2044 2318 108 49 cepi.

1337 2353 98 48 et
1386 2353 148 48 vsaac
1484 2353 82 48 a
1517 2353 230 48 deceptione
1697 2353 197 48 excusare
1845 2353 148 48 potes
1943 2353 148 48 sicut
2025 2353 115 48 Iacob

1335 2396 217 51 excusare
1498 2396 253 51 satagimus.
1697 2396 90 51 ⁋
1733 2396 109 51 Ad
1787 2396 217 51 secundum
1932 2396 217 51 argumentum

1341 2433 147 45 concedo
1447 2433 120 45 totum
1528 2433 200 45 antecedens.
1688 2433 80 45 et
1728 2433 107 45 nego
1795 2433 227 45 consequentiam
1981 2433 107 45 nisi
2035 2433 120 45 indire-

1332 2475 122 44 cte.
1408 2475 106 44 hoc
1469 2475 106 44 est
1529 2475 152 44 facere
1636 2475 167 44 aliquid
1757 2475 91 44 ad
1803 2475 122 44 quod
1879 2475 182 44 sequitur
2000 2475 152 44 deceptio

1329 2514 197 43 alterius
1476 2514 98 43 ex
1525 2514 131 43 eius
1608 2514 131 43 mala
1690 2514 295 43 intelligentia.
1936 2514 82 43 ⁋
1969 2514 98 43 Ad
2001 2514 148 43 tertium

1327 2552 252 43 argumentum
1525 2552 108 43 do
1579 2552 198 43 tertium
1723 2552 216 43 membrum.
1886 2552 180 43 primum
1994 2552 162 43 membrum

1344 2589 92 45 on
1390 2589 168 45 voluit:
1512 2589 122 45 quia
1588 2589 137 45 ipsum
1680 2589 107 45 est
1741 2589 214 45 illicitum:
1909 2589 107 45 nec
1970 2589 168 45 oportet
2077 2589 76 45 ip-

1340 2626 118 44 sum
1407 2626 202 44 habuisse
1559 2626 202 44 secundum
1710 2626 202 44 membrum.
1861 2626 84 44 ⁋
1895 2626 118 44 Sed
1962 2626 168 44 contra
2063 2626 84 44 to-

1336 2657 106 51 tum
1396 2657 136 51 illud
1487 2657 227 51 argumentor.
1669 2657 91 51 ex
1714 2657 106 51 hac
1775 2657 197 51 solutione
1926 2657 182 51 sequitur
2047 2657 91 51 quod

1335 2698 167 63 licebit
1456 2698 122 63 mihi
1532 2698 152 63 dicere
1639 2698 122 63 viro
1715 2698 182 63 querenti
1851 2698 137 63 alium
1942 2698 91 63 ad
1988 2698 152 63 mortem
2079 2698 76 63 ro
