2356 3340
436 261 104 52 na.
495 261 89 52 et
540 261 207 52 antecedens
703 261 104 52 non
762 261 104 52 est
821 261 118 52 tibi
895 261 163 52 dubium.
1013 261 118 52 ergo
1072 261 178 52 consequens

431 304 113 43 non
495 304 113 43 est
560 304 210 43 negandum.
721 304 81 43 ⁋
753 304 145 43 Etiam
850 304 145 43 probo
947 304 129 43 quod
1027 304 113 43 non
1092 304 145 43 debes
1173 304 64 43 du

443 341 136 47 bitare
538 341 204 47 antecedens.
701 341 136 47 possum
796 341 109 47 enim
864 341 122 47 ferre
945 341 109 47 actu
1013 341 204 47 intellectus
1163 341 81 47 supe

432 373 123 49 tria
509 373 170 49 obiecta
632 373 170 49 quatuor
756 373 154 49 specie
864 373 201 49 distincta
1018 373 216 49 copulatim:
1172 373 62 49 su

436 419 100 43 per
493 419 115 43 quae
565 419 143 43 nullus
665 419 158 43 ferebat
780 419 143 43 actum.
880 419 86 43 et
923 419 143 43 possum
1023 419 143 43 habere
1109 419 129 43 notitia

431 461 208 40 reflexam
586 461 156 40 super
690 461 156 40 illum
794 461 173 40 actum.
915 461 87 40 ⁋
950 461 121 40 Sed
1019 461 121 40 hic
1088 461 121 40 (et
1140 461 104 40 bene

427 489 134 53 dices
516 489 119 53 quod
591 489 134 53 anima
680 489 163 53 Christi
798 489 134 53 tales
888 489 134 53 actus
977 489 163 53 habuit.
1095 489 74 53 ⁋
1110 489 134 53 Secundo

426 531 141 48 arguo
520 531 94 48 ad
567 531 141 48 idem:
661 531 204 48 quocumque
818 531 172 48 corpore
943 531 157 48 creato
1053 531 125 48 deus
1116 531 125 48 potest

425 569 157 45 creare
535 569 141 45 aliud
629 569 94 45 in
676 569 220 45 indiuiduis
849 569 173 45 eiusdem
974 569 188 45 speciei.
1116 569 125 45 ergo
1178 569 63 45 si

429 607 108 38 non
490 607 108 38 est
552 607 154 38 status
659 607 92 38 in
705 607 215 38 indiuiduis
874 607 108 38 non
936 607 108 38 est
997 607 154 38 status
1105 607 92 38 in
1135 607 108 38 speci

430 641 133 47 bus.
514 641 83 47 ⁋
547 641 166 47 Tertio
663 641 200 47 arguitur
813 641 133 47 sic.
896 641 133 47 ante
980 641 233 47 creationem
1146 641 100 47 mun-

428 677 104 45 di
480 677 121 45 vel
549 677 138 45 erat
635 677 173 45 certus
756 677 190 45 numerus
895 677 225 45 aliquorum
1051 677 190 45 indiuiduo

434 721 116 44 rum
501 721 99 44 in
550 721 165 44 specie
666 721 132 44 quem
748 721 132 44 deus
831 721 182 44 poterat
963 721 231 44 producere:
1128 721 116 44 vtpu-

439 754 92 42 ta
485 754 123 42 quia
562 754 169 42 poterat
685 754 200 42 producere
838 754 200 42 indiuidua
992 754 169 42 speciei
1115 754 108 42 iam
1161 754 77 42 pro

436 793 147 46 ducte:
539 793 88 46 et
583 793 132 46 nulla
671 793 132 46 alia.
759 793 147 46 primum
862 793 162 46 videtur
980 793 264 46 irrationabile.
1185 793 59 46 se

436 836 170 39 cundum
555 836 119 39 non
623 836 170 39 valet:
741 836 136 39 quia
826 836 136 39 tunc
911 836 220 39 productio
1063 836 187 39 aliquorum

434 872 273 45 indiuiduorum
656 872 222 45 impediret
826 872 136 45 deum
911 872 102 45 ne
962 872 170 45 posset
1065 872 170 45 producer

440 908 213 46 indiuidua
604 908 197 46 alterius
751 908 197 46 speciei.
899 908 82 46 ⁋
931 908 197 46 Preterea
1079 908 148 46 nihil
1161 908 82 46 non

442 941 216 50 implicans
609 941 316 50 contradictionem
875 941 116 50 est
942 941 200 50 negandum
1091 941 83 50 a
1108 941 133 50 poten-

439 981 107 47 tia
500 981 123 47 dei:
577 981 138 47 istud
668 981 107 47 non
730 981 184 47 implicat
867 981 306 47 contradictionem:
1112 981 123 47 igitur

441 1022 254 44 consequentia
647 1022 143 44 tenet
742 1022 111 44 cum
806 1022 174 44 maiore.
933 1022 95 44 et
980 1022 143 44 minor
1076 1022 159 44 patet:
1171 1022 79 44 det

436 1059 232 45 aduersarius
621 1059 294 45 contradictionem
869 1059 124 45 quae
947 1059 201 45 sequitur.
1102 1059 77 45 ⁋
1117 1059 124 45 Ultimo

442 1098 184 44 arguitur
579 1098 122 44 sic.
656 1098 138 44 inter
748 1098 199 44 quecunque
901 1098 153 44 quanta
1008 1098 153 44 quorum
1115 1098 122 44 vnum
1176 1098 77 44 est

440 1134 146 44 maius
537 1134 146 44 alio:
635 1134 130 44 deus
716 1134 162 44 potest
829 1134 162 44 creare
943 1134 162 44 quantu
1056 1134 146 44 minus
1138 1134 97 44 maio

440 1179 98 41 re
489 1179 81 41 a
521 1179 147 41 maius
619 1179 179 41 minore:
749 1179 114 41 sed
814 1179 228 41 indiuiduum
994 1179 228 41 superioris
1157 1179 81 41 spe

441 1213 122 46 ciei
517 1213 107 46 non
578 1213 168 46 excedit
700 1213 290 46 indiuisibiliter
944 1213 214 46 indiuiduum
1097 1213 153 46 inferio-

439 1246 113 49 ris.
509 1246 141 49 igitur
608 1246 127 49 inter
693 1246 113 49 illa
763 1246 141 49 potest
862 1246 141 49 creare
961 1246 198 49 indiuiduum
1116 1246 99 49 vno
1158 1246 85 49 per-

435 1290 190 38 fectius:
578 1290 95 38 et
625 1290 158 38 altero
736 1290 269 38 imperfectius.
957 1290 79 38 ⁋
989 1290 95 38 Ex
1036 1290 127 38 ista
1100 1290 142 38 conclu-

436 1325 135 41 sione
526 1325 150 41 infero
631 1325 105 41 cum
691 1325 225 41 supplemento
872 1325 165 41 illorum
992 1325 105 41 que
1052 1325 195 41 sequentur
1187 1325 60 41 in

445 1359 158 44 materia
559 1359 86 44 de
603 1359 187 44 infinito:
746 1359 115 44 quod
818 1359 115 44 deus
890 1359 144 44 potest
990 1359 144 44 creare
1076 1359 158 44 infinitor

430 1399 169 40 mundos
548 1399 169 40 specie
667 1399 237 40 distinctos
852 1399 270 40 concentricos
1072 1399 101 40 et
1106 1399 135 40 eccen-

431 1435 175 49 tricos.
558 1435 143 49 creet
654 1435 127 49 enim
734 1435 127 49 deus
813 1435 96 49 in
861 1435 143 49 prima
956 1435 143 49 parte
1036 1435 207 49 proportiona

431 1473 95 43 li
479 1473 158 43 mundum
589 1473 237 43 eccentricum
779 1473 190 43 alterius
921 1473 174 43 speciei
1047 1473 95 43 ab
1095 1473 126 43 isto
1158 1473 79 43 tam

424 1508 170 51 gentem
543 1508 153 51 istum
645 1508 170 51 mundum
764 1508 102 51 in
815 1508 170 51 puncto
935 1508 119 51 (vt
1003 1508 153 51 solet
1105 1508 136 51 esse
1173 1508 68 51 de

424 1550 166 42 duobus
541 1550 200 42 circulis
691 1550 117 42 vel
757 1550 166 42 duabus
874 1550 200 42 spheris)
1024 1550 183 42 dicatur
1140 1550 100 42 ille

430 1590 156 46 mundus
539 1590 93 46 a.
586 1590 93 46 in
633 1590 171 46 secunda
757 1590 140 46 parte
851 1590 265 46 proportionali
1069 1590 140 46 creet
1147 1590 93 46 mum-

432 1626 113 48 dum
496 1626 194 48 alterius
642 1626 178 48 speciei
771 1626 97 48 ab
819 1626 81 48 a
852 1626 210 48 tangentem
1013 1626 81 48 a
1045 1626 145 48 sicut
1142 1626 81 48 a
1158 1626 81 48 tan

437 1663 118 46 git
505 1663 169 46 mundum
623 1663 203 46 nostrum:
775 1663 101 46 et
826 1663 118 46 sic
893 1663 270 46 consequenter
1113 1663 118 46 per
1163 1663 68 46 om

425 1703 111 44 nes
489 1703 159 44 partes
600 1703 270 44 prportionales
823 1703 127 44 hore
902 1703 175 44 future:
1029 1703 111 44 iam
1093 1703 143 44 erunt
1172 1703 64 44 in

425 1744 146 42 finiti
528 1744 132 42 mundi
615 1744 146 42 specie
718 1744 205 42 distincti:
879 1744 88 42 et
922 1744 161 42 poterat
1039 1744 132 42 illud
1127 1744 117 42 idem
1186 1744 58 42 fe

425 1777 144 46 cisse
521 1777 96 46 de
569 1777 273 46 concentricis.
794 1777 80 46 ⁋
826 1777 112 46 Sed
890 1777 160 46 contra
1002 1777 144 46 istud
1083 1777 160 46 arguitur

437 1816 129 39 sic.
517 1816 193 39 sequitur
662 1816 129 39 quod
742 1816 129 39 deus
823 1816 161 39 posset
935 1816 161 39 creare
1048 1816 129 39 vnum
1112 1816 129 39 mundum

432 1853 179 44 infinite
566 1853 209 44 perfectum:
730 1853 89 44 et
775 1853 104 44 per
835 1853 209 44 consequens
999 1853 134 44 esset
1088 1853 104 44 ita
1133 1853 104 44 perfe

435 1893 121 38 ctus
511 1893 136 38 sicut
601 1893 136 38 deus.
692 1893 212 38 consequens
859 1893 106 38 est
919 1893 166 38 falsum.
1040 1893 166 38 igitur.
1146 1893 91 38 pro-

431 1926 94 48 bo
478 1926 282 48 consequentiam:
713 1926 125 48 quia
791 1926 125 48 deus
869 1926 156 48 potest
979 1926 156 48 creare
1089 1926 94 48 in
1120 1926 125 48 instan

424 1968 104 40 ti
476 1968 243 40 terminante
666 1968 156 40 illam
770 1968 156 40 horam
874 1968 139 40 vnum
961 1968 173 40 mundum
1065 1968 173 40 quolibet

432 2004 195 38 mundorum
578 2004 178 38 aliorum
708 2004 276 38 perfectiorem:
935 2004 114 38 sit
1000 2004 130 38 ille
1081 2004 162 38 mundus
1178 2004 65 38 c.

442 2041 118 49 tunc
516 2041 103 49 sic
575 2041 191 49 arguitur.
722 2041 88 49 in
766 2041 191 49 infinitum
913 2041 191 49 perfectus
1060 2041 103 49 est
1105 2041 132 49 aliquis

435 2076 183 51 istorum
568 2076 200 51 mundorum
718 2076 283 51 (demonstrando
951 2076 166 51 mundos
1051 2076 183 51 infinitor

432 2121 220 45 productos
601 2121 101 45 in
652 2121 203 45 partibus
804 2121 321 45 proortionalibus
1074 2121 152 45 hore)
1159 2121 84 45 per

441 2160 88 41 te
485 2160 88 41 et
529 2160 175 41 quolibet
660 2160 161 41 illorum
777 2160 73 41 c
806 2160 204 41 perfectior
967 2160 117 41 est.
1040 2160 117 41 ergo
1113 2160 117 41 cest
1171 2160 73 41 in-

443 2193 131 47 finite
534 2193 183 47 perfectus.
678 2193 118 47 tenet
757 2193 209 47 consequentia
926 2193 118 47 sicut
1005 2193 78 47 in
1044 2193 144 47 quantis
1149 2193 78 47 in
1175 2193 65 47 inf

440 2233 154 41 nitum
543 2233 172 41 magnum
663 2233 120 41 est
731 2233 189 41 aliquod
869 2233 189 41 istorum
1006 2233 223 41 corporum.
1160 2233 86 41 eto

445 2269 174 42 quolibet
575 2269 159 42 illorum
691 2269 101 42 est
749 2269 145 42 maius.
850 2269 116 42 ergo
922 2269 116 42 cest
995 2269 87 42 in
1038 2269 188 42 infinitum
1169 2269 72 42 ma-

444 2308 143 41 gnum:
540 2308 96 41 et
588 2308 223 41 infinitum.
763 2308 207 41 idemtidem
922 2308 96 41 in
970 2308 223 41 paruitate:
1129 2308 112 41 infi-

439 2349 136 37 nitum
530 2349 151 37 paruum
635 2349 106 37 est
696 2349 166 37 aliquod
817 2349 166 37 illorum
938 2349 197 37 corporum:
1089 2349 91 37 et
1134 2349 76 37 c
1149 2349 91 37 quol

440 2380 115 43 bet
505 2380 181 43 illorum
637 2380 115 43 est
703 2380 165 43 minus.
818 2380 132 43 ergo
900 2380 82 43 c
933 2380 181 43 nullius
1049 2380 198 43 magnitudi-

445 2423 102 42 nis
504 2423 117 42 est.
577 2423 87 42 et
620 2423 102 42 ita
679 2423 189 42 vtrobique
824 2423 160 42 videtur
941 2423 146 42 valere
1043 2423 131 42 modus
1116 2423 131 42 arguen-

447 2460 106 47 di.
507 2460 75 47 ⁋
537 2460 91 47 Et
583 2460 242 47 confirmatur:
779 2460 121 47 quia
855 2460 106 47 vel
915 2460 121 47 deus
990 2460 136 47 videt
1066 2460 181 47 indiuiduum

439 2495 200 42 supremum
589 2495 250 42 producibile
790 2495 117 42 vel
856 2495 133 42 non.
940 2495 100 42 si
990 2495 167 42 primum
1107 2495 117 42 est
1157 2495 83 42 sta

438 2531 117 47 tus:
512 2531 88 47 et
556 2531 88 47 si
599 2531 161 47 ponatur
717 2531 146 47 status
819 2531 88 47 in
863 2531 190 47 creatione
1010 2531 161 47 illorum
1112 2531 132 47 indiui-

446 2571 181 54 duorum:
577 2571 131 54 pari
659 2571 181 54 ratione
790 2571 148 54 debes
889 2571 131 54 dare
971 2571 164 54 statum
1086 2571 99 54 in
1119 2571 131 54 specie

448 2607 132 48 bus.
530 2607 99 48 si
579 2607 115 48 non
645 2607 165 48 videt:
760 2607 132 48 ergo
843 2607 115 48 non
909 2607 148 48 omnia
1007 2607 132 48 nude
1073 2607 165 48 intuetur

443 2648 157 44 contra
553 2648 298 44 praedeterminata
804 2648 94 44 in
851 2648 267 44 distinctione.
1071 2648 141 44 xxxv.
1165 2648 78 44 ⁋
1180 2648 63 44 Ac

436 2688 152 51 primum
542 2688 167 51 dicitur
664 2688 122 51 quod
740 2688 243 51 consequentia
937 2688 228 51 principalis
1119 2688 137 51 nihil
1195 2688 61 51 va

1306 252 123 64 let.
1382 252 92 64 in
1428 252 199 64 infinitum
1582 252 199 64 perfectus
1735 252 107 64 est
1796 252 169 64 aliquis
1919 252 169 64 illorum
2026 252 92 64 mun-

1311 300 131 54 dorum:
1403 300 79 54 et
1442 300 65 54 c
1468 300 157 54 qnolibet
1586 300 144 54 illorum
1691 300 92 54 est
1743 300 196 54 perfectior.
1900 300 118 54 ergoc
1979 300 92 54 est
2018 300 105 54 infini

1299 348 96 46 te
1347 348 223 46 perfectus.
1522 348 239 46 quemadmodum
1713 348 111 46 non
1777 348 207 46 sequitur:
1936 348 96 46 in
1968 348 143 46 infini-

1305 382 108 47 tum
1366 382 201 47 perfectus
1521 382 108 47 est
1583 382 170 47 aliquis
1707 382 186 47 istorum:
1846 382 93 47 et
1893 382 139 47 equus
1970 382 155 47 quolibet

1306 417 153 50 istorum
1418 417 98 50 est
1473 417 209 50 perfectior:
1640 417 111 50 ergo
1710 417 125 50 equus
1794 417 98 50 est
1849 417 167 50 infinite
1961 417 153 50 perfectus

1309 460 124 41 deus
1386 460 124 41 enim
1463 460 155 41 potest
1572 460 139 41 inter
1664 460 139 41 equum
1757 460 77 41 a
1788 460 155 41 asinum
1896 460 201 41 producere
2036 460 77 41 in-

1301 491 155 44 finita
1410 491 218 44 indiuidua:
1581 491 155 44 quorum
1690 491 202 44 quodlibet
1846 491 155 44 asinum
1955 491 93 44 in
1986 491 124 44 perfe-

1299 534 148 48 ctione
1403 534 177 48 exuperet
1535 534 74 48 a
1565 534 162 48 minoris
1683 534 236 48 perfectionis
1875 534 103 48 sit
1934 534 118 48 quam
1993 534 118 48 equus.

1302 568 94 44 hec
1355 568 107 44 enim
1422 568 214 44 consequentia
1596 568 94 44 non
1649 568 120 44 tenet
1730 568 80 44 in
1770 568 120 44 rebus
1850 568 134 44 specie
1930 568 174 44 distinctis.

1303 607 71 48 ⁋
1331 607 85 48 Ad
1374 607 171 48 secundum
1502 607 171 48 dicitur:
1630 607 114 48 quod
1701 607 185 48 quodlibet
1843 607 171 48 creabile
1971 607 71 48 a
1999 607 100 48 deo
2042 607 57 48 de

1307 645 154 45 videt
1410 645 240 45 distincte:
1598 645 154 45 patet
1700 645 120 45 per
1769 645 222 45 ascensum.
1940 645 86 45 ⁋
1957 645 154 45 Secunda

1295 687 242 45 propositio.
1488 687 129 45 deus
1569 687 113 45 non
1633 687 145 45 videt
1730 687 290 45 perfectissimum
1972 687 129 45 quod
2036 687 81 45 po-

1306 725 113 46 test
1377 725 141 46 creare
1475 725 99 46 sic
1532 725 113 46 quod
1603 725 99 46 non
1659 725 141 46 potest
1758 725 141 46 creare
1857 725 212 46 perfectius.
2012 725 99 46 patet

1304 764 107 46 qui
1365 764 152 46 nullum
1471 764 122 46 tale
1547 764 107 46 est
1608 764 152 46 dabile
1715 764 91 46 et
1761 764 107 46 non
1822 764 137 46 videt
1913 764 122 46 deus
1974 764 137 46 impossi

1305 797 139 43 bile.
1397 797 77 43 ⁋
1428 797 155 43 Tertia
1537 797 232 43 propositio.
1723 797 139 43 omnia
1816 797 248 43 producibilia
2017 797 77 43 a
2033 797 77 43 deo

1292 832 125 46 deus
1371 832 157 46 videt:
1480 832 188 46 capiendo
1621 832 141 46 omnia
1715 832 251 46 distributiue
1919 832 78 46 a
1950 832 110 46 non
1997 832 110 46 colle

1296 873 149 49 ctiue.
1400 873 104 49 hoc
1460 873 149 49 liquet
1564 873 89 49 ex
1608 873 149 49 dictis
1713 873 104 49 in.
1772 873 134 49 xvii.
1861 873 238 49 distinctione
2040 873 74 49 hu-

1296 909 120 46 ius.
1371 909 75 46 ⁋
1401 909 195 46 Preterea:
1551 909 90 46 ex
1596 909 105 46 hac
1656 909 195 46 positione
1807 909 180 46 sequitur
1942 909 120 46 quod
2002 909 105 46 inter

1295 944 111 51 duo
1359 944 175 51 extrema
1486 944 159 51 finita
1597 944 159 51 potest
1708 944 159 51 claudi
1819 944 222 51 infinitum:
1978 944 127 51 contra

1296 988 232 41 Aristotelem
1481 988 139 41 primo
1574 988 248 41 Posteriorum.
1775 988 77 41 ⁋
1806 988 248 41 Respondetur:
1992 988 124 41 distin

1299 1028 157 43 guendo
1409 1028 126 43 quod
1488 1028 142 43 inter
1582 1028 110 43 duo
1645 1028 173 43 extrema
1771 1028 157 43 finita
1881 1028 204 43 potclaudi
2023 1028 94 43 infi

1290 1068 135 43 nitum:
1385 1068 95 43 vel
1439 1068 216 43 multitudine:
1615 1068 81 43 et
1655 1068 95 43 sic
1709 1068 189 43 conceditur
1858 1068 162 43 secundum
1979 1068 95 43 dei
2020 1068 81 43 pote

1300 1102 132 42 tiam
1383 1102 231 42 absolutam:
1565 1102 116 42 vel
1631 1102 264 42 magnitudine:
1846 1102 99 42 et
1895 1102 116 42 sic
1945 1102 165 42 negatur.

1295 1135 130 53 deus
1376 1135 130 53 enim
1457 1135 163 53 potest
1571 1135 98 53 in
1620 1135 195 53 qualibet
1766 1135 146 53 parte
1864 1135 244 53 pportionali
2043 1135 65 53 ho

1287 1176 90 44 re
1332 1176 151 44 creare
1438 1176 121 44 vnum
1513 1176 181 44 angelum.
1649 1176 166 44 creetur
1769 1176 75 44 a
1799 1176 90 44 in
1845 1176 136 44 prima
1935 1176 136 44 parte
2011 1176 90 44 pro-

1299 1216 223 43 portionali
1475 1216 128 43 hore
1554 1216 96 43 et
1602 1216 80 43 b
1634 1216 192 43 instanti
1778 1216 239 43 terminatiuo
1969 1216 128 43 hore
2033 1216 80 43 iam

1303 1255 132 39 inter
1391 1255 73 39 a
1420 1255 88 39 et
1464 1255 73 39 b
1494 1255 176 39 infiniti
1625 1255 176 39 creantur
1757 1255 161 39 angeli.
1874 1255 73 39 ⁋
1903 1255 88 39 Si
1947 1255 132 39 dicas
2020 1255 88 39 vnde

1295 1292 127 37 cimo
1375 1292 255 37 confessionum
1582 1292 191 37 capitulo
1725 1292 159 37 tertio
1836 1292 143 37 dicit
1916 1292 191 37 Augustinus

1305 1325 105 52 duo
1365 1325 149 52 domine
1469 1325 164 52 fecisti
1589 1325 120 52 vnum
1664 1325 134 52 prope
1753 1325 105 52 te:
1813 1325 164 52 alterum
1933 1325 134 52 prope
2007 1325 105 52 nihil

1305 1368 123 43 vnum
1382 1368 108 43 quo
1443 1368 185 43 superius
1582 1368 92 43 tu
1628 1368 139 43 esses
1720 1368 169 43 alterum
1843 1368 108 43 quo
1905 1368 185 43 inferius
2028 1368 77 43 nia

1301 1399 97 50 hil
1356 1399 138 50 esset:
1453 1399 166 50 scilicet
1577 1399 166 50 materiam
1702 1399 152 50 primam.
1812 1399 69 50 ⁋
1840 1399 152 50 Insuper
1950 1399 138 50 dabile
2033 1399 69 50 est

1307 1445 112 42 ens
1371 1445 303 42 perfectissimum:
1626 1445 128 42 ergo
1706 1445 159 42 potest
1817 1445 128 42 dari
1897 1445 112 42 ens
1945 1445 159 42 imperfe-

1296 1482 205 42 ctissimum:
1457 1482 88 42 et
1501 1482 103 42 qua
1560 1482 161 42 ratione
1677 1482 146 42 potest
1780 1482 117 42 dari
1853 1482 117 42 nunc
1926 1482 146 42 datur:
2014 1482 88 42 ergo

1293 1514 128 46 non
1366 1514 182 46 potest
1493 1514 182 46 creare
1621 1514 164 46 nouas
1730 1514 219 46 species.
1894 1514 91 46 ⁋
1931 1514 109 46 Ad
1967 1514 146 46 primum

1297 1555 155 41 istorum
1410 1555 155 41 dicitur
1523 1555 113 41 quod
1593 1555 169 41 loquitur
1720 1555 85 41 de
1762 1555 141 41 facto:
1861 1555 141 41 potest
1960 1555 113 41 enim
2016 1555 85 41 crea

1295 1595 96 48 re
1343 1595 192 48 materiam
1487 1595 192 48 alterius
1631 1595 176 48 speciei
1758 1595 256 48 perfectiorem
1966 1595 144 48 ista:
2046 1595 64 48 et

1306 1628 203 47 fortasse
1458 1628 135 47 vnam
1543 1628 169 47 formam
1661 1628 304 47 imperfectiorem
1915 1628 135 47 ista
1983 1628 118 47 mate-

1298 1671 130 41 ris.
1379 1671 81 41 ⁋
1411 1671 97 41 Ad
1460 1671 195 41 secundum
1606 1671 179 41 negatur
1736 1671 276 41 consequentia.
1964 1671 146 41 datur
2045 1671 65 41 ma

1292 1710 141 43 ximum
1386 1710 156 43 corpus
1496 1710 125 43 quod
1574 1710 156 43 potest
1683 1710 141 43 esse.
1777 1710 141 43 patet
1871 1710 94 43 de
1917 1710 141 43 corpe
1996 1710 109 43 infia

1288 1747 133 43 nito
1372 1747 250 43 vndiquaque.
1572 1747 117 43 non
1638 1747 167 43 quidem
1755 1747 183 43 maximum
1888 1747 100 43 in
1922 1747 183 43 entitater

1292 1778 111 53 sed
1356 1778 95 53 in
1403 1778 238 53 extensione.
1594 1778 111 53 sed
1657 1778 111 53 non
1721 1778 143 53 datur
1816 1778 175 53 minimum
1943 1778 95 53 in
1975 1778 127 53 exten-

1296 1820 152 45 sione.
1402 1820 76 45 ⁋
1432 1820 167 45 Amplius
1553 1820 197 45 arguitur.
1705 1820 212 45 sequeretur
1872 1820 121 45 quod
1947 1820 121 45 deus
2008 1820 91 45 pro-

1300 1857 157 44 duxit
1404 1857 174 44 mundum
1526 1857 244 44 ignobilem.
1718 1857 174 44 contra
1840 1857 157 44 illud
1927 1857 174 44 Geneseos

1305 1899 156 42 primo.
1414 1899 140 42 Vidit
1508 1899 125 42 deus
1586 1899 156 42 cuncta
1695 1899 109 42 que
1757 1899 156 42 fecit:
1866 1899 93 42 et
1913 1899 140 42 erant
1991 1899 109 42 valde

1303 1935 135 47 bona:
1393 1935 150 47 patet:
1498 1935 120 47 quia
1573 1935 165 47 poterat
1693 1935 210 47 produxisse
1857 1935 150 47 mundum
1947 1935 165 47 meliorem.

1303 1969 74 50 ⁋
1333 1969 163 50 Rursus:
1451 1969 119 50 deus
1526 1969 148 50 potest
1629 1969 148 50 creare
1733 1969 163 50 aliquid
1852 1969 133 50 inter
1941 1969 163 50 hominem
2045 1969 59 50 ei

1305 2012 119 48 equum
1384 2012 158 48 alterius
1503 2012 145 48 speciei
1608 2012 79 48 ab
1648 2012 145 48 vtroque
1753 2012 158 48 illorum:
1872 2012 145 48 dicatur
1977 2012 119 48 illud
2056 2012 66 48 a
2069 2012 40 48 /

1299 2045 67 52 a
1325 2045 148 52 excedit
1433 2045 108 52 equu
1500 2045 81 52 in
1540 2045 215 52 perfectione:
1715 2045 108 52 ergo
1782 2045 134 52 potest
1877 2045 134 52 diuidi
1971 2045 81 52 in
1997 2045 108 52 equale

1302 2087 118 46 equo
1376 2087 74 46 a
1406 2087 89 46 in
1450 2087 192 46 excessum.
1597 2087 192 46 separetur
1745 2087 118 46 ille
1819 2087 177 46 excessus
1951 2087 103 46 iam
1996 2087 103 46 dabit

1301 2124 70 45 a
1329 2124 168 45 alterius
1455 2124 154 45 speciei
1567 2124 84 45 ab
1609 2124 112 45 equo
1679 2124 154 45 equalis
1790 2124 224 45 perfectionis
1972 2124 98 45 cum
2014 2124 84 45 eque

1302 2163 75 47 ⁋
1332 2163 90 47 Ad
1377 2163 149 47 primum
1481 2163 134 47 nego:
1571 2163 120 47 quod
1646 2163 120 47 deus
1720 2163 179 47 produxit
1855 2163 149 47 mundum
1945 2163 164 47 ignobilem

1307 2198 115 43 immo
1379 2198 187 43 pulchrum:
1522 2198 130 43 patet
1609 2198 86 43 ex
1652 2198 130 43 tanta
1738 2198 187 43 varietate
1882 2198 86 43 in
1925 2198 130 43 celis
1997 2198 101 43 circa

1305 2237 187 46 planetas
1446 2237 218 46 erraticos:
1617 2237 172 46 stellas
1742 2237 156 46 fixas:
1851 2237 156 46 varios
1961 2237 140 46 motus
2039 2237 62 46 si

1300 2278 183 46 multaneos
1441 2278 85 46 ab
1483 2278 155 46 oriente
1596 2278 85 46 in
1638 2278 212 46 occidentem:
1808 2278 85 46 et
1850 2278 141 46 contra
1935 2278 169 46 superpolos

1299 2315 147 43 zodiaci
1405 2315 80 43 et
1445 2315 120 43 super
1525 2315 120 43 polos
1605 2315 133 43 mundi.
1699 2315 93 43 hoc
1752 2315 120 43 patet
1832 2315 120 43 etiam
1912 2315 80 43 in
1952 2315 120 43 istis
2019 2315 80 43 infe

1309 2353 187 44 rioribus:
1452 2353 101 44 ita
1510 2353 115 44 quod
1582 2353 187 44 magnitudo
1725 2353 129 44 cause
1812 2353 158 44 relucet
1927 2353 86 44 in
1970 2353 101 44 suo
2013 2353 86 44 effe

1297 2394 101 46 ctu
1354 2394 230 46 nobilissimo.
1541 2394 173 46 secundum
1671 2394 129 46 illud
1757 2394 115 46 Job.
1829 2394 86 46 v.
1872 2394 101 46 Qui
1929 2394 129 46 facit
2001 2394 101 46 magna

1306 2430 82 48 et
1347 2430 234 48 inscrutabilia
1540 2430 82 48 et
1581 2430 179 48 mirabilia
1718 2430 137 48 absque
1815 2430 151 48 nunero.
1924 2430 96 48 qui
1979 2430 96 48 dat
2021 2430 82 48 pluu

1307 2465 109 41 uiam
1375 2465 122 41 super
1457 2465 150 41 terram:
1566 2465 82 41 et
1607 2465 150 41 irrigat
1716 2465 122 41 aquis
1797 2465 177 41 vniuersa.
1933 2465 95 41 non
1988 2465 109 41 quin
2042 2465 68 41 in-

1304 2500 167 51 finitos
1425 2500 182 51 effectus
1561 2500 182 51 meliores
1698 2500 152 51 potest
1804 2500 212 51 producere.
1971 2500 76 51 ⁋
2001 2500 91 51 Et
2031 2500 76 51 re-

1305 2538 170 55 fellitur
1432 2538 199 55 argumentum
1588 2538 85 55 in
1631 2538 213 55 aduersarios
1801 2538 99 55 qui
1858 2538 99 55 non
1915 2538 170 55 negarent
2028 2538 85 55 quin

1305 2580 147 45 posset
1408 2580 192 45 producere
1556 2580 147 45 mundum
1659 2580 177 45 secundum
1792 2580 192 45 quodlibet
1924 2580 177 45 indiuiduum

1307 2621 179 46 pulchrius
1445 2621 262 46 accidentaliter.
1665 2621 96 46 Nec
1720 2621 124 46 valet
1803 2621 138 46 dicere
1899 2621 110 46 quod
1968 2621 110 46 tunc
2023 2621 83 46 vni-

1303 2654 140 46 uersum
1401 2654 98 46 non
1457 2654 126 46 esset
1541 2654 196 46 pulchrius:
1695 2654 84 46 vt
1737 2654 84 46 si
1779 2654 126 46 esset
1863 2654 154 46 optimus
1975 2654 126 46 color
2045 2654 56 46 in

1305 2692 155 59 pariete
1418 2692 99 59 non
1474 2692 141 59 tantum
1572 2692 155 59 decoris
1685 2692 169 59 afferret
1812 2692 197 59 aspicienti
1966 2692 127 59 sicut
2037 2692 56 59 va
