2415 3298
256 267 154 51 rietas
363 267 184 51 colorum.
501 267 77 51 ⁋
532 267 108 51 hoc
594 267 154 51 inquam
701 267 108 51 non
763 267 138 51 valet
855 267 123 51 quia
932 267 138 51 esset
1009 267 61 51 va

271 311 140 46 rietas
369 311 196 46 sufficiens
522 311 84 46 in
564 311 126 46 rebus
648 311 182 46 productis
788 311 112 46 dato
858 311 112 46 quod
913 311 154 46 accidenta

277 346 136 52 liter
367 346 151 52 essent
473 346 256 52 perfectiores.
684 346 75 52 ⁋
714 346 90 52 Ad
759 346 181 52 secundum
895 346 166 52 dicitur
1001 346 75 52 con

272 383 162 49 cedendo
390 383 118 49 quod
463 383 73 49 a
493 383 162 49 excedit
610 383 132 49 equum
699 383 88 49 in
743 383 235 49 perfectione:
934 383 103 49 sed
978 383 88 49 nego

276 420 110 54 quod
345 420 138 54 potest
441 420 138 54 diuidi
538 420 83 54 in
579 420 138 54 equale
676 420 110 54 equo
744 420 69 54 a
772 420 83 54 in
813 420 179 54 excessum.
951 420 96 54 hoc
992 420 83 54 enim

280 457 107 48 non
341 457 137 48 tenet
432 457 92 48 in
478 457 137 48 rebus
570 457 214 48 diuersarum
737 457 214 48 specierum.
905 457 137 48 signo
981 457 92 48 vnam

279 491 199 51 superbiam
432 491 138 51 malam
524 491 92 51 vt
570 491 184 51 quattuor
708 491 107 51 cum
769 491 107 51 vno
831 491 169 51 veniali
953 491 107 51 cum
999 491 77 51 ea:

277 531 125 47 signo
360 531 125 47 aliam
444 531 180 47 superbiam
582 531 208 47 intensiorem
749 531 111 47 illa
818 531 250 47 quantunmcunque
1013 531 69 47 vo-

278 566 149 55 lueris:
387 566 149 55 ducatur
495 566 162 55 binarius
616 566 81 55 ex
657 566 162 55 superbia
779 566 135 55 priori
873 566 149 55 mortali
981 566 81 55 et
1008 566 68 55 ve-

281 606 111 51 niali
355 606 62 51 a
380 606 62 51 /
404 606 74 51 et
441 606 99 51 alia
503 606 161 51 superbiab
627 606 62 51 /
652 606 87 51 iam
701 606 62 51 b
726 606 87 51 est
775 606 111 51 peior
849 606 62 51 a
874 606 62 51 /
899 606 74 51 et
936 606 87 51 non
973 606 99 51 potest

281 641 114 50 dari
352 641 172 50 excessus
481 641 100 50 quo
538 641 71 50 b
567 641 71 50 /
595 641 157 50 excedit
710 641 71 50 a
738 641 86 50 et
781 641 186 50 equalitas
910 641 157 50 copulatim

270 679 117 52 Quod
343 679 131 52 nulla
431 679 117 52 pars
504 679 73 52 b
533 679 102 52 est
591 679 160 52 equalis
708 679 73 52 a
737 679 146 52 patet:
839 679 102 52 non
897 679 175 52 superbia
1014 679 58 52 vt

300 715 156 52 uattuor:
417 715 104 52 quia
482 715 65 52 a
508 715 91 52 est
560 715 117 52 peior
638 715 117 52 illa.
716 715 78 52 et
755 715 78 52 si
794 715 143 52 dederis
898 715 143 52 aliquam
989 715 78 52 par-

280 750 98 51 tem
336 750 209 51 intensiorem
503 750 112 51 quam
573 750 84 51 vt
615 750 167 51 quattuor
740 750 98 51 iam
796 750 112 51 illa
866 750 167 51 includit
977 750 98 51 exces

277 791 106 50 sum
337 791 197 50 mortalem:
489 791 121 50 modo
564 791 197 50 quodlibet
715 791 166 50 mortale
836 791 106 50 est
897 791 136 50 peius
987 791 91 50 in
1018 791 60 50 in

280 825 174 54 dignitate
413 825 107 54 quam
480 825 160 54 veniale:
600 825 80 54 et
640 825 107 54 dato
707 825 107 54 quod
774 825 147 54 veniale
881 825 67 54 a
907 825 147 54 mortale
1001 825 80 54 sint

280 863 158 48 eiusdem
395 863 158 48 speciei
510 863 216 48 entitatiue:
682 863 173 48 peccatum
812 863 158 48 mortale
927 863 101 48 est
984 863 86 48 in
1013 863 72 48 in-

277 909 155 42 finitum
389 909 127 42 peius
474 909 84 42 in
516 909 155 42 ratione
629 909 169 42 offense:
755 909 113 42 nolo
826 909 127 42 tamen
910 909 141 42 dicere
995 909 84 42 quod

282 944 182 43 cuilibet
418 944 167 43 mortali
540 944 197 43 intensior
691 944 121 43 pena
767 944 197 43 gradualis
903 944 167 43 correspon

270 973 120 54 deat
345 973 120 54 quam
421 973 120 54 huic
496 973 181 54 veniali.
631 973 75 54 ⁋
661 973 105 54 Sed
722 973 151 54 contra
827 973 226 54 probationem
993 973 75 54 pri

283 1011 82 47 me
324 1011 218 47 conclusionis
501 1011 163 47 arguitur
623 1011 109 47 sic.
691 1011 95 47 due
746 1011 122 47 anime
827 1011 218 47 intellectiue
990 1011 82 47 sunt

281 1046 249 56 perfectiores
484 1046 109 56 vna
546 1046 140 56 anima
639 1046 265 56 intellectiua.
857 1046 124 56 ergo
919 1046 156 56 probatio

280 1087 137 47 nulla.
376 1087 192 47 antecedens
527 1087 137 47 patet.
623 1087 110 47 homo
692 1087 96 47 est
747 1087 192 47 perfectior
898 1087 96 47 sua
953 1087 123 47 anima
1021 1087 55 47 in

278 1123 205 50 tellectiua:
442 1123 109 50 quia
511 1123 164 50 quicquid
634 1123 219 50 perfectionis
812 1123 96 50 est
866 1123 82 50 in
907 1123 123 50 anima
989 1123 123 50 illud

271 1161 98 50 est
327 1161 84 50 in
369 1161 139 50 homie:
466 1161 84 50 et
508 1161 153 50 aliquid
620 1161 139 50 aliud:
717 1161 153 50 materia
829 1161 153 50 aliquid
927 1161 153 50 perfectio

270 1201 108 46 nis
331 1201 201 46 includit.
486 1201 77 46 ⁋
517 1201 124 46 Item
594 1201 139 46 sicut
687 1201 124 46 omne
764 1201 139 46 totum
857 1201 108 46 est
918 1201 139 46 maius
996 1201 77 46 en-

271 1231 174 53 titatiue
402 1231 102 53 sua
460 1231 145 53 parte:
562 1231 102 53 ita
620 1231 189 53 quodlibet
765 1231 131 53 totum
852 1231 203 53 diuersarum
997 1231 73 53 ra-

277 1271 151 52 tionum
383 1271 106 52 est
443 1271 212 52 perfectius
609 1271 151 52 altera
715 1271 181 52 partium.
851 1271 91 52 et
897 1271 151 52 vltra:
987 1271 91 52 homo

277 1313 98 41 est
333 1313 195 41 perfectior
486 1313 126 41 anima
570 1313 98 41 sua
626 1313 84 41 et
668 1313 223 41 imperfectior
849 1313 139 41 duabus
933 1313 139 41 animabus

277 1346 109 48 Quod
345 1346 136 48 partet
440 1346 217 48 demonstrando
617 1346 163 48 binarium
739 1346 163 48 animarum
861 1346 95 48 vna
915 1346 149 48 illarum
1010 1346 68 48 est

274 1382 92 48 ita
327 1382 158 48 perfecta
445 1382 119 48 sicut
525 1382 119 48 anima
604 1382 158 48 hominis:
723 1382 79 48 et
762 1382 132 48 altera
855 1382 119 48 anima
934 1382 92 48 est
974 1382 92 48 perfe

277 1417 137 49 ctior
368 1417 167 49 materia
489 1417 167 49 homins:
611 1417 121 49 ergo
687 1417 121 49 iste
762 1417 182 49 binarius
899 1417 167 49 (duabus
1005 1417 76 49 ani

286 1461 124 41 mabus
369 1461 234 41 demonstrantis
561 1461 82 41 )/
602 1461 96 41 est
657 1461 192 41 perfectior
808 1461 151 41 homine.
918 1461 96 41 Nam
959 1461 124 41 alioqui

282 1498 174 40 binarius
413 1498 131 40 vnius
501 1498 145 40 homins
602 1498 87 40 et
646 1498 131 40 vnius
733 1498 116 40 equi
806 1498 102 40 non
864 1498 102 40 est
908 1498 174 40 perfectior

279 1532 141 47 binario
382 1532 141 47 homnins
484 1532 77 47 at
522 1532 128 47 asini:
612 1532 102 47 tunc
676 1532 102 47 sic.
740 1532 102 47 iste
804 1532 154 47 binarius
919 1532 128 47 duarum
996 1532 77 47 ani-

272 1570 118 40 marum
351 1570 92 40 est
403 1570 184 40 perfectior
547 1570 92 40 hoc
600 1570 131 40 homine
692 1570 144 40 creato:
797 1570 79 40 et
836 1570 92 40 hec
888 1570 118 40 anima
967 1570 92 40 non
1006 1570 66 40 est

287 1610 186 48 perfectior
433 1610 93 48 hoc
486 1610 146 48 homine:
592 1610 106 48 ergo
658 1610 93 48 hec
711 1610 119 48 anima
790 1610 93 48 non
843 1610 93 48 est
896 1610 106 48 eque
949 1610 133 48 perfecta

287 1647 109 46 cum
350 1647 156 46 duabus
459 1647 202 46 animabus.
614 1647 78 46 ⁋
646 1647 187 46 Preterea
786 1647 109 46 per
848 1647 202 46 articulum
988 1647 78 46 pr-

282 1683 172 44 risiensem
414 1683 132 44 dicere
507 1683 132 44 animam
599 1683 106 44 iude
666 1683 106 44 esse
732 1683 93 44 ita
785 1683 159 44 perfecta
904 1683 119 44 sicut
970 1683 106 44 animam

303 1719 192 46 Cchristim
450 1719 133 46 puris
539 1719 221 46 naturalibus
716 1719 103 46 est
775 1719 147 46 error:
878 1719 88 46 et
922 1719 133 46 tamen
996 1719 88 46 sunt

288 1750 155 52 eiusdem
401 1750 170 52 speciei:
528 1750 113 52 ergo
599 1750 99 52 non
655 1750 198 52 inconuenit
811 1750 113 52 dare
881 1750 99 52 duo
924 1750 155 52 indiuidua

285 1794 167 48 eiusdem
407 1794 167 48 speciei
528 1794 228 48 inequaliter
711 1794 198 48 perfecta.
863 1794 76 48 ⁋
893 1794 167 48 Insuper
1000 1794 76 48 de-

281 1826 226 49 monstremus
459 1826 81 49 a
491 1826 210 49 albedinem
653 1826 97 49 ex
701 1826 113 49 vna
766 1826 146 49 parte
863 1826 146 49 vnius
944 1826 129 49 gradus

282 1870 78 42 et
321 1870 170 42 albedinem
452 1870 78 42 vt
491 1870 91 42 duo
543 1870 65 42 b
569 1870 105 42 etc.
635 1870 65 42 ⁋
661 1870 157 42 Arguitur
778 1870 91 42 sic
831 1870 65 42 b
857 1870 91 42 est
909 1870 91 42 ita
948 1870 131 42 perfecta

290 1904 127 46 sicut
374 1904 70 46 a
403 1904 85 46 et
445 1904 113 46 cest
515 1904 183 46 equaliter
656 1904 169 46 perfecta
783 1904 127 46 sicut
868 1904 85 46 a.
910 1904 113 46 ergo
966 1904 113 46 duplex

282 1948 170 41 perfectio
412 1948 91 41 est
465 1948 78 41 in
504 1948 65 41 b
530 1948 78 41 et
569 1948 91 41 cad
621 1948 78 41 a:
660 1948 78 41 et
700 1948 91 41 sic
752 1948 78 41 si
791 1948 117 41 esset
869 1948 157 41 infinita
974 1948 104 41 albedo

280 1983 179 38 intensiue
418 1983 110 38 illa
487 1983 96 38 est
542 1983 165 38 infinite
665 1983 193 38 perfectior
817 1983 83 38 a:
858 1983 83 38 et
899 1983 124 38 tamen
968 1983 110 38 albedo

273 2017 181 47 infinita
409 2017 90 47 in
454 2017 136 47 gradu
544 2017 90 47 et
590 2017 75 47 a
620 2017 121 47 sunt
695 2017 166 47 eiusdem
816 2017 181 47 speciei.
951 2017 75 47 ⁋
966 2017 121 47 Simili

280 2054 98 46 ter
336 2054 155 46 dualita
449 2054 84 46 vb
491 2054 98 46 etc
547 2054 98 46 est
603 2054 155 46 eiusdem
716 2054 155 46 speciei
828 2054 239 46 specialissime
1011 2054 70 46 cum

275 2096 98 40 a.
324 2096 82 40 ⁋
356 2096 98 40 Ad
405 2096 163 40 primum
520 2096 131 40 nego
601 2096 196 40 assumptu
748 2096 131 40 homo
830 2096 114 40 est
879 2096 196 40 perfectior

285 2128 82 46 sua
332 2128 105 46 anima
402 2128 70 46 et
437 2128 128 46 binario
530 2128 140 46 animarum
635 2128 70 46 et
670 2128 152 46 ternario:
787 2128 70 46 et
822 2128 187 46 consequentia
962 2128 117 46 assumpta

289 2165 86 43 ad
332 2165 186 43 probandum
475 2165 172 43 binarium
603 2165 157 43 aimarum
718 2165 114 43 esse
789 2165 229 43 perfectiorem
961 2165 114 43 homins

285 2208 108 36 non
346 2208 139 36 valet
439 2208 154 36 quando
547 2208 124 36 ille
624 2208 108 36 res
686 2208 232 36 demonstrate
871 2208 93 36 in
902 2208 170 36 anteceden

277 2237 83 47 te
319 2237 111 47 sunt
388 2237 152 47 eiusdem
498 2237 166 47 speciei:
623 2237 124 47 secus
706 2237 97 47 est
761 2237 83 47 de
803 2237 221 47 comparatione
968 2237 111 47 assum-

286 2275 98 49 pta
342 2275 84 49 de
384 2275 139 49 homine
481 2275 84 49 et
523 2275 112 49 equo
593 2275 167 49 respectu
718 2275 139 49 homins
816 2275 84 49 at
858 2275 139 49 asini.
955 2275 70 49 ⁋
983 2275 84 49 Ad
1011 2275 70 49 se-

285 2311 124 47 cundum
371 2311 74 47 de
409 2311 112 47 anima
483 2311 136 47 Christi
582 2311 74 47 et
619 2311 112 47 anima
694 2311 99 47 iude
756 2311 87 47 non
806 2311 87 47 est
855 2311 211 47 intelligibile
1016 2311 50 47 co

289 2343 97 49 vna
345 2343 125 49 anima
428 2343 236 49 indiuisibilis
622 2343 139 49 eiusde
719 2343 152 49 speciei
830 2343 236 49 specialissime
1010 2343 69 49 cum

287 2387 111 40 alia
357 2387 97 40 sit
412 2387 111 40 alia
481 2387 194 40 perfectior
634 2387 194 40 entitatiue
787 2387 97 40 seu
828 2387 250 40 substantialiter.

286 2425 112 43 Quod
356 2425 126 43 anima
441 2425 225 43 intellectiua
623 2425 98 43 sit
679 2425 253 43 indiuisibilis.
890 2425 126 43 patet
975 2425 112 43 quia
1031 2425 42 43 s

287 2460 176 45 haberet
415 2460 160 45 partes
526 2460 176 45 eiusdem
654 2460 207 45 rationis:
814 2460 128 45 tunc
893 2460 160 45 plures
989 2460 96 45 ani-

271 2505 88 35 me
315 2505 162 35 possunt
433 2505 147 35 facere
536 2505 118 35 vnam
610 2505 147 35 animam
713 2505 133 35 sicut
801 2505 147 35 plures
904 2505 147 35 gradus
993 2505 88 35 for-

278 2540 109 40 ime
341 2540 248 40 accidentalis
542 2540 202 40 componunt
697 2540 124 40 vnam
775 2540 155 40 formam
883 2540 109 40 vel
930 2540 155 40 compone-

284 2570 80 47 re
324 2570 160 47 possunt:
444 2570 107 47 quod
511 2570 94 47 non
564 2570 187 47 admittitur
711 2570 67 47 ⁋
738 2570 134 47 Potest
831 2570 107 47 dici
898 2570 107 47 quod
952 2570 120 47 articum

277 2609 103 39 lus
336 2609 236 39 intelligitur
528 2609 88 39 de
572 2609 206 39 nobilitate
734 2609 147 39 maiori
837 2609 103 39 per
896 2609 177 39 virtutes
1014 2609 59 39 et

281 2641 170 43 scientias
412 2641 209 43 beatitudinem
582 2641 79 43 et
621 2641 157 43 similia:
739 2641 92 43 vel
791 2641 105 43 quia
857 2641 183 43 sublimatur
1001 2641 65 43 a
1014 2641 65 43 per

269 2683 135 47 sona
354 2683 169 47 diuina
472 2683 119 47 per
540 2683 186 47 vnionan
676 2683 288 47 hypostaticam.
913 2683 85 47 ⁋
947 2683 119 47 Sed
997 2683 85 47 con

1131 252 99 63 tra:
1192 252 87 63 hoc
1242 252 87 63 non
1291 252 87 63 est
1341 252 74 63 ad
1378 252 185 63 intentionem
1526 252 161 63 articuli:
1650 252 124 63 nullus
1737 252 99 63 enim
1786 252 136 63 theologus

1136 301 85 42 de
1178 301 99 42 hoc
1235 301 185 42 dubitauit
1377 301 85 42 vt
1420 301 128 42 patet
1505 301 156 42 capite.
1619 301 128 42 viii.
1704 301 99 42 hec
1761 301 114 42 sunt
1817 301 114 42 verba-

1117 336 187 45 articuli.
1260 336 230 45 inconueniens
1447 336 101 45 est
1505 336 144 45 ponere
1606 336 129 45 alios
1692 336 216 45 intellectus
1850 336 72 45 no-

1130 379 167 39 biliores
1255 379 139 39 aliis:
1352 379 111 39 quia
1422 379 97 39 cum
1477 379 111 39 ista
1547 379 195 39 diuersitas
1700 379 97 39 non
1755 379 139 39 potest
1839 379 83 39 csse

1118 414 84 38 ex
1160 414 126 38 parte
1244 414 182 38 corporum:
1385 414 154 38 oportet
1497 414 112 38 quod
1567 414 98 38 sit
1623 414 84 38 er
1665 414 126 38 parte
1736 414 182 38 intelligen-

1130 451 155 43 tiarum:
1242 451 84 43 et
1285 451 98 43 sic
1341 451 126 43 anime
1425 451 155 43 nobiles
1537 451 84 43 et
1580 451 183 43 ignobiles
1720 451 141 43 essent
1805 451 126 43 necessa

1130 488 94 45 rio
1183 488 189 45 diuersarum
1332 488 175 45 specierum
1467 488 121 45 sicut
1548 488 243 45 intelligentie:
1750 488 135 45 error.
1831 488 81 45 quia

1121 529 104 43 sic
1180 529 133 43 anima
1269 529 207 43 Christinon
1432 529 133 43 esset
1521 529 178 43 nobilior
1654 529 133 43 anima
1743 529 133 43 iude.
1832 529 74 43 ⁋
1847 529 74 43 Re-

1131 563 172 40 spondetur
1263 563 146 40 negando
1369 563 106 40 quod
1436 563 146 40 solutio
1542 563 106 40 data
1608 563 93 40 non
1661 563 186 40 sufficiat:
1794 563 119 40 articum

1132 602 98 42 lus
1188 602 112 42 enim
1258 602 112 42 bene
1328 602 126 42 dicit
1412 602 140 42 animam
1510 602 154 42 Christi
1621 602 112 42 esse
1691 602 196 42 nobiliorem
1831 602 84 42 ani-

1132 636 88 44 ma
1176 636 118 44 iude
1250 636 74 44 e
1279 636 118 44 illa
1353 636 191 44 nobilitas
1500 636 103 44 non
1559 636 177 44 prouenit
1691 636 88 44 ex
1721 636 191 44 differentia

1127 673 188 40 specifica
1271 673 101 40 nec
1329 673 87 40 er
1372 673 130 40 parte
1459 673 188 40 corporum:
1604 673 101 40 sed
1662 673 101 40 non
1720 673 174 40 sequitur
1835 673 87 40 pro-

1124 710 137 50 pterea
1220 710 110 50 quod
1289 710 96 50 est
1344 710 164 50 nobilior
1467 710 123 50 anima
1549 710 110 50 iude
1618 710 274 50 substantialiter:
1850 710 96 50 sed

1122 752 84 39 est
1170 752 144 39 fallacia
1278 752 204 39 consequentis:
1446 752 72 39 et
1482 752 132 39 dicitur
1579 752 96 39 quod
1639 752 120 39 nullus
1723 752 108 39 bonus
1783 752 132 39 theologus

1129 784 87 43 de
1173 784 102 43 hoc
1231 784 175 43 dubitat:
1362 784 102 43 sed
1421 784 146 43 contra
1523 784 131 43 tales
1610 784 102 43 non
1668 784 218 43 fabricantur
1829 784 87 43 arti

1123 820 137 43 culi:
1214 820 107 43 sed
1275 820 153 43 contra
1382 820 107 43 non
1443 820 122 43 bene
1519 820 214 43 capientes.
1687 820 76 43 ⁋
1718 820 168 43 Insuper
1824 820 92 43 vnus

1123 858 118 39 homo
1197 858 163 39 eiusdem
1316 858 163 39 speciei
1434 858 104 39 cum
1493 858 118 39 alio
1567 858 104 39 est
1626 858 89 39 eo
1671 858 222 39 ingeniosior
1848 858 74 39 a
1863 858 59 39 ha

1122 892 109 49 bet
1185 892 171 49 meliora
1309 892 218 49 naturalia:
1480 892 93 49 vt
1526 892 155 49 molles
1635 892 140 49 carne
1728 892 124 49 sunt
1806 892 124 49 apti
1868 892 78 49 mem

1128 930 82 46 te:
1175 930 128 46 secundo
1268 930 70 46 de
1303 930 117 46 anima:
1385 930 82 46 sic
1431 930 105 46 forre
1501 930 152 46 articulus
1618 930 163 46 intelligit
1746 930 93 46 quod
1804 930 82 46 vna
1839 930 82 46 anima

1129 963 152 45 eiusdem
1240 963 152 45 speciei
1351 963 97 45 cum
1406 963 111 45 alia
1476 963 208 45 splendidius
1642 963 125 45 capit
1725 963 111 45 quam
1794 963 111 45 alia
1850 963 69 45 vel

1129 1006 95 45 per
1184 1006 122 45 lumem
1265 1006 163 45 naturale
1388 1006 204 45 concreatum:
1551 1006 82 45 et
1592 1006 109 45 sine
1660 1006 95 45 eo.
1714 1006 122 45 Sicut
1782 1006 136 45 secundum

1129 1041 153 43 coniter
1240 1041 180 43 loquentes
1379 1041 194 43 requiritur
1532 1041 125 43 lumem
1615 1041 139 43 glorie
1712 1041 83 43 ad
1754 1041 125 43 clare
1823 1041 97 43 videm

1128 1077 98 45 dum
1184 1077 126 45 deum:
1268 1077 84 45 et
1310 1077 98 45 sic
1366 1077 98 45 duo
1422 1077 154 45 homines
1535 1077 168 45 habentes
1661 1077 154 45 corpora
1773 1077 154 45 equalia
1871 1077 56 45 in

1125 1112 210 44 equaliter
1286 1112 193 44 caperent
1431 1112 161 44 equali
1544 1112 145 44 opera
1641 1112 210 44 adhibita.
1802 1112 113 44 Qui
1850 1112 81 44 po-

1125 1156 124 42 nunt
1202 1156 232 42 intellectum
1388 1156 186 42 accidens
1527 1156 139 42 anime
1620 1156 186 42 inherens
1760 1156 170 42 possunt
1868 1156 62 42 fa

1123 1190 123 45 cile
1200 1190 231 45 respondere:
1385 1190 108 45 sed
1447 1190 108 45 hoc
1508 1190 108 45 non
1570 1190 170 45 ponimus
1694 1190 108 45 sed
1755 1190 139 45 ipsum
1832 1190 93 45 idem

1122 1227 184 38 tificatum
1263 1227 99 38 cum
1320 1227 127 38 anima
1405 1227 184 38 realiter:
1547 1227 142 38 animam
1646 1227 212 38 intellectum
1816 1227 85 38 et
1844 1227 71 38 vo-

1129 1266 176 40 luntatem
1261 1266 176 40 dicimus:
1393 1266 117 40 ergo
1466 1266 102 40 non
1524 1266 102 40 est
1583 1266 176 40 intentio
1715 1266 176 40 articuli
1832 1266 102 40 dice-

1116 1297 113 44 cere
1186 1297 141 44 animam
1285 1297 155 44 Christi
1398 1297 226 44 perfectiorem
1581 1297 113 44 esse
1652 1297 127 44 anima
1737 1297 113 44 iude
1793 1297 141 44 substan-

1135 1340 168 47 tialiter
1261 1340 98 47 nec
1317 1340 140 47 intend
1414 1340 112 47 ebat
1484 1340 112 47 suos
1554 1340 168 47 obligare
1680 1340 84 47 ad
1722 1340 140 47 illud:
1819 1340 98 47 cum
1861 1340 70 47 opi

1128 1377 167 50 positum
1249 1377 91 50 in
1295 1377 106 50 hoc
1355 1377 152 50 studio
1462 1377 212 50 communiter
1613 1377 167 50 teneatur.

1122 1427 104 65 ⁋
1164 1427 186 65 Verum
1288 1427 145 65 hic
1371 1427 124 65 ab
1433 1427 145 65 eis
1516 1427 290 65 responderi
1723 1427 207 65 deposcor

1123 1487 137 55 eur
1202 1487 196 55 dicunt
1339 1487 137 55 rem
1418 1487 216 55 aliquam
1575 1487 157 55 siue
1673 1487 177 55 etiam
1771 1487 157 55 rerum.

1236 1537 69 56 ⁋
1264 1537 249 56 Distinctionis.
1471 1537 152 56 xliiii.
1582 1537 152 56 questio
1679 1537 138 56 secunda.

1277 1574 81 61 i
1309 1574 129 61 Irca
1390 1574 129 61 hanc
1471 1574 275 61 distinctionem
1681 1574 243 61 quadragesimam

1276 1623 167 48 quartam
1397 1623 91 48 in
1443 1623 106 48 qua
1503 1623 182 48 Magister
1640 1623 182 48 loquitur
1776 1623 91 48 de
1807 1623 121 48 poten-

1255 1658 138 43 catia
1347 1658 122 43 dei:
1423 1658 168 43 secundo
1545 1658 138 43 quero
1637 1658 168 43 aliquas
1744 1658 184 43 questiones

1258 1700 99 40 et.
1314 1700 85 40 de
1357 1700 183 40 infinito.
1498 1700 71 40 ⁋
1526 1700 127 40 Primo
1611 1700 85 40 an
1653 1700 99 40 sit
1709 1700 113 40 nunc
1780 1700 99 40 vel
1836 1700 85 40 an
1865 1700 56 40 da

1282 1731 87 50 ri
1325 1731 145 50 potest
1426 1731 174 50 secundum
1556 1731 159 50 naturam
1672 1731 159 50 aliquod
1788 1731 116 50 actu
1846 1731 72 50 inf

1134 1767 168 39 nitumus.
1260 1767 70 39 ⁋
1288 1767 154 39 Secundo
1399 1767 126 39 quero
1483 1767 84 39 an
1525 1767 168 39 implicet
1651 1767 265 39 contradictionem
1860 1767 70 39 in-

1122 1806 162 43 finitum
1240 1806 133 43 posse
1329 1806 74 43 a
1358 1806 103 43 deo
1417 1806 177 43 produci:
1550 1806 74 43 ⁋
1580 1806 148 43 Tertio
1683 1806 148 43 queram
1786 1806 89 43 de
1816 1806 103 43 motui

1129 1840 190 43 corporis
1272 1840 206 43 infinitis
1430 1840 79 43 ⁋
1462 1840 158 43 Quarto
1573 1840 158 43 queram
1683 1840 95 43 an
1731 1840 143 43 omnis
1810 1840 111 43 forma

1136 1877 159 48 infinita
1255 1877 93 48 sit
1308 1877 159 48 infinite
1427 1877 146 48 actiua:
1533 1877 66 48 ⁋
1560 1877 133 48 Quinto
1653 1877 80 48 an
1692 1877 106 48 deus
1759 1877 93 48 est
1798 1877 133 48 infiniti

1137 1920 174 43 vigoriss
1268 1920 73 43 ⁋
1297 1920 102 43 Pro
1355 1920 131 43 prime
1442 1920 218 43 quaestionis
1616 1920 232 43 enucleatione
1790 1920 131 43 suppona

1119 1950 102 45 mus
1177 1950 87 45 ex
1220 1950 247 45 exponibilibus
1423 1950 116 45 quod
1496 1950 174 45 terminus
1626 1950 189 45 infinitum
1757 1950 160 45 biphariam

1120 1986 151 46 capitur
1230 1986 165 46 scilicet
1354 1986 289 46 syncategorematice
1601 1986 82 46 et
1642 1986 247 46 categorematice
1835 1986 96 46 attri

1137 2027 160 43 buitur
1249 2027 240 43 magnitudini
1441 2027 96 43 et
1489 2027 256 43 multitudini.
1682 2027 240 43 Syncategorema

1126 2069 115 41 tice
1198 2069 87 41 vt
1241 2069 216 41 attribuitur
1414 2069 216 41 magnitudini
1587 2069 188 41 biphariam
1731 2069 188 41 exponitur
1861 2069 58 41 vi

1127 2103 191 41 sufficit.
1274 2103 147 41 Primo:
1377 2103 103 41 sic
1435 2103 205 41 aliquantum
1597 2103 88 41 et
1641 2103 103 41 non
1699 2103 147 41 tantum
1802 2103 117 41 quin
1861 2103 73 41 ma-

1128 2136 121 47 ius.
1204 2136 166 47 Secundo
1325 2136 106 47 sic
1385 2136 212 47 aliquantum
1552 2136 91 47 et
1597 2136 242 47 quantumlibet
1794 2136 136 47 maius
1869 2136 61 47 Pa

1128 2178 162 39 riforma
1246 2178 89 39 vt
1291 2178 221 39 multitudini
1468 2178 236 39 attribuitur.
1659 2178 74 39 ⁋
1689 2178 192 39 Infinitum
1822 2178 103 39 cate-

1145 2209 225 52 gorematice
1321 2209 96 52 vt
1370 2209 241 52 magnitudini
1562 2209 209 52 conuenit:
1722 2209 160 52 tantum
1819 2209 112 52 valet

1137 2245 160 55 quantum
1254 2245 102 55 ens
1312 2245 174 55 extensum
1442 2245 116 55 sine
1515 2245 174 55 termino:
1645 2245 87 55 et
1689 2245 102 55 non
1747 2245 160 55 standum
1848 2245 73 55 est

1131 2283 89 48 in
1176 2283 148 48 rigore
1279 2283 192 48 sermonis:
1427 2283 118 48 quia
1501 2283 133 48 linea
1590 2283 104 48 non
1649 2283 192 48 terminata
1782 2283 148 48 secundum

1138 2318 113 49 vnam
1209 2318 213 49 dimensionem
1379 2318 71 49 a
1407 2318 156 49 physico
1521 2318 184 49 reputatur
1663 2318 184 49 infinita:
1805 2318 85 49 et
1833 2318 85 49 tami

1134 2353 97 52 est
1190 2353 139 52 duobus
1287 2353 167 52 terminis
1412 2353 153 52 clausa:
1523 2353 97 52 sed
1578 2353 167 52 physicus
1703 2353 194 52 intelligit
1842 2353 83 52 quod

1127 2397 111 44 per
1191 2397 254 44 longitudinem
1397 2397 111 44 non
1461 2397 222 44 clauditur.
1635 2397 206 44 Infinitum
1778 2397 143 44 catego-

1134 2429 175 48 rematice
1266 2429 88 48 vt
1309 2429 219 48 attribuitur
1484 2429 219 48 multitudini
1659 2429 146 48 tantum
1762 2429 131 48 valet
1834 2429 88 48 quam

1128 2467 100 45 tum
1185 2467 186 45 multitudo
1328 2467 129 45 cuius
1414 2467 229 45 consequenter
1601 2467 186 45 numerando
1744 2467 100 45 non
1801 2467 100 45 est
1844 2467 72 45 dab

1139 2500 96 50 lis
1194 2500 137 50 vltima
1290 2500 150 50 vnitas:
1399 2500 82 50 et
1440 2500 96 50 sic
1495 2500 82 50 in
1536 2500 164 50 quolibet
1659 2500 164 50 continuo
1782 2500 123 50 datur
1850 2500 96 50 infi-

1131 2550 121 38 nita
1206 2550 196 38 multitudo
1357 2550 287 38 categorematice:
1599 2550 121 38 quia
1674 2550 106 38 est
1735 2550 181 38 infinita
1855 2550 91 38 mul-

1133 2575 166 49 titudo
1249 2575 182 49 partinm
1382 2575 332 49 proportionalium.
1664 2575 149 49 Licet
1764 2575 166 49 quidam
1863 2575 83 49 ne-

1134 2624 127 41 gant
1214 2624 207 41 infinitam
1373 2624 255 41 multitudinem
1580 2624 287 41 categorematice
1803 2624 143 41 partium

1138 2660 198 36 continui:
1290 2660 107 36 sed
1351 2660 320 36 syncategorematice
1626 2660 198 36 infinitam
1763 2660 183 36 multitudi-

1134 2684 106 53 nem
1194 2684 211 53 concedunt:
1360 2684 121 53 quia
1436 2684 136 53 nulle
1526 2684 121 53 sunt
1602 2684 136 53 omnes
1692 2684 151 53 partes
1783 2684 151 53 continui
