2354 3299
455 229 167 54 Utrumque
580 229 153 54 istorum
691 229 97 54 est
747 229 153 54 falsum:
858 229 83 54 et
900 229 167 54 mirandum
1025 229 97 54 est
1080 229 125 54 quare
1164 229 97 54 sic
1205 229 56 54 di

448 280 136 46 xerint
543 280 108 46 viso
611 280 108 46 quod
679 280 122 46 totum
760 280 176 46 tenuerunt
896 280 217 46 identificari
1072 280 95 46 cum
1126 280 108 46 suis
1180 280 68 46 par

444 314 152 46 tibus.
550 314 76 46 â‹
581 314 106 46 Pro
642 314 106 46 quo
702 314 122 46 nota
778 314 122 46 quod
854 314 183 46 duplices
991 314 122 46 sunt
1067 314 167 46 partes:
1174 314 76 46 nam

461 351 127 44 uedam
546 351 113 44 sunt
616 351 156 44 eiusdem
730 351 226 44 quantitatis:
914 351 85 44 et
956 351 113 44 sunt
1027 351 113 44 ille
1097 351 99 44 que
1154 351 99 44 sic
1196 351 57 44 se

444 385 159 47 habent
556 385 127 47 quod
635 385 127 47 sunt
715 385 175 47 equales
842 385 191 47 secundum
985 385 143 47 omnem
1065 385 191 47 dimesionem

448 424 130 49 inter
534 424 101 49 se:
592 424 87 49 vt
635 424 130 49 datis
722 424 130 49 decem
808 424 159 49 decimis
924 424 173 49 corporis
1054 424 173 49 pedalis:
1169 424 87 49 ille

458 460 110 44 sunt
527 460 151 44 equales
637 460 124 44 inter
720 460 96 44 se:
775 460 83 44 et
816 460 83 44 si
857 460 206 44 reperiantur
1022 460 124 44 tales
1105 460 138 44 partes
1187 460 69 44 in-

447 496 149 46 finite
552 496 179 46 protinus
686 496 134 46 ipsum
775 496 134 46 totum
865 496 194 46 infinitum
1014 496 134 46 abit.
1104 496 119 46 Alie
1163 496 90 46 sunt

451 537 142 48 partes
550 537 156 48 eiusdem
664 537 227 48 proportionis
849 537 85 48 et
892 537 114 48 sunt
963 537 128 48 tales
1048 537 171 48 naturae:
1162 537 85 48 quod

459 571 147 53 qualis
562 571 103 53 est
621 571 191 53 proportio
768 571 132 53 prime
856 571 88 53 ad
900 571 191 53 secundam:
1047 571 132 53 talis
1135 571 103 53 est
1180 571 73 53 se-

444 609 131 44 cunde
532 609 87 44 ad
576 609 175 44 tertiam:
707 609 146 44 tertie
809 609 87 44 ad
853 609 175 44 quartam:
984 609 87 44 et
1027 609 102 44 sic
1086 609 117 44 sine
1144 609 102 44 statu

450 645 225 48 Declaratur
627 645 177 48 exemplo
755 645 96 48 de
803 645 193 48 continuo
948 645 241 48 permanente:
1141 645 96 48 do
1173 645 80 48 cor

456 689 112 38 pus
520 689 207 38 bipedale:
679 689 143 38 cuius
775 689 143 38 prima
870 689 191 38 medietas
1014 689 112 38 est
1078 689 143 38 prima
1157 689 96 38 pars

456 722 238 42 pportionalis
649 722 178 42 scilicet
783 722 164 42 pedale:
902 722 164 42 secunda
1021 722 119 42 pars
1080 722 164 42 proportio

453 760 142 39 nalis
548 760 111 39 est
611 760 190 39 medietas
753 760 205 39 immediate
911 760 190 39 sequens:
1053 760 142 39 totum
1132 760 111 39 prima

448 795 148 44 partem
552 795 163 44 excedit
670 795 89 44 in
714 795 148 44 duplo:
818 795 340 44 proportionabiliter.
1114 795 133 44 prima
1188 795 59 44 se

447 828 166 51 cundam.
568 828 166 51 secunda
689 828 166 51 tertiam
810 828 91 51 in
856 828 136 51 duplo
946 828 76 51 e
977 828 106 51 sic
1022 828 227 51 consequenter:

450 873 123 41 ergo
527 873 154 41 qualis
635 873 185 41 seruatur
774 873 154 41 totius
882 873 93 41 ad
928 873 154 41 primam
1036 873 154 41 partem
1129 873 123 41 propor

442 903 113 51 tio:
512 903 127 51 talis
597 903 169 51 seruatur
724 903 85 51 in
766 903 155 51 omnibus
879 903 127 51 aliis
964 903 226 51 consimiliter
1147 903 85 51 se
1175 903 71 51 ha-

452 942 202 49 bentibus.
608 942 140 49 Eodem
701 942 124 49 modo
778 942 171 49 partiri
903 942 171 49 poteris
1027 942 93 49 in
1058 942 186 49 proportio-

449 979 82 54 ne
490 979 233 54 sesquialtera:
682 979 233 54 sesquitertia:
874 979 96 54 vel
928 979 178 54 quacumque
1065 979 109 54 alia
1120 979 123 54 propor-

442 1019 138 41 tione
534 1019 200 41 libuerit.
687 1019 107 41 Nam
749 1019 138 41 totum
841 1019 154 41 preter
948 1019 169 41 tertiam
1071 1019 154 41 partem
1163 1019 77 41 po-

454 1050 111 50 test
523 1050 138 50 vocari
620 1050 125 50 prima
703 1050 111 50 pars
772 1050 263 50 proportionalis:
994 1050 83 50 et
1035 1050 97 50 sic
1077 1050 166 50 consequen-

444 1088 117 50 ter:
517 1088 87 50 vt
561 1088 131 50 capto
648 1088 131 50 corpe
736 1088 204 50 tripedali:
896 1088 175 50 bipedale
1027 1088 102 50 est
1086 1088 131 50 prima
1159 1088 87 50 pars

458 1126 256 49 proportionalis:
673 1126 94 49 due
727 1126 135 49 tertie
821 1126 121 49 vnius
902 1126 121 49 pedis
982 1126 121 49 erunt
1063 1126 148 49 secunda
1157 1126 81 49 pars

461 1162 248 51 proportionalis:
670 1162 78 51 et
709 1162 91 51 sic
761 1162 104 51 sine
826 1162 131 51 statu.
918 1162 170 51 similiter
1048 1162 117 51 prima
1127 1162 104 51 pars
1179 1162 65 51 pro

449 1204 197 42 portionalis
606 1204 131 42 potest
698 1204 105 42 esse
763 1204 118 42 totum
842 1204 157 42 praieter
960 1204 105 42 vnam
1025 1204 144 42 quartam
1130 1204 118 42 eius:
1196 1204 39 42 e

451 1231 160 56 secunda
568 1231 116 56 pars
641 1231 262 56 proportionalis
859 1231 131 56 esset
946 1231 131 56 totum
1033 1231 175 56 residuum
1150 1231 87 56 quat

457 1279 82 44 te
498 1279 136 44 preter
594 1279 109 44 eius
662 1279 150 44 quartam
771 1279 82 44 et
812 1279 96 44 sic
867 1279 136 44 vltra:
962 1279 82 44 et
1003 1279 96 44 sic
1058 1279 123 44 capto
1126 1279 123 44 corpore

459 1317 245 45 uadrupedali:
658 1317 199 45 tripedale
811 1317 107 45 est
873 1317 138 45 prima
965 1317 123 45 pars
1026 1317 215 45 proportiona-

443 1348 94 38 lis
496 1348 121 38 eius:
577 1348 81 38 et
618 1348 108 38 tres
685 1348 135 38 quarte
779 1348 175 38 sequentes
914 1348 148 38 secunda
1022 1348 108 38 pars
1075 1348 162 38 proportio-

451 1387 131 48 nalis:
543 1387 79 48 et
582 1387 92 48 sic
634 1387 209 48 consequenter
804 1387 170 48 dicuntur.
935 1387 92 48 sed
987 1387 170 48 proportio
1118 1387 118 48 dupla
1184 1387 65 48 est

449 1424 130 52 notior
540 1424 65 52 /
566 1424 169 52 propterea
696 1424 104 52 illa
761 1424 91 52 est
813 1424 182 52 vulgatior.
956 1424 156 52 dicuntur
1060 1424 182 52 proportiona-

453 1461 87 51 es
497 1461 116 51 quia
570 1461 145 51 partes
671 1461 116 51 sunt
744 1461 87 51 de
788 1461 145 51 numero
889 1461 334 51 proportionalitatum.
1165 1461 73 51 pro

442 1501 257 43 portionalitas
653 1501 91 43 ad
699 1501 136 43 minus
789 1501 181 43 inquirit
925 1501 257 43 similitudinem
1121 1501 121 43 duarum

451 1534 234 45 proportionum
641 1534 88 45 vt
685 1534 131 45 patet
773 1534 146 45 quinto
875 1534 234 45 elementorum.
1065 1534 131 45 Eodem
1152 1534 117 45 modo

447 1575 90 38 in
492 1575 121 38 hora
568 1575 136 38 prima
658 1575 181 38 medietas
794 1575 121 38 hore
869 1575 106 38 est
929 1575 136 38 prima
1020 1575 121 38 pars
1080 1575 166 38 proportio

452 1611 142 40 nalis:
551 1611 157 40 secunda
665 1611 171 40 medietas
794 1611 85 40 ad
836 1611 128 40 illam
922 1611 171 40 accedens
1050 1611 100 40 est
1093 1611 142 40 secunda.

452 1647 76 49 et
490 1647 89 49 sic
541 1647 76 49 in
579 1647 178 49 infinitum.
719 1647 64 49 â‹
745 1647 114 49 Ultra
821 1647 102 49 nota
885 1647 102 49 quod
948 1647 153 49 interdum
1063 1647 127 49 potest
1139 1647 102 49 inchoa

445 1684 86 44 ri
488 1684 72 44 a
517 1684 173 44 partibus
646 1684 288 44 proportionalibus
890 1684 201 44 minoribus:
1049 1684 101 44 non
1106 1684 158 44 nunquam
1207 1684 43 44 a

447 1724 228 38 maioribus.
626 1724 82 38 â‹
659 1724 98 38 Ex
708 1724 114 38 his
773 1724 212 38 sequuntur
936 1724 245 38 corollaria.
1132 1724 82 38 â‹
1148 1724 98 38 Pri-

447 1760 124 40 mum:
525 1760 186 40 infinite
665 1760 124 40 sunt
743 1760 155 40 partes
852 1760 280 40 proportionales
1069 1760 171 40 categore-

448 1794 149 44 matice
553 1794 90 44 in
597 1794 194 44 continuo.
747 1794 194 44 probatur:
896 1794 120 44 quia
971 1794 194 44 multitudo
1106 1794 134 44 partium

439 1832 289 46 proportionalium
682 1832 106 46 est
743 1832 137 46 cuius
834 1832 106 46 non
895 1832 106 46 est
955 1832 167 46 dabilis
1077 1832 152 46 vltima
1168 1832 76 46 vni

446 1874 116 45 tas.
518 1874 116 45 Quod
590 1874 188 45 probatur:
735 1874 116 45 quia
808 1874 101 45 vel
865 1874 116 45 illa
938 1874 217 45 diuisibilis
1112 1874 101 45 vel
1155 1874 87 45 indi

451 1908 195 41 uisibilis.
604 1908 98 41 non
660 1908 181 41 secundum.
800 1908 112 41 quia
869 1908 126 41 nulla
953 1908 126 41 talis
1037 1908 98 41 est
1093 1908 112 41 pars
1148 1908 98 41 comn-

441 1945 148 50 tinui.
545 1945 104 50 nec
604 1945 163 50 primum.
723 1945 119 50 quia
798 1945 178 50 medietas
931 1945 119 50 eius
1005 1945 104 50 est
1065 1945 134 50 vltra
1139 1945 104 50 illam

434 1983 95 47 et
482 1983 111 47 per
545 1983 222 47 consequens
720 1983 127 47 illa
799 1983 111 47 non
863 1983 111 47 est
926 1983 175 47 vltima.
1053 1983 79 47 â‹
1069 1983 159 47 Secundu:

444 2014 212 52 corollarium
613 2014 85 52 ex
656 2014 99 52 hoc
712 2014 155 52 sequens
825 2014 113 52 est:
895 2014 113 52 quod
966 2014 127 52 datur
1051 2014 183 52 infinitum
1178 2014 56 52 mu

436 2054 173 45 titudine
565 2054 130 45 actu:
652 2054 87 45 et
695 2054 101 45 sic
753 2054 101 45 est
810 2054 173 45 infinita
940 2054 187 45 multitudo
1084 2054 130 45 rerum
1156 2054 87 45 exi-

447 2088 174 47 stentium
578 2088 131 47 actu.
665 2088 73 47 â‹
694 2088 102 47 Sed
752 2088 160 47 aliquid
868 2088 160 47 dicitur
984 2088 116 47 esse
1057 2088 102 47 ens
1115 2088 87 47 in
1144 2088 87 47 actu

437 2123 219 57 biphariam.
609 2123 141 57 Primo
703 2123 125 57 modo
781 2123 156 57 quando
890 2123 109 57 est
953 2123 219 57 actualiter
1125 2123 94 57 in
1156 2123 78 57 re-

444 2166 116 43 rum
511 2166 183 43 natura.
644 2166 183 43 Secundo
776 2166 133 43 modo
859 2166 183 43 capitur
992 2166 116 43 pro
1058 2166 133 43 ente
1125 2166 116 43 sepa-

445 2201 128 44 rato:
530 2201 85 44 et
573 2201 114 44 isto
644 2201 114 44 modo
715 2201 114 44 pars
786 2201 170 44 continui
913 2201 156 44 dicitur
1027 2201 114 44 esse
1098 2201 85 44 in
1126 2201 114 44 poten-

438 2239 120 46 tia:
513 2239 105 46 non
573 2239 120 46 quin
649 2239 180 46 realiter
784 2239 120 46 sit.
859 2239 75 46 â‹
889 2239 90 46 Ex
934 2239 120 46 isto
1009 2239 135 46 patet
1100 2239 165 46 quomodo

450 2274 233 52 Aristoteles
637 2274 265 52 intelligendus
855 2274 109 52 est
917 2274 156 52 negans
1026 2274 202 52 infinitam
1166 2274 78 52 mul

435 2310 200 53 titudinem
588 2310 138 53 actu:
680 2310 215 53 intelligit
849 2310 123 53 enim
926 2310 169 53 secundo
1049 2310 138 53 modo.
1141 2310 77 53 â‹
1156 2310 77 53 Ter

435 2347 103 58 tio
494 2347 190 58 sequitur.
640 2347 117 58 quod
714 2347 132 58 licet
802 2347 117 58 deus
875 2347 190 58 quamlibet
1021 2347 146 58 partem
1109 2347 132 58 propor-

441 2388 180 52 tionalem
576 2388 75 52 a
606 2388 180 52 continui
741 2388 195 52 distincte
890 2388 150 52 videt:
995 2388 135 52 tamen
1085 2388 105 52 non
1130 2388 105 52 videt

455 2425 173 52 ltimam:
581 2425 157 52 saltem
691 2425 94 52 si
738 2425 141 52 videt
832 2425 173 52 vltimam
958 2425 110 52 non
1021 2425 141 52 videt
1100 2425 141 52 primam.

450 2464 139 54 Prima
542 2464 123 54 pars
619 2464 154 54 patuit
727 2464 247 54 distinctione
928 2464 308 54 trigesimaquinta.
1174 2464 62 54 Se

439 2501 135 53 cunda
529 2501 120 53 pars
604 2501 150 53 patet:
710 2501 120 53 quia
785 2501 105 53 non
845 2501 105 53 est
905 2501 165 53 dabilis
1025 2501 150 53 vltima
1131 2501 90 53 si
1161 2501 75 53 de-

447 2539 103 49 tur
506 2539 147 49 prima.
609 2539 177 49 Notanter
742 2539 162 49 dicitur
860 2539 88 49 si
904 2539 133 49 detur
992 2539 147 49 prima.
1095 2539 118 49 quia
1154 2539 74 49 inc

446 2571 160 57 piendo
558 2571 80 57 a
590 2571 192 57 partibus
734 2571 320 57 proportionalibus
1005 2571 208 57 minoribus
1149 2571 80 57 da-

433 2614 114 50 tur
498 2614 162 50 vltima
611 2614 130 50 pars
692 2614 292 50 proportionalis
936 2614 195 50 secundum
1082 2614 146 50 illum
1163 2614 65 50 mo

433 2651 112 70 dum
497 2651 239 70 procedendi.
688 2651 128 70 Quod
768 2651 112 70 non
832 2651 144 70 detur
928 2651 160 70 vltima
1039 2651 128 70 pars
1103 2651 128 70 propor

1306 233 173 72 tionalis
1435 233 86 72 in
1479 233 173 72 continuo
1608 233 144 72 patet:
1709 233 101 72 vel
1767 233 115 72 illa
1839 233 101 72 est
1896 233 216 72 diuisibilis
2055 233 72 72 vel

1305 287 251 56 impartibilis.
1512 287 88 56 si
1556 287 147 56 primum
1659 287 103 56 iam
1718 287 103 56 est
1777 287 147 56 aliqua
1880 287 133 56 vltra
1969 287 147 56 illam:
2057 287 59 56 et

1311 325 104 53 per
1371 325 208 53 consequens
1534 325 119 53 illa
1608 325 104 53 non
1668 325 104 53 est
1727 325 164 53 vltima.
1846 325 89 53 si
1891 325 104 53 est
1936 325 178 53 impartibi-

1314 359 119 48 lis.
1388 359 104 48 iam
1448 359 119 48 pure
1522 359 193 48 continuum
1671 359 208 48 componitur
1834 359 89 48 ex
1864 359 252 48 indiuisibilibus

1308 399 128 57 quod
1388 399 144 57 sexto
1484 399 224 57 physicorum
1660 399 192 57 reprobat
1804 399 240 57 philosophus
1980 399 128 57 expres

1303 429 112 62 se.
1367 429 96 62 Et
1415 429 128 62 dato
1495 429 128 62 quod
1574 429 192 62 teneamus
1718 429 207 62 continuum
1878 429 176 62 componi
2005 429 96 62 ex
2037 429 80 62 in-

1304 469 264 62 diuisibilibus
1522 469 109 62 cum
1584 469 202 62 democrito
1739 469 78 62 a
1770 469 124 62 eius
1847 469 171 62 collega
1956 469 155 62 leucippo

1304 511 148 50 adhuc
1402 511 115 50 non
1468 511 148 50 datur
1567 511 164 50 vltima
1682 511 132 50 pars
1764 511 296 50 proportionalis
2010 511 99 50 in
2043 511 66 50 co

1296 541 154 61 tinuo:
1404 541 108 61 hoc
1465 541 139 61 totum
1558 541 123 61 nunc
1635 541 201 61 suponitur
1789 541 123 61 quia
1866 541 170 61 patebit
1974 541 139 61 distin-

1310 581 162 60 ctione
1423 581 178 60 secunda
1553 581 178 60 secundi
1682 581 275 60 sententiarum.
1909 581 81 60 â‹
1941 581 162 60 Quarto
2038 581 65 60 se

1316 618 127 53 uitur
1400 618 113 53 quod
1471 618 99 53 hec
1527 618 225 53 consequentia
1710 618 99 53 est
1766 618 141 53 nulla.
1865 618 127 53 datur
1949 618 127 53 prima
2020 618 84 53 pars

1306 659 281 54 proportionalis
1540 659 78 54 a
1572 659 203 54 continui:
1728 659 125 54 ergo
1806 659 140 54 datur
1899 659 140 54 prima
1993 659 125 54 pars
2055 659 47 54 a

1298 698 205 52 continui:
1456 698 190 52 extremum
1598 698 126 52 enim
1677 698 111 52 non
1741 698 111 52 est
1804 698 190 52 inferius
1946 698 95 52 ad
1978 698 126 52 extre-

1300 731 119 55 mum:
1375 731 134 55 sicut
1464 731 104 55 non
1523 731 179 55 sequitnr
1657 731 238 55 simpliciter:
1851 731 149 55 sortes
1955 731 104 55 est
2000 731 104 55 opti-

1298 770 117 57 mus
1365 770 151 57 homo:
1466 770 134 57 ergo
1549 770 167 57 sortes
1667 770 117 57 est
1734 770 184 57 optimum
1868 770 184 57 animal.
2002 770 84 57 â‹
2018 770 84 57 Ar-

1297 810 142 45 guitur
1396 810 170 45 probando
1523 810 113 45 quod
1594 810 99 45 est
1651 810 156 45 aliquod
1764 810 184 45 infinitum
1906 810 113 45 actu
1977 810 113 45 sic.
2033 810 71 45 om-

1293 845 90 52 ne
1338 845 151 52 corpus
1444 845 151 52 habens
1549 845 196 52 infinitas
1699 845 151 52 partes
1805 845 105 52 est
1865 845 196 52 infinitum
2001 845 105 52 actu:

1302 880 202 57 quodlibet
1457 880 155 57 corpus
1565 880 109 57 est
1627 880 217 57 huiusmodi:
1798 880 93 57 vt
1844 880 140 57 patet
1937 880 93 57 de
1968 880 124 57 parti-

1295 912 114 62 bus
1360 912 325 62 proportionalibus
1636 912 146 62 eius:
1734 912 179 62 igitur.
1864 912 81 62 â‹
1897 912 211 62 Distinguo
2043 912 65 62 ma

1292 949 161 62 iorem:
1405 949 113 62 vel
1469 949 161 62 habens
1582 949 210 62 infinitas
1743 949 161 62 partes
1856 949 177 62 eiusdem
1969 949 129 62 magni-

1303 990 172 54 tudinis:
1431 990 86 54 et
1474 990 100 54 sic
1532 990 215 54 conceditur.
1703 990 100 54 vel
1761 990 186 54 aliqualis
1889 990 215 54 proportionis:

1303 1026 84 52 et
1345 1026 98 52 sic
1401 1026 167 52 negatur.
1526 1026 70 52 â‹
1554 1026 139 52 Contra
1651 1026 98 52 hoc
1707 1026 181 52 arguitur:
1846 1026 111 52 sunt
1916 1026 167 52 infinite
2027 1026 70 52 par

1295 1059 115 61 tes
1360 1059 181 61 eiusdem
1492 1059 279 61 magnitudinis:
1722 1059 132 61 ergo
1804 1059 247 61 propositum.
2001 1059 82 61 â‹
2018 1059 82 61 For

1301 1103 92 53 te
1347 1103 138 53 negas
1439 1103 92 53 de
1485 1103 184 53 partibus
1623 1103 108 53 non
1685 1103 307 53 communicantibus:
1946 1103 138 53 licet
2023 1103 77 53 hoc

1302 1132 121 63 sit
1371 1132 155 63 verum
1474 1132 103 63 de
1526 1132 207 63 partibus
1681 1132 345 63 communicantibus.
1974 1132 86 63 â‹
1992 1132 103 63 Con-

1303 1178 105 47 tra
1363 1178 105 47 hoc
1423 1178 181 47 arguitur
1559 1178 120 47 sic.
1634 1178 120 47 iste
1710 1178 151 47 partes
1815 1178 166 47 eiusdem
1920 1178 181 47 proportio-

1304 1208 101 60 nis
1361 1208 115 60 sunt
1433 1208 187 60 infinite:
1577 1208 86 60 et
1620 1208 115 60 iste
1692 1208 144 60 partes
1792 1208 158 60 eiusdem
1893 1208 201 60 proportionis

1294 1243 127 63 sunt
1374 1243 159 63 partes
1485 1243 175 63 eiusdem
1612 1243 254 63 quantitatis:
1819 1243 127 63 ergo
1898 1243 159 63 partes
1994 1243 111 63 eius-

1295 1283 119 60 dem
1363 1283 256 60 quantitatis
1568 1283 136 60 sunt
1653 1283 222 60 infinite.
1823 1283 85 60 â‹
1857 1283 222 60 Respondeo
2011 1283 85 60 per

1294 1321 272 58 propositiones.
1520 1321 75 58 â‹
1551 1321 136 58 Prima
1641 1321 121 58 est:
1717 1321 121 58 iste
1792 1321 151 58 partes
1898 1321 166 58 eiusdem
2003 1321 91 58 quam

1290 1361 160 50 titatis
1407 1361 116 50 sunt
1479 1361 189 50 infinite:
1624 1361 189 50 probatur:
1769 1361 116 50 quia
1842 1361 116 50 sunt
1914 1361 174 50 infinite
2030 1361 73 50 par

1290 1392 106 62 tes
1350 1392 166 62 eiusdem
1471 1392 257 62 proportionis:
1683 1392 121 62 ergo
1759 1392 121 62 sunt
1835 1392 182 62 infinite
1956 1392 136 62 partes.

1303 1432 74 57 â‹
1333 1432 178 57 Secunda.
1467 1432 119 57 iste
1541 1432 149 57 partes
1645 1432 104 57 non
1705 1432 119 57 sunt
1779 1432 178 57 infinite
1913 1432 149 57 partes
2002 1432 89 57 eius

1298 1471 113 56 dem
1363 1471 259 56 quantitatis.
1573 1471 81 56 â‹
1605 1471 162 56 Contra
1719 1471 113 56 hoc
1783 1471 194 56 arguitur
1929 1471 130 56 sic.
1994 1471 97 56 omne

1292 1510 161 44 corpus
1404 1510 161 44 habens
1517 1510 209 44 infinitas
1678 1510 161 44 partes
1790 1510 177 44 equales
1919 1510 113 44 non
1967 1510 129 44 commu-

1299 1543 183 53 nicantes
1436 1543 107 53 est
1497 1543 213 53 infinitum:
1664 1543 198 53 quodlibet
1817 1543 152 53 corpus
1923 1543 152 53 pedale
2015 1543 76 53 est

1300 1580 211 54 huiusmodi:
1466 1580 166 54 igitur.
1586 1580 181 54 probatio
1722 1580 181 54 minoris.
1858 1580 121 54 quia
1933 1580 136 54 habet
2009 1580 90 54 duas

1296 1622 163 53 partes
1410 1622 179 53 equales
1540 1622 114 53 non
1605 1622 277 53 communicantes
1833 1622 146 53 tres:
1930 1622 130 53 puta
1995 1622 98 53 tres

1287 1660 182 45 tertias:
1423 1660 182 45 quattuor
1559 1660 166 45 quartas
1680 1660 182 45 equales:
1817 1660 91 45 et
1862 1660 106 45 sic
1907 1660 182 45 consequen-

1297 1693 99 59 ter
1353 1693 113 59 sine
1424 1693 142 59 statu:
1523 1693 85 59 et
1566 1693 99 59 per
1623 1693 198 59 consequens
1778 1693 113 59 iste
1849 1693 142 59 partes
1948 1693 113 59 sunt
2005 1693 85 59 infi

1295 1728 129 61 nite
1376 1728 178 61 eiusdem
1505 1728 259 61 quantitatis.
1715 1728 81 61 â‹
1748 1728 243 61 Respondetur
1941 1728 113 61 per
1990 1728 97 61 pro-

1287 1764 241 61 positiones.
1480 1764 80 61 â‹
1512 1764 145 61 Prima
1609 1764 129 61 est:
1689 1764 209 61 infinitas
1850 1764 161 61 partes
1946 1764 145 61 eiusdem

1294 1808 257 55 quantitatis
1499 1808 120 55 non
1568 1808 291 55 communicantes
1807 1808 154 55 habet
1910 1808 171 55 corpus
2012 1808 86 55 pe-

1285 1847 141 56 dale:
1379 1847 141 56 patet
1473 1847 110 56 per
1536 1847 188 56 ascensum
1677 1847 156 56 factum
1786 1847 94 56 in
1833 1847 219 56 argumento.
2005 1847 78 56 â‹
2021 1847 78 56 Se-

1289 1883 137 49 cunda
1380 1883 229 49 propositio:
1563 1883 107 49 hec
1624 1883 107 49 est
1685 1883 153 49 falsa:
1792 1883 168 49 eiusdem
1899 1883 198 49 quantitatis

1300 1913 114 59 sunt
1371 1913 171 59 infinite
1499 1913 143 59 partes
1599 1913 86 59 in
1642 1913 100 59 hoc
1699 1913 185 59 continuo:
1841 1913 114 59 quia
1913 1913 100 59 per
1970 1913 128 59 illam
2041 1913 57 59 si

1292 1955 201 59 gnificatur
1450 1955 115 59 quod
1522 1955 172 59 alicuius
1651 1955 216 59 determinate
1823 1955 230 59 quantitatis:
1996 1955 86 59 puta

1295 1994 186 51 digitalis
1438 1994 100 51 vel
1495 1994 157 51 pedalis
1609 1994 114 51 sunt
1681 1994 172 51 infinite
1809 1994 157 51 similes
1924 1994 143 51 partes
2010 1994 71 51 non

1288 2029 306 53 communicantes:
1543 2029 136 53 quod
1628 2029 119 53 est
1697 2029 187 53 falsum.
1833 2029 85 53 â‹
1867 2029 170 53 Tertio
1969 2029 119 53 patet

1291 2069 111 55 quod
1360 2069 97 55 hec
1416 2069 97 55 est
1471 2069 138 55 falsa:
1568 2069 138 55 alique
1664 2069 138 55 partes
1761 2069 124 55 huius
1844 2069 152 55 cotinui
1955 2069 111 55 sunt
2010 2069 83 55 plu-

1289 2106 107 54 res
1350 2106 168 54 duabus:
1472 2106 122 54 quia
1548 2106 122 54 tunc
1624 2106 244 54 quibuscunque
1823 2106 153 54 duabus
1929 2106 153 54 essent
2021 2106 76 54 plu

1294 2139 118 54 res.
1368 2139 74 54 â‹
1397 2139 103 54 Sed
1456 2139 147 54 contra
1560 2139 133 54 illud
1648 2139 192 54 arguitur.
1795 2139 177 54 probando
1928 2139 118 54 quod
1987 2139 103 54 secum

1290 2176 88 53 da
1334 2176 206 53 propositio
1496 2176 103 53 sit
1555 2176 132 53 vera:
1643 2176 88 53 in
1688 2176 118 53 isto
1761 2176 177 53 continuo
1894 2176 118 53 sunt
1967 2176 103 53 due
2011 2176 74 53 me-

1293 2211 174 61 dietates
1423 2211 174 61 equales:
1554 2211 116 61 tres
1626 2211 145 61 tertie
1728 2211 174 61 equales:
1858 2211 174 61 quattuor
1974 2211 116 61 quarte

1295 2248 168 59 equales:
1421 2248 84 59 et
1463 2248 98 59 sic
1520 2248 112 59 sine
1590 2248 140 59 statu:
1688 2248 112 59 deus
1758 2248 112 59 enim
1828 2248 126 59 mille
1913 2248 154 59 equales
2011 2248 70 59 non

1297 2292 225 55 comunicantes
1480 2292 141 55 videt:
1579 2292 85 55 et
1621 2292 99 55 non
1677 2292 99 55 est
1734 2292 141 55 status
1832 2292 85 55 in
1875 2292 169 55 partibus
1987 2292 85 55 equa

1284 2325 131 52 libus
1372 2325 73 52 a
1401 2325 102 52 deo
1459 2325 146 52 visis:
1561 2325 117 52 ergo
1634 2325 189 52 infinitas
1780 2325 160 52 equales
1897 2325 87 52 in
1940 2325 102 52 hoc
1984 2325 102 52 conti

1281 2367 102 53 nuo
1340 2367 146 53 videt:
1442 2367 117 53 ergo
1515 2367 117 53 sunt
1588 2367 102 53 iam
1646 2367 88 53 in
1690 2367 102 53 hoc
1748 2367 190 53 continuo.
1894 2367 204 53 Intellects

1289 2405 132 52 enim
1371 2405 181 52 diuinus
1502 2405 115 52 non
1568 2405 230 52 terminatur
1749 2405 99 52 in
1798 2405 164 52 maxima
1897 2405 181 52 apprehen-

1296 2435 135 59 sione
1386 2435 165 59 partium
1506 2435 135 59 citra
1596 2435 195 59 infinitum
1745 2435 285 59 categorematice.
1985 2435 75 59 â‹
2000 2435 75 59 Re-

1286 2471 202 62 spondetur
1442 2471 109 62 per
1504 2471 279 62 propositiones.
1737 2471 78 62 â‹
1768 2471 140 62 Prima
1861 2471 124 62 est.
1923 2471 155 62 infinite

1279 2511 134 49 sunt
1363 2511 167 49 partes
1480 2511 184 49 equales
1614 2511 117 49 non
1681 2511 285 49 communicantes
1916 2511 84 49 a
1949 2511 117 49 deo
1999 2511 84 49 ap-

1288 2553 217 51 prehense:
1455 2553 201 51 capiendo
1606 2553 201 51 terminum
1740 2553 334 51 syncategorematice:

1288 2594 109 48 non
1351 2594 141 48 autem
1445 2594 297 48 categorematice:
1695 2594 109 48 nec
1757 2594 125 48 vnum
1835 2594 156 48 infert
1929 2594 156 48 alterum.

1290 2625 87 57 Si
1334 2625 116 57 enim
1407 2625 116 57 deus
1479 2625 131 57 creet
1567 2625 116 57 nunc
1639 2625 116 57 vnum
1712 2625 160 57 pedale:
1828 2625 87 57 et
1872 2625 174 57 bipedale
1988 2625 87 57 sepa

1279 2669 124 60 ratum
1362 2669 82 60 ab
1403 2669 124 60 illo:
1485 2669 179 60 tripedale
1623 2669 192 60 separatum:
1774 2669 82 60 et
1815 2669 96 60 sic
1870 2669 110 60 sine
1939 2669 124 60 statu
2007 2669 69 60 ita
