2377 3302
225 260 121 66 quod
300 260 106 66 non
361 260 136 66 detur
451 260 166 66 maximum
572 260 136 66 inter
662 260 106 66 hec
722 260 166 66 corpora
843 260 106 66 nec
903 260 166 66 aliquod

232 311 176 53 infinite
364 311 132 53 magne
453 311 132 53 molis
541 311 117 53 quod
614 311 103 53 est
673 311 206 53 possibile:
834 311 103 53 iam
878 311 162 53 infinitum

236 347 147 51 magnum
339 347 103 51 est
398 347 162 51 aliquod
516 347 162 51 istorum
634 347 191 51 corporum:
781 347 74 51 a
810 347 147 51 nullum
899 347 132 51 istorum

231 384 103 49 est
290 384 177 49 infinite
423 384 162 49 magnum.
541 384 74 49 ⁋
571 384 207 49 Conceditur
733 384 118 49 quod
807 384 103 49 non
866 384 103 49 est
910 384 118 49 status

232 420 98 49 in
281 420 163 49 maxima
395 420 278 49 apprehensione
624 420 196 49 partium:
771 420 131 49 quia
852 420 114 49 non
901 420 131 49 statur

227 459 109 49 ins
290 459 155 49 vltima
398 459 280 49 apprehensione:
632 459 109 49 nec
694 459 93 49 in
741 459 155 49 centum
834 459 202 49 centesimis:

232 495 102 51 nec
291 495 87 51 in
334 495 131 51 mille
422 495 219 51 millesimis:
597 495 87 51 vt
641 495 87 51 in
684 495 277 51 trigesimaquinta
903 495 131 51 distin-

233 531 128 55 ctione
323 531 153 55 superius
437 531 153 55 diximus:
552 531 77 55 et
590 531 128 55 accipe
680 531 128 55 illius
769 531 115 55 dicti
846 531 140 55 scalam.
935 531 102 55 Opposi

233 572 97 47 to
281 572 129 47 modo
362 572 97 47 ad
410 572 145 47 casum
507 572 209 47 nuperrime
668 572 161 47 tactum
780 572 113 47 sit
845 572 161 47 corpus
941 572 97 47 qua-

235 607 217 52 drupedale
402 607 201 52 maximum:
553 607 201 52 secundum
703 607 217 52 subduplum
871 607 100 52 ad
904 607 117 52 ipsum

237 645 140 49 tertium
339 645 230 49 subquadruplum:
531 645 77 49 et
569 645 89 49 sic
620 645 102 49 sine
684 645 128 49 statu:
773 645 89 49 ita
824 645 102 49 quod
888 645 128 49 nullum
964 645 64 49 sit

232 682 153 46 minimum
343 682 181 46 separatum
482 682 139 46 (sicut
579 682 97 46 est
635 682 97 46 deo
691 682 181 46 possibile
830 682 69 46 /
857 682 97 46 iam
899 682 125 46 quodli-

236 720 102 46 bet
295 720 160 46 istorum
411 720 116 46 deus
484 720 131 46 (immo
571 720 131 46 anima
659 720 160 46 christi
775 720 87 46 vt
819 720 146 46 opinor
921 720 73 46 /
935 720 102 46 actua

237 754 126 52 liter
321 754 84 52 et
363 754 182 52 distincte
503 754 224 52 apprehendit:
684 754 84 52 et
726 754 98 52 non
782 754 98 52 est
838 754 140 52 status
936 754 84 52 in
964 754 70 52 mi-

231 792 118 51 nimo
305 792 162 51 corpore
422 792 191 51 distincte
569 792 176 51 cognito:
702 792 132 51 sicut
790 792 147 51 nullum
893 792 118 51 tale
952 792 73 51 est

232 833 92 50 ex
278 833 215 50 hypothesi.
447 833 108 50 sic
508 833 92 50 de
554 833 169 50 notitia
677 833 169 50 illarum
800 833 184 50 partium.
939 833 77 50 ⁋
954 833 77 50 Ar-

231 873 147 49 guitur
334 873 161 49 secundo
452 873 88 49 de
496 873 132 49 linea
584 873 206 49 gparatiua.
745 873 88 49 Et
789 873 103 49 pro
833 873 191 49 intellectum

233 906 209 51 argumenti
393 906 225 51 supponatur
570 906 128 51 vnum
650 906 160 51 corpus
762 906 225 51 columnare:
923 906 96 51 cuis

231 946 206 45 crassitudo
393 946 103 45 sit
452 946 161 45 pedalis
569 946 103 45 vel
628 946 220 45 diametralis
789 946 235 45 crassitudinis:

234 980 163 50 Secundo
353 980 207 50 supponatur
516 980 118 50 quod
590 980 104 50 hoc
649 980 222 50 discriminis
827 980 104 50 est
886 980 133 50 inter
960 980 74 50 li-

237 1018 115 45 neam
308 1018 200 45 circularem
466 1018 86 45 et
509 1018 215 45 gparatiuam:
680 1018 115 45 quod
752 1018 200 45 circularis
895 1018 129 45 desinit

225 1057 97 46 in
273 1057 130 46 idem
355 1057 178 46 punctum
484 1057 81 46 a
517 1057 114 46 quo
582 1057 178 46 fluxit:
712 1057 195 46 gpratiua
858 1057 97 46 in
890 1057 146 46 punctum

239 1091 217 48 oppositum.
409 1091 232 48 quemadmodum
595 1091 108 48 est
656 1091 93 48 de
703 1091 139 48 spira
796 1091 108 48 vel
858 1091 93 48 de
889 1091 139 48 serpen-

232 1126 86 49 te
275 1126 86 49 in
317 1126 143 49 arbore
417 1126 143 49 adami.
517 1126 143 49 Tertio
617 1126 200 49 supponitur
773 1126 114 49 quod
845 1126 86 49 si
887 1126 143 49 aliqua
973 1126 57 49 li

226 1166 114 46 nea
291 1166 162 46 debeat
404 1166 227 46 circundare
583 1166 162 46 corpus
696 1166 146 46 cuius
794 1166 227 46 crassitudo
956 1166 81 46 est

231 1202 156 53 pedalis
344 1202 113 53 tunc
415 1202 113 53 illa
486 1202 127 53 linea
571 1202 184 53 circuiens
712 1202 99 53 est
769 1202 170 53 pedalis:
897 1202 85 53 et
925 1202 99 53 linea

233 1246 158 46 gyrans
344 1246 158 46 semper
454 1246 110 46 est
517 1246 189 46 longior:
659 1246 126 46 quia
737 1246 189 46 tortuose
863 1246 158 46 circuit.

271 1275 128 56 Istis
356 1275 198 56 suppositis
512 1275 170 56 arguitur
639 1275 113 56 sic.
710 1275 170 56 quelibet
838 1275 128 56 linea
909 1275 113 56 habens

437 1317 211 45 infinitas
599 1317 243 45 pedalitates
794 1317 114 45 non
842 1317 179 45 communic-

416 1352 100 61 tes
473 1352 100 61 est
530 1352 171 61 infinita
658 1352 142 61 (filum
757 1352 128 61 autem
843 1352 100 61 non
900 1352 100 61 est
943 1352 85 61 bre-

430 1389 113 48 uius
500 1389 99 48 per
557 1389 99 48 hoc
613 1389 113 48 quod
684 1389 141 48 partes
783 1389 127 48 simul
854 1389 169 48 complicen-

389 1426 100 53 cobi
452 1426 88 53 tur
502 1426 100 53 quam
565 1426 100 53 quod
628 1426 201 53 extendantur.
791 1426 113 53 linea
866 1426 150 53 gpratiua
966 1426 63 53 est

354 1463 270 59 Phuiusmodi.
570 1463 198 59 igitur.
713 1463 216 59 Probatio
857 1463 180 59 minoris:

436 1502 152 45 gyrus
538 1502 169 45 grrans
656 1502 169 45 primam
774 1502 169 45 partem
876 1502 152 45 propor-

442 1544 170 40 tionalem
569 1544 99 40 est
626 1544 170 40 pedalis:
754 1544 156 40 pedalem
867 1544 113 40 voco
938 1544 99 40 qui
980 1544 57 40 pe

434 1582 203 41 dalitatem
591 1582 203 41 includit:
747 1582 141 41 gyrus
841 1582 156 41 grrans
934 1582 94 41 duas

435 1612 143 49 partes
535 1612 257 49 proportionales
749 1612 100 49 est
807 1612 200 49 bipedalis:
950 1612 72 49 gdi

444 1655 106 38 rus
505 1655 152 38 gyrans
611 1655 122 38 tres
687 1655 152 38 partes
778 1655 243 38 proportionales

440 1691 97 42 est
495 1691 207 42 tripedalis:
661 1691 83 42 et
702 1691 97 42 est
757 1691 165 42 infinita
881 1691 179 42 multitudo

440 1726 134 47 partiu
533 1726 267 47 proportionalium:
761 1726 80 47 et
801 1726 160 47 cuilibet
908 1726 120 47 respon-

437 1760 99 51 det
493 1760 127 51 grrus
578 1760 170 51 pedalis:
706 1760 113 51 ergo
776 1760 156 51 graraus
890 1760 141 51 magnus
974 1760 57 51 ex

437 1794 151 47 omnibus
547 1794 96 47 his
602 1794 179 47 resultans
740 1794 96 47 est
794 1794 165 47 infinite
904 1794 124 47 longus.

426 1840 79 44 ⁋
458 1840 238 44 Respondetur
649 1840 111 44 per
712 1840 270 44 propositiones
935 1840 95 44 de
966 1840 64 44 li

385 1873 112 57 Lnea
455 1873 196 57 gparatiua:
609 1873 84 57 et
651 1873 182 57 supposito
790 1873 112 57 quod
860 1873 154 57 columna
958 1873 70 57 sit

437 1912 142 45 longa
532 1912 142 45 decem
627 1912 189 45 pedibus:
769 1912 158 45 crassa
879 1912 126 45 vno:
958 1912 95 45 et
990 1912 47 45 a

442 1950 87 40 et
486 1950 73 40 b
515 1950 146 40 puncta
617 1950 233 40 terminatiua:
807 1950 73 40 a
836 1950 131 40 circa
908 1950 117 40 partes

437 1989 288 43 proportionales
677 1989 192 43 maiores:
820 1989 80 43 b
852 1989 144 43 circa
932 1989 96 43 mino

448 2023 110 42 res.
517 2023 69 42 ⁋
544 2023 124 42 Prima
627 2023 192 42 propositio
778 2023 124 42 nulla
860 2023 110 42 pars
915 2023 110 42 propor

230 2059 161 45 tionalis
350 2059 121 45 linee
431 2059 121 45 recte
511 2059 188 45 terminatur
659 2059 80 45 in
699 2059 67 45 b
726 2059 147 45 puncto:
833 2059 94 45 sed
887 2059 107 45 tota
940 2059 94 45 linea

232 2097 100 43 ibi
289 2097 214 43 terminatur.
460 2097 128 43 prior
545 2097 114 43 pars
617 2097 143 43 patet.
716 2097 114 43 quia
788 2097 114 43 tunc
859 2097 157 43 daretur
959 2097 71 43 vel

225 2135 120 45 tima
300 2135 120 45 pars
375 2135 285 45 proportionalis:
615 2135 120 45 quod
689 2135 195 45 implicat.
839 2135 165 45 Secunda
944 2135 90 45 pars

235 2177 138 41 patet.
332 2177 110 41 quia
401 2177 110 41 tota
470 2177 124 41 linea
552 2177 124 41 alias
635 2177 97 41 non
690 2177 110 41 esse
759 2177 193 41 terminata.
911 2177 69 41 ⁋
925 2177 97 41 Secun

240 2211 80 42 da
280 2211 201 42 propositio.
441 2211 161 42 cuilibet
562 2211 121 42 linee
642 2211 121 42 recte
722 2211 174 42 respondet
857 2211 107 42 vnus
924 2211 67 42 /
937 2211 94 42 gprus

231 2243 174 46 pedalis:
362 2243 87 46 et
406 2243 131 46 licet
493 2243 145 46 nullus
595 2243 174 46 pedalis:
726 2243 131 46 gyrus
813 2243 204 46 terminatur
973 2243 87 46 ad

238 2287 72 41 b
266 2287 158 41 punctum
382 2287 158 41 totalis
497 2287 130 41 tamen
583 2287 130 41 gyrus
670 2287 101 41 non
727 2287 216 41 protenditur
900 2287 130 41 vltra
972 2287 58 41 bi

231 2318 174 49 punctum.
362 2318 73 49 ⁋
391 2318 102 49 hec
449 2318 203 49 propositio
609 2318 102 49 quo
667 2318 87 49 ad
711 2318 131 49 omnes
798 2318 116 49 suas
870 2318 145 49 partes
957 2318 73 49 est

236 2358 140 40 clara.
334 2358 70 40 ⁋
362 2358 140 40 Tertia
460 2358 210 40 propositio.
628 2358 84 40 ad
669 2358 126 40 illum
753 2358 126 40 gprum
837 2358 112 40 esse
893 2358 140 40 infinite

228 2393 156 44 longum
338 2393 109 44 non
400 2393 187 44 sequitur
541 2393 109 44 hic
603 2393 172 44 aliquam
728 2393 156 44 lineam
838 2393 156 44 rectam
931 2393 94 44 esse

230 2428 162 43 infinite
352 2428 149 43 longam.
460 2428 95 43 hoc
514 2428 135 43 patet:
609 2428 108 43 quia
677 2428 122 43 linea
758 2428 176 43 gparatiua
893 2428 122 43 habet
960 2428 68 43 in-

219 2465 163 48 finitas
338 2465 222 48 pedalitates
515 2465 163 48 equales
634 2465 104 48 non
693 2465 207 48 coicantes:
855 2465 133 48 linea
929 2465 104 48 autem

235 2504 129 44 recta
321 2504 129 44 licet
406 2504 143 44 habeat
507 2504 186 44 infinitas
650 2504 143 44 lineas
750 2504 100 44 non
807 2504 129 44 tamen
893 2504 114 44 sunt
950 2504 86 44 infi

225 2546 117 39 nite
299 2546 146 39 longe.
401 2546 132 39 Prima
489 2546 117 39 enim
562 2546 117 39 pars
635 2546 263 39 proportionalis
854 2546 102 39 est
898 2546 132 39 pentepe

226 2579 132 46 dalis
314 2579 88 46 ex
358 2579 132 46 casu:
447 2579 161 46 secunda
564 2579 191 46 bipedalis
711 2579 88 46 et
755 2579 147 46 semis:
858 2579 132 46 terra
931 2579 88 46 peda

225 2616 102 43 lis
284 2616 87 43 et
327 2616 145 43 quarta
429 2616 116 43 pars
501 2616 145 43 pedis:
603 2616 87 43 et
647 2616 102 43 sic
705 2616 145 43 partes
792 2616 232 43 proportionales

236 2651 190 45 decrescunt
386 2651 82 45 in
427 2651 190 45 paruitate:
576 2651 82 45 et
617 2651 122 45 licet
699 2651 95 45 ita
753 2651 95 45 sit
807 2651 82 45 in
848 2651 163 45 partibus
957 2651 68 45 pro

234 2687 263 61 portionalibus
450 2687 139 61 linee
543 2687 201 61 gpratiue:
698 2687 139 61 tamen
791 2687 186 61 quelibet
931 2687 93 61 ad
962 2687 77 61 mi

1087 264 107 55 nus
1148 264 184 55 continet
1286 264 245 55 pedalitatem.
1485 264 107 55 hoc
1546 264 153 55 patet:
1653 264 184 55 quelibet
1776 264 107 55 linea

1078 311 209 42 circularis
1243 311 150 42 quando
1347 311 209 42 crassitudo
1512 311 105 42 est
1572 311 165 42 pedalis
1691 311 105 42 est
1736 311 150 42 pedalis:

1087 347 85 46 et
1129 347 127 46 linea
1214 347 170 46 gpratiua
1342 347 99 46 est
1398 347 170 46 longior:
1526 347 113 46 quia
1597 347 170 46 tortuose
1710 347 170 46 cireundat.

1090 387 130 44 patet
1176 387 87 44 ad
1220 387 159 44 sensum:
1335 387 101 44 nec
1393 387 173 44 procedit
1523 387 101 44 per
1581 387 145 44 lineam
1668 387 202 44 breuissimam.

1093 422 75 47 ⁋
1123 422 150 47 Quarta
1228 422 224 47 propositio.
1407 422 180 47 infinite
1542 422 135 47 longa
1632 422 105 47 est
1691 422 135 47 linea
1766 422 105 47 grraa

1077 461 135 43 tiua.
1167 461 105 43 hoc
1227 461 135 43 patet
1317 461 180 43 capiendo
1452 461 180 43 infinite
1572 461 300 43 syncategorematice.

1097 496 100 39 uia
1154 496 185 39 pedaliter
1296 496 100 39 est
1353 496 143 39 longa:
1453 496 100 39 hoc
1510 496 100 39 est
1567 496 128 39 datur
1653 496 100 39 ibi
1710 496 128 39 linea
1781 496 86 39 par-

1085 535 141 42 tialis
1184 535 169 42 pedalis.
1310 535 211 42 bipedaliter
1479 535 99 42 est
1536 535 141 42 longa:
1634 535 240 42 tripedaliter:
1818 535 56 42 et

1090 572 104 40 sic
1150 572 119 40 sine
1224 572 149 40 statu.
1329 572 134 40 linea
1418 572 149 40 gyrans
1522 572 119 40 duas
1597 572 149 40 primas
1701 572 149 40 partes
1790 572 75 40 pro

1080 606 220 49 portionales
1256 606 102 49 est
1315 606 220 49 bipedaliter
1490 606 132 49 longa
1578 606 88 49 ad
1622 606 176 49 minimum:
1754 606 88 49 et
1783 606 88 49 gra-

1083 649 112 44 rus
1147 649 159 44 gyrans
1258 649 128 44 tres
1338 649 159 44 partes
1450 649 287 44 proportionales
1689 649 112 44 est
1737 649 143 44 tripeda

1079 683 121 42 liter
1159 683 148 42 longus:
1266 683 80 42 si
1307 683 94 42 sit
1360 683 148 42 longior
1468 683 121 42 nihil
1548 683 201 42 impedimenti
1709 683 107 42 est:
1776 683 80 42 et
1803 683 67 42 sic

1090 718 109 42 sine
1159 718 137 42 statu.
1254 718 150 42 igitur:
1364 718 96 42 nec
1419 718 192 42 aduersarii
1569 718 123 42 illam
1651 718 150 42 negant.
1761 718 68 42 ⁋
1774 718 96 42 Quin-

1078 757 88 44 ta
1122 757 219 44 propositio.
1298 757 146 44 aliqua
1400 757 102 44 est
1459 757 132 44 linea
1547 757 176 44 infinite
1678 757 146 44 longa:
1766 757 117 44 proba-

1086 794 128 46 tur:
1166 794 143 46 gyrus
1261 794 159 46 gprans
1373 794 143 46 omnes
1469 794 159 46 partes
1580 794 287 46 proportionales
1803 794 80 46 il-

1086 829 116 45 lius
1159 829 131 45 linee
1246 829 131 45 recte
1333 829 102 45 est
1391 829 174 45 infinite
1522 829 160 45 longus.
1638 829 116 45 ergo
1696 829 189 45 propositum.

1090 872 139 40 patet:
1188 872 111 40 quia
1257 872 125 40 omnis
1341 872 125 40 linea
1424 872 181 40 continens
1564 872 181 40 infinitas
1703 872 139 40 partes
1786 872 84 40 equa

1084 905 100 45 les
1141 905 114 45 huic
1212 905 200 45 pedalitati
1369 905 71 45 /
1398 905 228 45 demonstrando
1583 905 214 45 pedalitatem
1755 905 114 45 vnam
1812 905 71 45 non

1075 944 251 41 communicantes
1282 944 103 41 est
1341 944 177 41 infinite
1473 944 147 41 longa:
1576 944 103 41 sed
1635 944 133 41 gprus
1724 944 103 41 qui
1768 944 118 41 gparat

1089 983 148 41 comnes
1193 983 148 41 partes
1297 983 104 41 est
1356 983 208 41 huiusmodi.
1520 983 163 41 igitur.
1638 983 238 41 consequentia
1817 983 59 41 pa

1081 1017 97 40 tet
1137 1017 83 40 in
1178 1017 139 40 darii.
1276 1017 181 40 huiusmodi
1415 1017 70 40 a
1443 1017 125 40 parte
1526 1017 195 40 praedicati
1679 1017 83 40 in
1721 1017 139 40 minore
1804 1017 70 40 dat

1079 1055 238 46 intelligere
1269 1055 206 46 subiectum
1428 1055 190 46 maioris.
1570 1055 79 46 ⁋
1602 1055 111 46 Nec
1665 1055 143 46 valet
1744 1055 127 46 dicere

1086 1092 131 42 sicut
1174 1092 145 42 dicunt
1275 1092 160 42 aliqui:
1391 1092 145 42 nullus
1493 1092 131 42 gprat
1580 1092 145 42 omnes:
1681 1092 116 42 quia
1754 1092 102 42 nec
1797 1092 73 42 pri

1082 1127 98 46 me
1131 1127 163 46 partis
1245 1127 294 46 proportionalis
1490 1127 147 46 grrus
1588 1127 147 46 gprat
1685 1127 147 46 omnes
1767 1127 98 46 par-

1079 1163 99 44 tes
1135 1163 269 44 proportionales:
1362 1163 99 44 nec
1418 1163 156 44 secunde
1532 1163 85 44 et
1574 1163 99 44 sic
1631 1163 85 44 de
1673 1163 184 44 singulis:
1800 1163 71 44 vna

1080 1202 124 50 enim
1157 1202 216 50 singularis
1327 1202 108 50 est
1388 1202 139 50 falsa
1481 1202 247 50 demonstrando
1682 1202 170 50 totalem
1790 1202 77 50 gam

1077 1237 103 44 rum
1136 1237 103 44 qni
1195 1237 148 44 gparat
1299 1237 148 44 omnes:
1402 1237 89 44 et
1446 1237 89 44 si
1490 1237 133 44 illum
1579 1237 103 44 non
1638 1237 207 44 demonstres
1785 1237 89 44 alce

1091 1275 101 43 sus
1148 1275 130 43 nihil
1235 1275 144 43 valet.
1336 1275 72 43 ⁋
1364 1275 144 43 Aliqui
1465 1275 130 43 magis
1552 1275 158 43 dissute
1667 1275 187 43 loquentes
1797 1275 86 43 con-

1090 1317 143 45 cedunt
1190 1317 114 45 quod
1261 1317 100 45 est
1318 1317 157 45 aliquis
1432 1317 128 45 gyrus
1518 1317 143 45 grrans
1617 1317 128 45 omnes
1703 1317 143 45 partes
1788 1317 86 45 pro-

1090 1351 211 46 portionales
1259 1351 240 46 distributiue:
1456 1351 99 46 sed
1513 1351 99 46 non
1569 1351 211 46 collectiue:
1738 1351 127 46 illud
1809 1351 70 46 au-

1075 1395 116 38 tem
1142 1395 116 38 est
1208 1395 183 38 falsum:
1341 1395 183 38 totalis
1474 1395 149 38 graus
1574 1395 149 38 grrat
1673 1395 166 38 omnes.
1789 1395 83 38 ⁋
1806 1395 83 38 Se-

1087 1424 123 51 cundo
1169 1424 109 51 enim
1238 1424 164 51 repugnat
1361 1424 82 51 in
1402 1424 137 51 logica
1497 1424 109 51 quod
1566 1424 150 51 totalis
1675 1424 123 51 linea
1743 1424 137 51 grarati-

1082 1460 83 44 ua
1124 1460 139 44 gparat
1221 1460 125 44 omnes
1304 1460 222 44 distributiue
1485 1460 83 44 et
1527 1460 97 44 non
1582 1460 208 44 collectiue:
1749 1460 111 44 quia
1805 1460 69 44 da-

1089 1499 131 42 bitur
1177 1499 102 42 vna
1235 1499 203 42 singularis
1394 1499 87 42 de
1438 1499 131 42 omnes
1525 1499 232 42 distributiue
1713 1499 102 42 que
1757 1499 116 42 infert

1089 1539 135 42 omnes
1179 1539 226 42 collectiue:
1360 1539 120 42 esto
1435 1539 120 42 enim
1510 1539 120 42 quod
1585 1539 105 42 non
1645 1539 196 42 sequatur:
1781 1539 105 42 omnes

1083 1572 183 50 apostoli
1220 1572 107 50 dei
1281 1572 198 50 pauciores
1433 1572 183 50 duodecim
1570 1572 122 50 sunt
1646 1572 198 50 pauciores
1783 1572 91 50 duo-

1084 1612 165 44 decim:
1200 1612 132 44 ergo
1283 1612 149 44 omnes
1382 1612 198 44 Apostoli
1530 1612 116 44 dei
1596 1612 215 44 pauciores
1745 1612 132 44 duode-

1082 1646 117 50 cim
1149 1646 133 50 sunt
1232 1646 217 50 pauciores
1399 1646 217 50 duodecim.
1566 1646 200 50 capiendo
1716 1646 150 50 omnes
1800 1646 83 50 di-

1084 1687 198 43 stributiue
1239 1687 85 43 in
1281 1687 212 43 antecedente
1451 1687 85 43 et
1493 1687 198 43 collectiue
1648 1687 85 43 in
1676 1687 198 43 consequente.

1091 1723 97 45 Nec
1147 1723 97 45 ego
1202 1723 97 45 sto
1258 1723 83 45 in
1300 1723 97 45 hac
1355 1723 209 45 probatione:
1522 1723 167 45 infinita
1647 1723 97 45 est
1703 1723 125 45 linea
1773 1723 97 45 gura-

1087 1761 159 40 ratiua:
1202 1761 116 40 ergo
1274 1761 130 40 linea
1361 1761 188 40 gparatiua
1506 1761 101 40 est
1563 1761 188 40 infinita:
1708 1761 173 40 arguendo
1824 1761 43 40 a

1079 1798 247 43 suppositione
1279 1798 170 43 confusa
1402 1798 154 43 tantum
1510 1798 92 43 ad
1556 1798 262 43 determinatam:
1757 1798 123 43 manen-

1092 1833 79 47 te
1131 1833 118 47 signo
1210 1833 197 47 virtualiter
1368 1833 223 47 distributiuo:
1552 1833 92 47 sed
1604 1833 79 47 in
1644 1833 92 47 hoc
1696 1833 105 47 quod
1762 1833 92 47 hic
1801 1833 66 47 gp-

1081 1872 119 41 rus
1149 1872 271 41 demonstratus
1369 1872 152 41 grrat
1471 1872 152 41 omnes
1572 1872 169 41 partes
1674 1872 203 41 proportio-

1080 1911 132 41 nales
1168 1911 249 41 distributiue:
1373 1911 88 41 et
1417 1911 161 41 dabiles
1534 1911 117 41 sunt
1607 1911 132 41 omnes
1680 1911 190 41 collectiuer

1090 1944 195 45 propterea
1240 1944 165 45 graraat
1360 1944 105 45 eos
1420 1944 135 45 omnes
1511 1944 225 45 collectiue:
1691 1944 105 45 due
1736 1944 135 45 medieta

1077 1983 106 47 tes
1137 1983 151 47 totius
1243 1983 121 47 sunt
1318 1983 136 47 omnes
1409 1983 226 47 collectiue:
1590 1983 166 47 tenendo
1711 1983 121 47 quod
1771 1983 106 47 totum

1091 2021 93 43 est
1144 2021 93 43 sue
1197 2021 133 43 partes
1290 2021 133 43 (sicut
1383 2021 133 43 tenent
1476 2021 199 43 aduersarii)
1635 2021 159 43 implicat
1755 2021 106 43 quod
1808 2021 66 43 in-

1077 2059 148 43 finite
1181 2059 119 43 sint
1255 2059 148 43 partes
1359 2059 148 43 angeli
1463 2059 74 43 /
1492 2059 104 43 vel
1552 2059 148 43 puncta
1656 2059 74 43 /
1670 2059 208 43 syncategore-

1077 2094 166 44 matice:
1198 2094 121 44 quin
1273 2094 181 44 infinita
1409 2094 121 44 sint
1484 2094 136 44 talia
1574 2094 286 44 categorematice.
1801 2094 75 44 nec

1083 2130 243 47 apparentiam
1277 2130 146 47 video
1375 2130 97 47 in
1423 2130 146 47 eorum
1520 2130 178 47 dictis.
1650 2130 81 47 ⁋
1683 2130 113 47 Sed
1731 2130 146 47 dubita-

1081 2164 101 50 bis
1138 2164 87 50 de
1182 2164 130 50 linee
1269 2164 174 50 gpratiue
1399 2164 203 50 infinitate
1558 2164 87 50 et
1602 2164 159 50 merito.
1718 2164 87 50 Et
1761 2164 101 50 sic
1805 2164 72 50 ar-

1086 2205 193 47 gumentor.
1234 2205 89 47 Si
1279 2205 133 47 esset
1368 2205 104 47 vna
1427 2205 133 47 linea
1516 2205 178 47 infinite
1649 2205 133 47 longa
1738 2205 133 47 recta
1812 2205 74 47 ter

1087 2244 148 45 minata
1191 2244 178 45 Parisii.
1325 2244 89 45 et
1369 2244 193 45 caperetur
1518 2244 89 45 et
1562 2244 282 45 circunduceretur
1785 2244 89 45 illa

1085 2279 109 43 per
1148 2279 187 43 columnam
1288 2279 171 43 nostram
1412 2279 109 43 per
1474 2279 140 43 modum
1568 2279 140 43 gpri:
1661 2279 109 43 iam
1723 2279 124 43 tota
1786 2279 93 43 illa

1089 2319 131 40 linea
1177 2319 248 40 absolueretur:
1381 2319 117 40 quia
1454 2319 175 40 infinite
1585 2319 219 40 pedalitates
1760 2319 117 40 eius
1819 2319 58 40 es

1076 2350 132 49 sent
1158 2350 214 49 applicate
1322 2350 198 49 grratiue
1471 2350 148 49 circa
1569 2350 198 49 columnam
1717 2350 165 49 datam.
1816 2350 66 49 Et

1091 2390 98 45 sic
1147 2390 112 45 ista
1217 2390 126 45 linea
1301 2390 98 45 non
1357 2390 98 45 est
1413 2390 126 45 minus
1497 2390 126 45 longa
1580 2390 112 45 quam
1650 2390 140 45 antea.
1734 2390 154 45 istalinea

1084 2426 73 46 a
1114 2426 205 46 extrinseca
1274 2426 102 46 est
1333 2426 175 46 infinite
1465 2426 146 46 longa:
1567 2426 117 46 ergo
1640 2426 88 46 be
1684 2426 132 46 gyrus
1757 2426 117 46 colum-

1091 2462 81 44 ne
1131 2462 162 44 inherens
1252 2462 94 44 est
1306 2462 162 44 infinite
1427 2462 135 44 longus
1521 2462 108 44 quia
1589 2462 189 44 inherentia
1737 2462 94 44 vel
1791 2462 94 44 non
1831 2462 54 44 in

1081 2495 206 49 herentia
1236 2495 120 49 non
1304 2495 206 49 diminuit
1459 2495 292 49 longitudinem.
1700 2495 86 49 ⁋
1717 2495 172 49 Responde

1078 2538 106 41 tur
1139 2538 167 41 tenendo
1260 2538 152 41 lineam
1366 2538 122 41 esse
1442 2538 182 41 accidens
1579 2538 228 41 latitudinis
1761 2538 91 41 et
1792 2538 91 41 pro-

1083 2574 214 49 funditatis
1251 2574 153 49 immune
1358 2574 153 49 (prout
1465 2574 229 49 recitauimus
1648 2574 183 49 superius
1785 2574 92 49 in
1816 2574 61 49 vi

1076 2620 257 37 gesimaquarta
1285 2620 273 37 distinctione)
1510 2620 128 37 mihi
1590 2620 209 37 persuasum
1751 2620 112 37 est
1799 2620 80 37 non

1081 2645 130 50 solum
1167 2645 115 50 quod
1239 2645 173 50 infinita
1369 2645 101 50 est
1427 2645 130 50 linea
1513 2645 202 50 gparatiua:
1672 2645 115 50 quia
1744 2645 101 50 hoc
1787 2645 101 50 Ioan-

1096 2686 80 53 nes
1141 2686 148 53 concedit:
1255 2686 80 53 sed
1300 2686 91 53 quod
1357 2686 102 53 linea
1425 2686 148 53 gparatiua
1539 2686 80 53 est
1584 2686 148 53 infinita:
1698 2686 91 53 quod
1755 2686 102 53 dicit
1812 2686 68 53 ali
