2344 3332
474 257 103 55 qua
533 257 162 55 transit
651 257 103 55 per
710 257 118 55 tres
784 257 148 55 aliqua
887 257 103 55 per
946 257 162 55 centum:
1064 257 103 55 per
1123 257 133 55 omnes
1197 257 74 55 est

474 301 154 44 aliqua
581 301 185 44 protensa
720 301 108 44 sed
782 301 139 44 nulla
874 301 170 44 transit
998 301 108 44 per
1059 301 154 44 omnes.
1167 301 108 44 Sed
1213 301 62 44 il

479 338 109 42 lam
542 338 233 42 categoricam
728 338 93 42 de
775 338 186 42 copulato
914 338 171 42 extremo
1039 338 140 42 dicit
1132 338 93 42 se
1163 338 93 42 null

464 375 141 46 tenus
559 375 220 46 concedere:
731 375 157 46 aliqua
841 375 110 46 est
904 375 188 46 protensa
1045 375 110 46 per
1108 375 141 46 decem
1187 375 79 46 cen

467 415 98 44 tum
523 415 70 44 e
551 415 140 44 mille.
649 415 84 44 et
691 415 140 44 semper
789 415 112 44 stat
859 415 84 44 in
901 415 126 44 ostio
985 415 98 44 sue
1041 415 182 44 spelunce:
1167 415 98 44 nulle

473 454 109 42 sunt
541 454 136 42 omnes.
637 454 109 42 quod
705 454 95 42 eum
759 454 136 42 mouet:
854 454 82 42 et
895 454 122 42 dicit
976 454 95 42 hoc
1031 454 95 42 (vt
1085 454 122 42 patet
1167 454 82 42 in
1194 454 68 42 dec

479 483 151 47 masexta
589 483 179 47 questione
726 483 137 47 illius
823 483 137 47 libri)
919 483 82 47 si
960 483 96 47 non
1015 483 165 47 teneatur
1138 483 124 47 linea
1207 483 55 47 mo

468 526 88 51 re
512 526 161 51 realium
629 526 117 51 siue
702 526 176 51 opposito
834 526 117 51 modo
907 526 102 51 non
966 526 161 51 refert:
1083 526 102 51 sed
1141 526 132 51 illam
1214 526 59 51 de

469 559 178 50 copulato
603 559 208 50 praedicato
766 559 119 50 quam
841 559 134 50 negat
930 559 208 50 inconcusse
1094 559 164 50 concedo
1198 559 74 50 te-

472 602 136 42 nendo
563 602 212 42 positionem
729 602 167 42 realium
850 602 91 42 de
896 602 151 42 linea.
1002 602 106 42 Sed
1062 602 167 42 tenendo
1168 602 91 42 oppo

462 635 139 46 situm
554 635 139 46 (quod
646 635 169 46 videtur
769 635 277 46 rationabilius)
1000 635 169 46 augetur
1108 635 154 46 difficul

475 677 99 42 tas:
536 677 74 42 et
573 677 148 42 secundum
684 677 111 42 illum
758 677 185 42 concedituir
906 677 99 42 quod
968 677 148 42 infinita
1079 677 86 42 est
1128 677 111 42 linea
1190 677 74 42 grei

471 712 157 43 ratiua
581 712 188 43 capiendo
723 712 204 43 infinitum
880 712 345 43 syncategorematice:
1162 712 110 43 peda-

469 747 98 43 lis
525 747 112 43 est.
595 747 182 43 bipedalis
735 747 98 43 est
791 747 126 43 linea
875 747 196 43 gparatiua:
1029 747 126 43 patet
1113 747 168 43 capiendi

464 786 226 46 congeriem
637 786 174 46 duorum
759 786 208 46 primorum
915 786 191 46 gprorum
1054 786 191 46 equalis
1175 786 87 46 lat

472 820 178 45 tudinis:
605 820 237 45 centupedalis
798 820 104 45 est
857 820 104 45 per
917 820 148 45 eandem
1020 820 193 45 rationem.
1168 820 89 45 et
1198 820 74 45 sic

474 862 149 46 semper
579 862 179 46 seruando
713 862 164 46 equalem
832 862 239 46 latitudinem:
1026 862 90 46 et
1071 862 104 46 sic
1116 862 149 46 habentur

472 896 105 46 due
532 896 255 46 propositiones
742 896 120 46 bene
817 896 240 46 intelligenti
1013 896 105 46 non
1073 896 180 46 ambigue.
1193 896 75 46 Sed

463 932 89 47 an
508 932 104 47 est
567 932 224 47 aliqualinea
746 932 194 47 graratiua
895 932 179 47 infinite
1030 932 134 47 longa
1119 932 104 47 est
1164 932 104 47 maior

474 970 242 46 difficultas:
670 970 121 46 nunc
746 970 151 46 loquar
851 970 91 46 de
897 970 181 46 infinito
1017 970 257 46 categorematice.

475 1006 66 50 â‹
501 1006 79 50 Et
541 1006 145 50 ponitur
646 1006 132 50 tertia
739 1006 185 50 propositio
884 1006 211 50 probabiliter
1056 1006 106 50 quod
1122 1006 106 50 sic:
1175 1006 92 50 patet

473 1038 92 48 de
519 1038 122 48 gpro
595 1038 214 48 transeunte
763 1038 107 48 per
824 1038 153 48 omnes.
930 1038 92 48 Et
976 1038 107 48 hoc
1037 1038 122 48 iste
1098 1038 168 48 venerabi-

479 1084 100 45 lis
536 1084 144 45 regens
637 1084 215 45 concederet:
809 1084 129 45 prout
895 1084 201 45 frequenter
1053 1084 158 45 repetit
1168 1084 86 45 si
1196 1084 72 45 ali

469 1119 106 44 quis
535 1119 173 44 transiret
668 1119 93 44 per
721 1119 133 44 omnes.
814 1119 93 44 Sed
867 1119 159 44 probatur
986 1119 106 44 quod
1053 1119 146 44 aliquis
1146 1119 119 44 transit

473 1163 95 45 per
528 1163 136 45 omnes:
623 1163 109 45 quia
691 1163 82 45 si
732 1163 95 45 non
787 1163 136 45 maxime
882 1163 123 45 esset
964 1163 109 45 quia
1032 1163 123 45 nulli
1114 1163 109 45 sunt
1169 1163 95 45 omnes

481 1193 123 46 sicut
563 1193 109 46 ipse
631 1193 164 46 concedit
754 1193 82 46 et
795 1193 123 46 alter
877 1193 109 46 eius
945 1193 177 46 conregens
1082 1193 68 46 /
1109 1193 96 46 sed
1164 1193 96 46 est
1204 1193 55 46 al

483 1234 104 51 qui
542 1234 118 51 sunt
616 1234 133 51 omnes
705 1234 89 51 vt
749 1234 133 51 supra
838 1234 192 51 ostensum:
986 1234 104 51 nec
1045 1234 118 51 opus
1119 1234 104 51 est
1163 1234 104 51 illud

469 1266 161 50 suadere
586 1266 132 50 docto
674 1266 117 50 viro
747 1266 161 50 tenendi
864 1266 132 50 totum
952 1266 234 50 identificari
1142 1266 102 50 cum
1186 1266 88 50 suis

470 1312 187 46 partibus
610 1312 109 46 (vt
673 1312 218 46 existimos.
844 1312 78 46 â‹
875 1312 109 46 Sed
937 1312 171 46 aliquis
1062 1312 156 46 potest
1155 1312 109 46 oppo-

466 1341 111 52 nere
536 1341 153 52 aliter.
647 1341 139 52 Nullus
745 1341 125 52 gprus
828 1341 153 52 transit
940 1341 98 52 per
995 1341 125 52 omnes
1079 1341 111 52 esto
1149 1341 111 52 quod
1204 1341 70 52 den

480 1390 92 39 tur
532 1390 118 39 omnes
611 1390 92 39 Vel
663 1390 92 39 sic
715 1390 92 39 (et
768 1390 236 39 rationabilius)
964 1390 118 39 licet
1043 1390 144 39 aliquis
1134 1390 131 39 transeat

477 1425 84 45 per
525 1425 108 45 omnes
597 1425 96 45 ille
657 1425 108 45 tamen
730 1425 84 45 non
778 1425 84 45 est
826 1425 144 45 infinite
934 1425 120 45 longus
1018 1425 96 45 quia
1079 1425 132 45 propter
1163 1425 108 45 diffor-

478 1464 104 36 mem
538 1464 223 36 latitudinem
716 1464 119 36 eius
790 1464 119 36 quam
864 1464 163 36 oportet
983 1464 178 36 reducere
1117 1464 89 36 ad
1146 1464 119 36 vnifor

468 1492 186 48 mitatem:
608 1492 124 48 erit
686 1492 171 48 finitas
810 1492 93 48 in
856 1492 248 48 longitudine.
1058 1492 78 48 â‹
1089 1492 124 48 Ista
1151 1492 109 48 oppos

462 1532 105 41 tio
522 1532 90 41 in
567 1532 195 41 oreperiti
718 1532 180 41 aduocati
853 1532 105 41 est
913 1532 211 41 peremptori
1079 1532 75 41 a
1109 1532 165 41 sequedo
1214 1532 60 41 il

468 1564 89 46 la
513 1564 207 46 principia:
675 1564 178 46 sufficit
808 1564 222 46 pobabiliter
986 1564 192 46 oppositum
1119 1564 148 46 suadere:

485 1607 86 45 vt
528 1607 129 45 minos
614 1607 187 45 cretensis
758 1607 101 45 det
815 1607 101 45 non
873 1607 158 45 iniquam
988 1607 216 45 sententiam.
1160 1607 86 45 Si
1189 1607 72 45 ca-

473 1642 165 57 peretur
593 1642 135 57 linea
684 1642 196 57 terminata
834 1642 165 57 parisii
954 1642 90 57 in
999 1642 180 57 orientem
1120 1642 150 57 protensa

474 1682 93 43 in
520 1682 201 43 infinitum
675 1682 139 43 cuius
767 1682 139 43 prima
860 1682 201 43 pedalitas
1015 1682 124 43 erit
1076 1682 186 43 quadrupeda

476 1720 130 43 liter
562 1720 130 43 lata:
649 1720 159 43 secunda
764 1720 188 43 pedalitas
909 1720 217 43 bipedaliter
1082 1720 130 43 lata:
1154 1720 116 43 tertia

471 1761 204 45 pedaliter:
631 1761 87 45 et
675 1761 102 45 sic
733 1761 174 45 quelibet
864 1761 189 45 pedalitas
1009 1761 160 45 sequens
1126 1761 116 45 erit
1184 1761 87 45 sub-

468 1791 132 44 duple
556 1791 220 44 latitudinis
733 1791 88 44 ad
777 1791 235 44 precedentem:
968 1791 162 44 dicatur
1086 1791 103 44 hec
1144 1791 132 44 linea
1218 1791 44 44 a

475 1835 183 42 difformis
616 1835 226 42 latitudinis:
799 1835 71 42 a
828 1835 99 42 est
884 1835 169 42 infinite
1011 1835 127 42 longa
1096 1835 155 42 tenendo
1194 1835 71 42 cor

477 1870 107 46 pus
538 1870 107 46 ita
599 1870 153 46 longum
706 1870 137 46 sicut
797 1870 214 46 longissima
965 1870 122 46 paro
1041 1870 137 46 eius.
1117 1870 153 46 Alioquin

476 1905 101 44 non
533 1905 130 44 dices
620 1905 158 44 hominem
735 1905 101 44 ita
793 1905 144 44 longum
893 1905 130 44 sicut
980 1905 101 44 est
1037 1905 173 44 diameter
1153 1905 115 44 protem

473 1940 79 46 sa
512 1940 66 46 a
539 1940 144 46 vertice
644 1940 144 46 capitis
749 1940 79 46 ad
788 1940 144 46 plantam
893 1940 131 46 pedis.
985 1940 131 46 patet:
1077 1940 105 46 quia
1143 1940 105 46 erit
1195 1940 66 46 dif

475 1981 154 43 formis
582 1981 200 43 songitudo
736 1981 169 43 ducendo
859 1981 123 43 duas
936 1981 154 43 lineas
1044 1981 77 43 a
1074 1981 154 43 duobus
1167 1981 92 43 pedi

470 2021 109 37 bus
533 2021 93 37 ad
579 2021 140 37 binos
673 2021 187 37 humeros:
813 2021 109 37 sed
876 2021 156 37 aliqua
985 2021 125 37 pars
1062 2021 156 37 illius
1156 2021 109 37 linec

475 2061 99 37 est
531 2061 169 37 infinite
658 2061 141 37 longa:
757 2061 127 37 patet
842 2061 85 37 de
884 2061 127 37 parte
969 2061 99 37 qua
1025 2061 169 37 includit
1152 2061 113 37 duas
1209 2061 56 37 pr

466 2089 117 42 mas
533 2089 251 42 pedalitates
734 2089 200 42 secundum
884 2089 267 42 longitudinem
1101 2089 100 42 et
1134 2089 134 42 bipeda

471 2121 94 51 lem
524 2121 202 51 latitudinem
686 2121 108 51 ecum
753 2121 108 51 toto
821 2121 162 51 residuo:
942 2121 81 51 et
982 2121 94 51 sic
1036 2121 81 51 de
1076 2121 175 51 infinitis
1198 2121 67 51 ta-

481 2164 139 45 libus
573 2164 200 45 partibus.
727 2164 170 45 igitur.
851 2164 77 45 â‹
882 2164 108 45 Sed
943 2164 154 45 contra
1051 2164 108 45 hoc
1097 2164 170 45 arguitur.

469 2206 128 42 istud
554 2206 142 42 corpus
654 2206 199 42 columnnare
810 2206 199 42 componitur
966 2206 85 42 ex
1009 2206 128 42 istis
1094 2206 142 42 lineis
1180 2206 85 42 gra-

481 2242 160 41 ratiuis
598 2242 160 41 tenendo
714 2242 160 41 secundo
831 2242 218 41 positionem:
1006 2242 87 41 et
1050 2242 146 41 aliqua
1151 2242 102 41 est
1195 2242 73 41 in-

477 2277 148 46 finite
581 2277 133 46 longa
669 2277 74 46 /
699 2277 118 46 immo
773 2277 192 46 quelibet)
921 2277 89 46 et
965 2277 192 46 quodlibet
1113 2277 148 46 corpus
1202 2277 59 46 es

468 2312 107 45 ita
529 2312 153 45 longum
636 2312 137 45 sicut
727 2312 214 45 longissima
895 2312 122 45 paro
971 2312 137 45 eius:
1063 2312 122 45 ergo
1124 2312 137 45 colunna

475 2350 98 44 est
531 2350 168 44 infinite
657 2350 140 44 longa.
754 2350 70 44 â‹
782 2350 98 44 Sed
838 2350 126 44 dices
922 2350 98 44 (et
978 2350 98 44 sic
1034 2350 168 44 dicendum
1159 2350 98 44 est
1201 2350 70 44 con

475 2387 172 47 sequenter)
610 2387 98 47 quod
672 2387 123 47 corpus
758 2387 86 47 vel
807 2387 111 47 linea
881 2387 111 47 recta
954 2387 86 47 est
1004 2387 86 47 ita
1053 2387 111 47 longa
1127 2387 111 47 sicut
1188 2387 74 47 quam

480 2429 131 39 cunque
572 2429 105 39 paro
637 2429 105 39 eius
703 2429 131 39 recta:
795 2429 79 39 et
834 2429 157 39 quelibet
952 2429 118 39 linea
1031 2429 118 39 curua
1110 2429 92 39 est
1162 2429 92 39 ita
1201 2429 66 39 lon

471 2463 84 44 ga
513 2463 125 44 ficut
596 2463 139 44 aliqua
694 2463 111 44 paro
764 2463 111 44 eius
833 2463 139 44 curua:
931 2463 84 44 et
973 2463 125 44 licet
1056 2463 125 44 linea
1140 2463 125 44 curua
1209 2463 56 44 si

473 2504 112 38 pars
543 2504 126 38 linee
627 2504 140 38 recte:
726 2504 84 38 et
768 2504 154 38 contra:
880 2504 126 38 tamen
964 2504 98 38 non
1020 2504 168 38 mensurat
1147 2504 112 38 eius
1203 2504 56 38 le

487 2540 196 47 gitudinem.
641 2540 112 47 Quod
711 2540 126 47 linea
795 2540 126 47 curua
879 2540 98 47 sit
934 2540 112 47 pars
1004 2540 126 47 linee
1088 2540 126 47 recte
1158 2540 112 47 proba-

474 2580 106 40 tur
534 2580 121 40 sic.
610 2580 136 40 eapio
701 2580 151 40 lineam
807 2580 151 40 rectam
913 2580 197 40 protensam
1064 2580 91 40 ab
1110 2580 76 40 a
1140 2580 121 40 cono
1200 2580 61 40 ac

478 2614 76 47 b
508 2614 137 47 conum
599 2614 137 47 vsque
691 2614 106 47 per
751 2614 152 47 lineam
858 2614 243 47 breuissimam:
1055 2614 106 47 iam
1116 2614 106 47 hec
1162 2614 106 47 linea

483 2648 90 42 ab
528 2648 105 42 est
588 2648 135 42 recta
678 2648 105 42 cum
738 2648 150 42 medium
843 2648 105 42 non
904 2648 150 42 distet
1009 2648 90 42 ab
1054 2648 195 42 extremis:
1189 2648 75 42 pe-

479 2687 237 46 diffinitionem
674 2687 126 46 linee
758 2687 139 46 recte:
856 2687 98 46 sed
911 2687 126 46 linea
995 2687 181 46 graratiua
1135 2687 98 46 vel
1176 2687 98 46 circu

1317 252 141 67 laris
1412 252 204 67 transiens
1569 252 110 67 per
1632 252 157 67 lineam
1742 252 94 67 ab
1789 252 110 67 est
1852 252 126 67 pars
1915 252 204 67 communicans

1325 303 99 54 cum
1381 303 127 54 parte
1466 303 127 54 linee
1550 303 70 54 a
1578 303 84 54 b.
1620 303 155 54 Secunda
1733 303 113 54 pars
1803 303 141 54 patet:
1902 303 113 54 quia
1972 303 113 54 data
2029 303 99 54 linea

1321 339 122 53 curua
1403 339 176 53 quacumque
1538 339 122 53 libet
1619 339 108 53 illa
1687 339 122 53 habet
1768 339 135 53 partes
1863 339 162 53 secundum
1985 339 122 53 latum
2052 339 68 53 lon

1331 381 101 47 gum
1388 381 86 47 et
1431 381 202 47 profundum:
1590 381 115 47 ergo
1662 381 101 47 pot
1720 381 86 47 in
1763 381 115 47 illa
1835 381 187 47 assignari
1979 381 130 47 linea
2051 381 72 47 par

1329 421 87 50 ua
1372 421 188 50 gparatiua
1516 421 101 50 vel
1574 421 202 50 circularis
1733 421 173 50 tortuose
1862 421 130 50 ducta
1949 421 130 50 circa
2021 421 101 50 illam

1324 451 141 53 lineam
1422 451 141 53 rectam
1521 451 99 53 que
1577 451 113 53 erit
1648 451 113 53 paro
1718 451 127 53 eius.
1802 451 84 53 et
1845 451 127 53 istud
1929 451 99 53 est
1985 451 127 53 verum
2056 451 56 53 te

1333 493 134 47 nendo
1422 493 148 47 lineam
1526 493 119 47 esse
1600 493 223 47 latitudinem
1779 493 89 47 et
1823 493 252 47 profunditatem
2031 493 89 47 et
2061 493 59 47 es

1317 524 89 55 se
1362 524 223 55 snbstantiam
1540 524 194 55 lineatam:
1689 524 134 55 secus
1779 524 104 55 est
1838 524 89 55 si
1883 524 194 55 sustinere
2017 524 104 55 volue

1327 568 123 47 rimus
1410 568 110 47 quod
1478 568 123 47 linea
1561 568 165 47 quelibet
1684 568 123 47 omnis
1766 568 206 47 latitudinis
1931 568 82 47 et
1958 568 165 47 profundita

1315 607 108 44 tis
1376 607 108 44 est
1438 607 185 44 immunis.
1577 607 77 44 â‹
1608 607 108 44 Sed
1669 607 93 44 ex
1716 607 123 44 isto
1793 607 154 44 (dices
1901 607 216 44 repugnamus
2055 607 62 44 no

1321 638 104 46 bis
1381 638 89 46 in
1425 638 267 46 vigesimaquarta
1648 638 238 46 distinctione
1841 638 148 46 huius:
1945 638 104 46 vbi
1989 638 134 46 diceba-

1324 680 96 41 mus
1379 680 206 41 impossibile
1544 680 110 41 esse
1612 680 110 41 quod
1681 680 137 41 aliqua
1777 680 110 41 pars
1846 680 123 41 linee
1928 680 123 41 curue
2010 680 96 41 sit
2051 680 69 41 re-

1315 714 108 50 cta.
1382 714 81 50 et
1422 714 121 50 ratio
1503 714 108 50 erat
1571 714 108 50 quia
1638 714 162 50 quelibet
1759 714 121 50 linea
1840 714 121 50 recta
1921 714 135 50 potest
2002 714 121 50 tangere

1322 751 154 50 corpus
1429 751 184 50 phericum
1568 751 184 50 secundum
1706 751 261 50 longitudinem:
1921 751 138 50 secus
2013 751 108 50 est
2060 751 61 50 de

1318 789 169 54 circulo
1440 789 107 54 vel
1502 789 169 54 sphera.
1624 789 77 54 â‹
1655 789 245 54 Respondetur.
1854 789 123 54 quod
1916 789 199 54 repugnantia

1321 834 97 39 est
1376 834 138 39 nulla:
1473 834 165 39 secundum
1597 834 110 39 vnam
1666 834 207 39 positionem:
1831 834 97 39 hoc
1887 834 97 39 est
1928 834 193 39 lucidissimum

1326 867 77 46 et
1365 867 154 46 secundum
1480 867 154 46 alteram:
1596 867 90 46 hoc
1647 867 129 46 iterum
1737 867 116 46 patet
1814 867 154 46 loquendo
1930 867 77 46 de
1956 867 154 46 superficit

1321 898 158 47 conuexa
1435 898 201 47 circularis
1593 898 172 47 corporis
1723 898 100 47 vel
1780 898 187 47 spherici.
1923 898 129 47 secus
2010 898 100 47 est
2053 898 57 47 de

1319 944 199 39 partibus
1468 944 149 39 inter
1568 944 248 39 superficiem
1766 944 199 39 conuexam
1915 944 99 39 et
1948 944 166 39 concauam

1360 974 97 43 Sed
1416 974 83 43 ex
1457 974 111 43 illo
1526 974 166 43 infertur
1651 974 222 43 corollarium:
1831 974 125 43 licet
1914 974 166 43 videatur
2025 974 97 43 pere-

1318 1016 136 41 grinum
1414 1016 177 41 geometrie
1550 1016 95 41 (et
1604 1016 204 41 metaphysice
1767 1016 95 41 est
1821 1016 136 41 verum)
1917 1016 109 41 quod
1985 1016 122 41 linea
2053 1016 54 41 rn

1325 1057 112 38 cta
1389 1057 112 38 non
1453 1057 159 38 potest
1564 1057 175 38 tangere
1692 1057 159 38 corpus
1803 1057 159 38 planum
1915 1057 191 38 secundum
2042 1057 80 38 si-

1321 1092 103 38 tum
1380 1092 117 38 quem
1453 1092 132 38 habet
1542 1092 88 38 et
1586 1092 250 38 applicationem
1791 1092 176 38 corporis
1923 1092 176 38 perfecte
2041 1092 73 38 pla

1317 1129 106 36 ni.
1377 1129 106 36 Sed
1438 1129 106 36 hoc
1499 1129 106 36 non
1559 1129 182 36 prouenit
1696 1129 76 36 a
1726 1129 227 36 rectitudine
1908 1129 106 36 sed
1968 1129 76 36 a
1984 1129 136 36 spheri-

1323 1165 171 43 citate.
1448 1165 78 43 â‹
1479 1165 109 43 Sed
1541 1165 171 43 contra:
1665 1165 186 43 capiamus
1805 1165 140 43 gpros
1898 1165 171 43 aliquos
2006 1165 109 43 desci

1324 1199 140 45 dentes
1422 1199 84 45 ad
1464 1199 154 45 centrum
1575 1199 140 45 illius
1673 1199 168 45 columne:
1799 1199 98 45 qui
1855 1199 168 45 conflant
1980 1199 126 45 illam
2050 1199 70 45 cor

1318 1234 144 54 lumnam:
1423 1234 79 54 et
1462 1234 105 54 tunc
1528 1234 92 54 sic
1581 1234 131 54 arguo.
1672 1234 105 54 isti
1738 1234 105 54 gpri
1804 1234 105 54 sunt
1869 1234 158 54 infinite
1988 1234 131 54 longi:
2066 1234 53 54 et

1333 1273 103 51 sti
1392 1273 118 51 gpri
1466 1273 118 51 sunt
1540 1273 103 51 hoc
1599 1273 148 51 corpus
1702 1273 221 51 columnnare:
1879 1273 118 51 ergo
1953 1273 103 51 hoc
1997 1273 118 51 corpui

1315 1314 207 40 colunnare
1475 1314 112 40 est
1538 1314 192 40 infinite
1682 1314 176 40 longum.
1810 1314 80 40 â‹
1842 1314 176 40 Negatur
1953 1314 176 40 consequen

1326 1351 107 48 tia:
1393 1351 107 48 quia
1460 1351 215 48 concludendum
1634 1351 107 48 est:
1702 1351 94 48 hoc
1755 1351 134 48 corpus
1849 1351 175 48 columnare
1984 1351 94 48 est
2024 1351 94 48 gqrod

1334 1387 79 43 ri
1373 1387 159 43 infinite
1493 1387 132 43 longi.
1585 1387 172 43 longitudo
1718 1387 106 43 enim
1784 1387 159 43 corporis
1903 1387 119 43 recti
1969 1387 159 43 attenditur

1322 1425 109 45 per
1385 1425 156 45 lineam
1494 1425 172 45 rectam.
1620 1425 203 45 Propterea
1776 1425 156 45 pilare
1885 1425 141 45 debet
1979 1425 125 45 dici
2042 1425 78 45 lon

1316 1461 114 43 gum
1381 1461 147 43 decem
1479 1461 196 43 pedibus:
1626 1461 212 43 longitudo
1789 1461 147 43 linee
1886 1461 147 43 curue
1984 1461 147 43 debet
2066 1461 65 43 at

1315 1500 149 43 tendi
1415 1500 199 43 secundum
1564 1500 216 43 processum
1730 1500 133 43 quem
1813 1500 149 43 habet
1912 1500 100 43 in
1946 1500 182 43 longitudi

1315 1538 87 37 ne
1358 1538 101 37 (vt
1416 1538 144 37 dictum
1516 1538 115 37 est)
1589 1538 101 37 hoc
1646 1538 101 37 est
1704 1538 87 37 si
1747 1538 202 37 traheretur
1906 1538 87 37 in
1949 1538 144 37 rectum
2035 1538 87 37 sine

1319 1573 250 47 rarefactione
1523 1573 188 47 partium.
1663 1573 125 47 modo
1741 1573 94 47 si
1788 1573 94 47 ad
1835 1573 266 47 imaginationem
2038 1573 94 47 ista

1320 1610 139 40 linea
1412 1610 185 40 gpratiua
1551 1610 154 40 rectif
1659 1610 170 40 caretur
1783 1610 123 40 sine
1860 1610 247 40 rarefactione
2045 1610 77 40 par

1321 1648 119 37 tium
1396 1648 149 37 tantum
1500 1648 238 37 extenderetur
1693 1648 164 37 quantum
1812 1648 74 37 a
1842 1648 134 37 linea
1931 1648 179 37 assumpta
2051 1648 74 37 in-

1323 1683 154 49 finite
1430 1683 154 49 longa.
1538 1683 77 49 â‹
1569 1683 108 49 Sed
1630 1683 154 49 contra
1738 1683 108 49 hoc
1800 1683 200 49 arguitur.
1954 1683 154 49 corpus
2046 1683 77 49 dif

1330 1714 184 51 formiter
1468 1714 154 51 longum
1576 1714 108 51 non
1637 1714 108 51 est
1699 1714 108 51 ita
1760 1714 154 51 longum
1868 1714 138 51 sicut
1945 1714 184 51 longissima

1324 1759 132 43 paro
1406 1759 149 43 eius:
1505 1759 132 43 ergo
1588 1759 215 43 reducendo
1753 1759 99 43 ad
1802 1759 281 43 vniformitatem
2017 1759 116 43 debet

1328 1795 125 44 dici
1407 1795 110 44 ita
1469 1795 157 44 longum
1579 1795 141 44 sicut
1673 1795 157 44 corpus
1783 1795 204 44 conflatum
1940 1795 94 44 ex
1971 1795 157 44 partibus

1319 1829 125 54 cius
1398 1829 110 54 quo
1460 1829 94 54 ad
1508 1829 235 54 reductionem
1696 1829 110 54 quo
1759 1829 94 54 ad
1806 1829 157 54 vnifor
1915 1829 188 54 mitatem:
2057 1829 110 54 sed

1328 1869 97 44 si
1376 1869 146 44 gyrus
1474 1869 162 44 primam
1587 1869 162 44 partem
1700 1869 292 44 proportionalem
1944 1869 162 44 gyrans
2041 1869 97 44 cape

1320 1906 136 44 retur
1411 1906 182 44 alicuius
1547 1906 227 44 latitudinis
1728 1906 212 44 vniformis:
1895 1906 91 44 et
1940 1906 136 44 gprus
2016 1906 121 44 gprans

1323 1945 180 47 secundam
1458 1945 150 47 partem
1564 1945 180 47 subduple
1699 1945 241 47 latitudinis:
1894 1945 90 47 et
1940 1945 105 47 sic
2000 1945 120 47 sine
2060 1945 75 47 sta

1323 1981 104 47 tu:
1383 1981 89 47 et
1427 1981 134 47 prima
1516 1981 134 47 esset
1605 1981 119 47 octo
1680 1981 134 47 pedum
1769 1981 89 47 in
1813 1981 238 47 longitudine:
1991 1981 134 47 secunde

1323 2018 121 46 dato
1398 2018 121 46 quod
1474 2018 106 46 sit
1534 2018 136 46 tante
1625 2018 242 46 longitudinis
1821 2018 106 46 cum
1881 2018 151 46 prima:
1987 2018 136 46 tamen
2063 2018 75 46 cum

1323 2058 107 39 est
1384 2058 184 39 subduple
1522 2058 230 39 latitudinis
1706 2058 169 39 valebit
1828 2058 123 39 nisi
1905 2058 184 39 quattuor
2028 2058 107 39 pedes

1320 2091 94 44 in
1367 2091 156 44 ordine
1476 2091 94 44 ad
1523 2091 156 44 primum
1633 2091 156 44 gyrum.
1742 2091 94 44 et
1789 2091 219 44 aggregatum
1960 2091 156 44 omnium
2054 2091 78 44 se-

1329 2131 175 41 quentium
1460 2131 102 41 non
1519 2131 116 41 pius
1591 2131 131 41 valet
1679 2131 116 41 quam
1751 2131 131 41 prima
1839 2131 116 41 pars
1897 2131 247 41 proportionalis.

1320 2169 119 44 ergo
1394 2169 119 44 tota
1469 2169 134 44 linea
1558 2169 163 44 dicetur
1677 2169 134 44 longa
1766 2169 223 44 vniformiter
1944 2169 104 44 vt.
2003 2169 119 44 xvi.
2063 2169 74 44 er-

1315 2204 103 45 go
1366 2204 120 45 non
1435 2204 120 45 est
1503 2204 205 45 infinite
1657 2204 154 45 longa
1759 2204 85 45 â‹
1793 2204 256 45 Respondetur
1981 2204 154 45 negando

1330 2246 222 41 antecedens:
1508 2246 89 41 vt
1552 2246 133 41 patet
1641 2246 89 41 ex
1685 2246 148 41 dictis
1789 2246 89 41 in
1833 2246 237 41 distinctione
2011 2246 118 41 vigest

1331 2282 170 38 maquarta
1458 2282 99 38 vbi
1515 2282 184 38 seriosius
1656 2282 99 38 hoc
1713 2282 184 38 prosecuti
1854 2282 141 38 sumus.
1953 2282 85 38 et
1981 2282 156 38 propterea

1319 2316 94 47 ad
1366 2316 142 47 dicta
1461 2316 142 47 illic
1555 2316 126 47 nunc
1634 2316 189 47 remitto.
1776 2316 79 47 â‹
1807 2316 110 47 Sed
1870 2316 157 47 contra
1980 2316 142 47 totum
2059 2316 63 47 il

1321 2353 108 42 lud
1382 2353 200 42 arguitur:
1536 2353 169 42 ponendo
1659 2353 123 42 quod
1737 2353 123 42 deus
1814 2353 185 42 extrahat
1952 2353 139 42 omnes
2029 2353 108 42 illos

1315 2392 128 39 grros
1400 2392 100 39 eos
1457 2392 242 39 rectificando:
1656 2392 100 39 iam
1713 2392 114 39 tota
1784 2392 128 39 linea
1869 2392 114 39 erit
1940 2392 171 39 infinite
2054 2392 71 39 lon

1318 2428 85 46 ga
1360 2428 85 46 et
1402 2428 113 46 sine
1473 2428 239 46 rarefactione.
1670 2428 113 46 ergo
1741 2428 113 46 ante
1811 2428 113 46 erat
1881 2428 99 46 hec
1938 2428 155 46 columna
2036 2428 99 46 infi-

1325 2465 103 45 nite
1389 2465 128 45 longa:
1479 2465 116 45 filum
1556 2465 103 45 enim
1620 2465 180 45 incuruatum
1762 2465 90 45 non
1813 2465 90 45 est
1864 2465 141 45 longius
1967 2465 90 45 per
2018 2465 90 45 hoc
2057 2465 77 45 quod

1319 2502 229 42 rectificatur
1505 2502 115 42 quam
1576 2502 115 42 ante
1648 2502 129 42 erat.
1734 2502 72 42 â‹
1763 2502 215 42 Respondetur
1934 2502 115 42 quod
2006 2502 115 42 deus
2063 2502 72 42 non

1321 2542 139 41 potest
1418 2542 139 41 facere
1516 2542 111 41 quod
1585 2542 139 41 nullus
1682 2542 139 41 gprius
1780 2542 153 41 maneret
1891 2542 83 41 in
1933 2542 111 41 illa
2002 2542 139 41 linea:
2085 2542 56 41 si

1322 2577 115 45 ipsa
1394 2577 144 45 maneat
1495 2577 245 45 quantuncunque
1696 2577 245 45 rectificetur.
1898 2577 87 45 et
1942 2577 87 45 id
1985 2577 130 45 cause
2057 2577 72 45 est

1318 2616 101 38 qui
1375 2616 115 38 pars
1447 2616 130 38 linee
1534 2616 130 38 recte
1620 2616 115 38 erit
1692 2616 187 38 gpratiua.
1836 2616 86 38 Si
1879 2616 101 38 sit
1937 2616 130 38 sermo
2023 2616 86 38 de
2052 2616 86 38 graa

1325 2654 94 38 ris
1378 2654 243 38 precedentibus:
1581 2654 121 38 forte
1662 2654 148 38 nequeas
1770 2654 148 38 probare
1878 2654 108 38 quod
1945 2654 135 38 potest
2040 2654 94 38 eos
2080 2654 54 38 om

1328 2690 96 45 nes
1383 2690 206 45 rectificare
1548 2690 110 45 quod
1616 2690 151 45 faciant
1726 2690 151 45 aliquod
1835 2690 123 45 vnum.
1918 2690 123 45 etiam
2000 2690 110 45 illi
2055 2690 82 45 gyri
