2336 3336
501 272 201 49 longitudinis
665 272 189 49 latitudinis
816 272 76 49 et
854 272 227 49 profunditatis:
1043 272 76 49 et
1081 272 113 49 tamen
1156 272 113 49 adhuc
1219 272 63 49 non

502 317 130 42 vocatur
597 317 165 42 infinitum:
727 317 95 42 ergo
786 317 83 42 nec
833 317 106 42 debet
904 317 106 42 linea
975 317 154 42 gparatiua
1093 317 118 42 vocari
1164 317 118 42 infinita

493 353 78 49 ⁋
525 353 249 49 Respondetur:
727 353 186 49 quicquid
866 353 109 49 sit
929 353 93 49 de
975 353 202 49 argumento
1131 353 140 49 nihil
1208 353 78 49 est

486 394 134 39 contra
580 394 202 39 intentionem
741 394 161 39 nostram:
862 394 188 39 intendimus
1010 394 108 39 enim
1077 394 108 39 quod
1144 394 108 39 illa
1198 394 94 39 linea

501 433 88 40 est
552 433 151 40 infinite
665 433 113 40 longa
740 433 100 40 siue
803 433 151 40 sequatur
916 433 100 40 ergo
978 433 88 40 est
1028 433 151 40 infinita
1141 433 100 40 siue
1204 433 88 40 non
1254 433 63 40 /

497 463 130 43 nihil
583 463 216 43 impedimenti
756 463 115 43 est.
828 463 72 43 ⁋
857 463 158 43 Secundo
972 463 158 43 dicitur
1087 463 115 43 quod
1159 463 101 43 non
1203 463 86 43 suf-

496 501 124 43 ficit
579 501 83 43 ad
620 501 96 43 hoc
675 501 110 43 quod
744 501 151 43 aliquid
854 501 151 43 dicatur
964 501 179 43 infinitum
1102 501 138 43 habere
1185 501 110 43 infini

489 538 111 42 tas
552 538 158 42 partes
663 538 174 42 equales
789 538 190 42 secundum
932 538 126 42 vnam
1011 538 237 42 dimensionem
1184 538 111 42 autem

500 572 115 47 duas
571 572 100 47 (vt
629 572 201 47 argumentum
787 572 187 47 arguebat)
930 572 201 47 requiritur
1088 572 115 47 enim
1145 572 144 47 secundum

489 610 134 44 omnem
578 610 223 44 dimensionem
757 610 193 44 infinitas
905 610 89 44 ad
950 610 193 44 infinitum
1084 610 208 44 simpliciter.

501 647 89 46 Et
546 647 89 46 ad
590 647 193 46 infinitum
738 647 178 46 secundum
871 647 237 46 longitudinem
1064 647 178 46 sufficit
1182 647 104 46 habe-

499 693 92 40 re
545 693 199 40 infinitas
698 693 153 40 partes
805 693 169 40 equales
928 693 184 40 secundum
1066 693 153 40 longum
1157 693 123 40 protra

496 723 137 44 ctas:
587 723 92 44 et
633 723 107 44 sic
694 723 92 44 de
740 723 137 44 aliis
831 723 275 44 dimensionibus.
1060 723 76 44 ⁋
1091 723 92 44 Ex
1136 723 107 44 quo
1182 723 107 44 patet

494 764 109 39 quod
563 764 137 39 pilare
658 764 123 39 datum
740 764 96 39 non
795 764 96 39 est
850 764 164 39 infinite
972 764 191 39 profundum:
1123 764 96 39 nec
1164 764 109 39 corpus

490 793 114 47 octo
561 793 128 47 pedum
647 793 171 47 infinite
775 793 143 47 latum:
875 793 114 47 esto
946 793 114 47 quod
1018 793 114 47 sint
1089 793 171 47 infinite
1203 793 86 47 par-

502 837 104 43 tes
562 837 194 43 inequalis
711 837 223 43 logitudinis
889 837 164 43 equalis
993 837 298 43 semperlatitudinis:

498 872 90 44 non
550 872 103 44 enim
614 872 194 44 protenditur
769 872 155 44 latitudo
886 872 78 44 in
924 872 168 44 infinitum
1054 872 78 44 vt
1092 872 78 44 in
1131 872 116 44 linea
1196 872 90 44 gqrod

492 901 141 50 ratiua.
595 901 64 50 ⁋
621 901 129 50 Tertio
711 901 103 50 dico
775 901 103 50 quod
839 901 154 50 sequitur
955 901 77 50 ex
993 901 129 50 dictis
1083 901 103 50 quod
1148 901 116 50 linea
1212 901 77 50 gra-

493 944 144 42 ratiua
593 944 101 42 est
651 944 172 42 infinita
780 944 144 42 linea.
881 944 72 42 ⁋
909 944 101 42 Sed
967 944 144 42 contra
1067 944 115 42 ista
1125 944 158 42 arguitur:

500 982 130 41 linea
586 982 173 41 gpratiua
716 982 116 41 data
789 982 72 41 a
818 982 72 41 b
846 982 101 41 que
904 982 217 41 denominatur
1078 982 72 41 a
1107 982 159 41 punctis
1208 982 72 41 ter

495 1018 226 42 minantibus
672 1018 226 42 terminatur
850 1018 194 42 secundum
995 1018 274 42 longitudinem:
1205 1018 81 42 er-

491 1057 76 42 go
529 1057 89 42 non
580 1057 89 42 est
631 1057 152 42 infinita
745 1057 127 42 linea.
834 1057 203 42 consequentia
999 1057 127 42 tenet:
1088 1057 140 42 quoniam
1177 1057 102 42 infini

493 1099 104 37 tum
553 1099 224 37 simpliciter
732 1099 134 37 debet
821 1099 119 37 esse
896 1099 104 37 non
955 1099 224 37 terminatum:
1134 1099 104 37 ita
1179 1099 104 37 infin

502 1130 89 43 ta
547 1130 134 43 linea
636 1130 134 43 debet
726 1130 119 43 esse
800 1130 104 43 non
860 1130 194 43 terminata
1009 1130 179 43 secundum
1128 1130 164 43 longitudi

498 1167 124 42 nem.
575 1167 78 42 ⁋
606 1167 186 42 Preterea
746 1167 124 42 bene
823 1167 202 42 sequitur.
978 1167 109 42 hec
1040 1167 140 42 linea
1118 1167 171 42 graratiua

491 1204 89 41 est
542 1204 166 41 infinita:
670 1204 77 41 et
708 1204 89 41 hec
759 1204 115 41 linea
836 1204 166 41 gparatiua
964 1204 89 41 est
1015 1204 89 41 hoc
1066 1204 140 41 corpus:
1168 1204 102 41 ergo
1219 1204 64 41 hoc

492 1244 130 40 corpus
583 1244 91 40 est
635 1244 182 40 infinitum.
778 1244 208 40 consequentia
948 1244 117 40 tenet
1026 1244 208 40 expositorie.
1195 1244 78 40 et
1221 1244 65 40 ma-

491 1278 98 42 ior
547 1278 98 42 est
603 1278 183 42 concessa:
744 1278 84 42 et
786 1278 126 42 minor
870 1278 141 42 patet.
969 1278 155 42 tenendo
1081 1278 112 42 quod
1151 1278 126 42 linea
1222 1278 70 42 non

500 1314 222 44 distinguitur
681 1314 69 44 a
708 1314 83 44 re
750 1314 167 44 lineata.
875 1314 180 44 conclusio
1014 1314 97 44 est
1069 1314 139 44 falsa:
1166 1314 111 44 quia
1222 1314 69 44 non

487 1351 109 44 est
550 1351 140 44 trina
643 1351 186 44 dimensio
782 1351 202 44 infinita.
938 1351 78 44 ⁋
969 1351 171 44 Insuper
1093 1351 186 44 secundum
1217 1351 62 44 om

495 1389 107 44 nem
556 1389 214 44 positionem
724 1389 199 44 quodlibet
877 1389 153 44 corpus
984 1389 122 44 quod
1060 1389 153 44 potest
1167 1389 92 44 in
1197 1389 92 44 infi

483 1427 138 40 nitum
575 1427 153 40 longum
682 1427 168 40 extendi
804 1427 123 40 sine
881 1427 245 40 rarefactione
1080 1427 107 40 est
1126 1427 153 40 infiniti

481 1462 182 51 longum.
614 1462 215 51 Propterea
779 1462 182 51 dicebas
911 1462 149 51 supra
1010 1462 165 51 lineam
1109 1462 182 51 gyratiuam

502 1500 113 40 esse
573 1500 170 40 infinite
700 1500 156 40 longam:
813 1500 127 40 filum
898 1500 212 40 conglobatum
1068 1500 71 40 /
1096 1500 99 40 non
1153 1500 99 40 est
1195 1500 85 40 bre-

489 1537 117 49 uius
562 1537 117 49 quam
635 1537 204 49 actualiter
796 1537 88 49 in
840 1537 146 49 longum
942 1537 204 49 protractum
1088 1537 204 49 insanalogiam

499 1580 201 39 adduxisti:
657 1580 101 39 sed
714 1580 86 39 ex
757 1580 158 39 corpore
872 1580 115 39 octo
944 1580 129 39 pedum
1030 1580 115 39 sine
1088 1580 201 39 rarefactione

490 1618 135 41 potest
585 1618 108 41 esse
653 1618 122 41 linea
734 1618 163 41 infinita
856 1618 108 41 sine
924 1618 230 41 rarefactione:
1113 1618 108 41 ergo
1168 1618 108 41 corpus

488 1649 140 47 datum
582 1649 125 47 octo
660 1649 140 47 pedum
753 1649 109 47 est
816 1649 203 47 infinitum
971 1649 109 47 vel
1034 1649 187 47 infinite
1158 1649 125 47 longum

493 1689 123 42 minor
576 1689 137 42 patet:
672 1689 110 42 quia
740 1689 137 42 capiat
836 1689 110 42 deus
905 1689 82 42 in
946 1689 123 42 prima
1028 1689 123 42 parte
1097 1689 192 42 proportiona-

492 1720 91 44 li
537 1720 121 44 hore
613 1720 121 44 vnam
688 1720 211 44 medietatem
854 1720 121 44 puta
930 1720 166 44 quatuor
1050 1720 151 44 pedum:
1156 1720 91 44 et
1186 1720 106 44 ponat

493 1763 134 42 prope
583 1763 149 42 portam
687 1763 149 42 sancti
791 1763 194 42 Victoris:
940 1763 119 42 quod
1015 1763 179 42 latitudo
1149 1763 149 42 iaceat
1238 1763 45 42 e

493 1796 207 44 tranluerso
656 1796 148 44 porte.
759 1796 148 44 capiat
863 1796 177 44 secundam
996 1796 148 44 partem
1085 1796 192 44 proportion-

489 1833 91 44 lem
541 1833 130 44 duorum
632 1833 130 44 pedum:
722 1833 78 44 et
761 1833 117 44 addat
839 1833 130 44 alteri
930 1833 91 44 sic
982 1833 156 44 scilicet
1098 1833 104 44 quod
1163 1833 104 44 nunc
1215 1833 65 44 fa-

491 1871 115 45 ciat
562 1871 230 45 longitudinem
749 1871 86 45 ex
792 1871 187 45 prioribus
936 1871 258 45 latitudinibus:
1151 1871 100 45 ita
1194 1871 86 45 quod

486 1909 137 39 prima
577 1909 122 39 pars
654 1909 275 39 proportionalis
882 1909 122 39 erit
959 1909 122 39 lata
1020 1909 259 39 quadrupedaliter

492 1945 164 45 secunda
611 1945 119 45 pars
686 1945 119 45 lata
760 1945 238 45 bipedaliter.
954 1945 149 45 capiat
1058 1945 164 45 tertiam
1163 1945 119 45 partem

498 1986 297 42 proportionaleni
748 1986 109 42 que
811 1986 109 42 est
873 1986 172 42 pedalis
998 1986 125 42 nnnc
1076 1986 187 42 secundum
1201 1986 78 42 onm

498 2023 105 42 nem
558 2023 241 42 dimensionem.
754 2023 105 42 ibi
814 2023 135 42 habes
904 2023 150 42 corpus
1009 2023 196 42 bipedalis
1145 2023 135 42 longitu

489 2055 164 42 dinis:
604 2055 164 42 accipe
719 2055 181 42 quartam
850 2055 164 42 partem
965 2055 296 42 proportionalem
1195 2055 82 42 eri

495 2095 165 37 pedalis
615 2095 255 37 longitudinis:
825 2095 120 37 quia
900 2095 135 37 prior
989 2095 180 37 latitudo
1109 2095 180 37 edificabit

495 2130 255 43 longitudinem:
705 2130 90 43 et
750 2130 105 43 sic
810 2130 105 43 per
870 2130 135 43 omnes
959 2130 150 43 partes
1049 2130 240 43 proportionales

500 2166 129 44 vnius
585 2166 129 44 hore:
671 2166 157 44 dabitur
785 2166 100 44 vna
843 2166 129 44 linea
928 2166 171 44 infinite
1057 2166 114 44 loga
1128 2166 114 44 sine
1185 2166 86 44 rare

495 2200 171 44 factione:
626 2200 92 44 sic
679 2200 157 44 scilicet
797 2200 105 44 quod
862 2200 118 44 prima
941 2200 171 44 pedalitas
1072 2200 79 44 in
1111 2200 118 44 porta
1177 2200 105 44 sancti

493 2243 176 41 victoris
625 2243 117 41 erit
698 2243 278 41 quadrupedaliter
933 2243 132 41 lata:
1020 2243 161 41 secunda
1123 2243 161 41 bipedalit

491 2279 142 37 tertia
590 2279 184 37 pedaliter
732 2279 71 37 e
760 2279 99 37 sic
817 2279 241 37 consequenter:
1016 2279 142 37 semper
1115 2279 156 37 manebit
1214 2279 71 37 pe-

490 2317 135 46 dalis
580 2317 226 46 profunditas
761 2317 90 46 et
806 2317 196 46 pedalitas
956 2317 211 46 procedendo
1122 2317 105 46 quo
1182 2317 90 46 ad
1212 2317 75 46 lon

484 2357 211 38 gitudinem:
649 2357 135 38 solum
740 2357 120 38 erit
815 2357 226 38 difformitas
995 2357 105 38 quo
1055 2357 90 38 ad
1086 2357 196 38 latitudinem

493 2391 93 40 de
539 2391 124 40 nouo
616 2391 216 40 productam.
786 2391 77 40 ⁋
817 2391 93 40 Ad
863 2391 154 40 primum
971 2391 170 40 dicitur
1095 2391 124 40 quod
1156 2391 124 40 dupli-

493 2427 122 40 citer
575 2427 135 40 potest
669 2427 176 40 intelligi
804 2427 108 40 quod
872 2427 122 40 linea
953 2427 176 40 gparatiua
1088 2427 189 40 terminetur
1223 2427 54 40 ve

485 2464 114 41 per
550 2464 180 41 aliquam
681 2464 163 41 certam
795 2464 163 41 partem
909 2464 131 41 puta
991 2464 180 41 pedalem
1122 2464 114 41 vel
1171 2464 114 41 digi-

491 2499 128 45 talem:
581 2499 77 45 et
619 2499 89 45 sic
670 2499 153 45 negatur:
785 2499 77 45 et
823 2499 115 45 licet
900 2499 77 45 in
938 2499 140 45 omnibus
1040 2499 179 45 corporibus
1168 2499 115 45 finitis

500 2538 91 47 non
552 2538 116 47 detur
629 2538 129 47 vltima
720 2538 103 47 pars
785 2538 207 47 simpliciter:
953 2538 116 47 datur
1030 2538 116 47 tamen
1108 2538 129 47 vltima
1186 2538 103 47 pedali

496 2573 113 49 tas:
566 2573 85 49 si
609 2573 211 49 pedalitatem
778 2573 155 49 habeat:
890 2573 99 49 vel
947 2573 113 49 quod
1017 2573 99 49 non
1074 2573 211 49 protenditur
1229 2573 56 49 in

487 2609 197 51 infinitum
638 2609 91 51 in
684 2609 151 51 ordine
790 2609 91 51 ad
835 2609 166 51 aliquam
956 2609 151 51 lineam
1062 2609 151 51 rectam
1168 2609 106 51 vel
1213 2609 76 51 ima

492 2647 209 51 ginariam:
652 2647 96 51 et
701 2647 112 51 sic
765 2647 241 51 conceditur.
957 2647 80 51 ⁋
989 2647 96 51 Ad
1037 2647 193 51 secundum
1166 2647 112 51 argu-

485 2687 140 53 mentum
583 2687 98 53 est
639 2687 112 53 mihi
709 2687 210 53 indifferens
877 2687 140 53 tenere
975 2687 112 53 quod
1045 2687 126 53 linea
1129 2687 98 53 est
1171 2687 112 53 longi

1345 267 108 67 tudo
1412 267 108 67 sine
1479 267 188 67 latitudine
1627 267 81 67 et
1667 267 229 67 profunditate:
1856 267 94 67 vel
1910 267 108 67 quod
1977 267 94 67 est
2017 267 108 67 corpus

1348 325 86 50 et
1391 325 230 50 superficies:
1578 325 115 50 illo
1650 325 158 50 admisso
1765 325 115 50 male
1837 325 201 50 concludis.
1995 325 130 50 debes
2067 325 72 50 sic

1351 363 206 46 concludere:
1516 363 96 46 hoc
1571 363 138 46 corpus
1668 363 96 46 est
1723 363 165 46 infinita
1846 363 138 46 linea.
1943 363 69 46 ⁋
1970 363 83 46 Ad
2011 363 96 46 hoc
2053 363 83 46 enim

1338 397 105 54 quod
1403 397 144 54 aliquid
1508 397 144 54 dicatur
1613 397 170 54 infinitum
1744 397 131 54 corpus
1835 397 183 54 requiritur
1979 397 105 54 quod
2031 397 105 54 habeat

1343 434 115 53 tres
1415 434 216 53 dimensiones
1588 434 245 53 interminatas:
1789 434 173 53 capiendo
1919 434 115 53 enim
1991 434 144 53 corpus
2077 434 58 53 vt

1344 470 104 51 est
1404 470 90 51 de
1449 470 254 51 praedicamento
1657 470 239 51 quantitatis:
1851 470 149 51 trinam
1941 470 194 51 dimensionem

1342 507 179 49 connotat:
1480 507 83 49 et
1522 507 152 49 ponitur
1632 507 97 49 cum
1687 507 83 49 eo
1729 507 110 49 ille
1798 507 166 49 terminus
1922 507 193 49 infinitus:
2060 507 69 49 cu-

1336 537 96 54 ius
1391 537 179 54 connotati
1529 537 69 54 o
1556 537 124 54 cadit
1639 537 124 54 super
1721 537 193 54 connotatum
1873 537 165 54 alterius
1996 537 96 54 per
2038 537 96 54 regu-

1342 577 117 60 lam
1409 577 168 60 tactam
1527 577 101 60 in
1577 577 336 60 appellationibus.
1862 577 84 60 ⁋
1896 577 101 60 Ad
1946 577 185 60 tertium
2064 577 67 60 vb

1345 614 177 60 intendis
1478 614 148 60 pobare
1582 614 118 60 quod
1655 614 133 60 illud
1744 614 148 60 corpus
1847 614 118 60 octo
1921 614 133 60 pedum
2010 614 103 60 est
2054 614 74 60 in-

1340 653 127 59 finite
1429 653 139 59 longum:
1530 653 101 59 nego
1594 653 152 59 maiorem.
1708 653 89 59 non
1758 653 101 59 enim
1821 653 152 59 sufficit
1935 653 101 59 quod
1999 653 127 59 potest
2075 653 63 59 per

1349 694 141 51 nouam
1444 694 236 51 situationem
1632 694 126 51 sine
1711 694 251 51 rarefactione
1915 694 157 51 facere
2009 694 126 51 lineam

1340 725 182 58 longiorem:
1483 725 104 58 quia
1548 725 91 58 sic
1600 725 117 58 potes
1678 725 78 58 de
1717 725 117 58 vnius
1794 725 104 58 vlne
1859 725 104 58 fune
1924 725 130 58 facere
2015 725 104 58 sine
2067 725 65 58 ra-

1353 768 216 48 refactione
1522 768 154 48 corpus
1630 768 154 48 longum
1739 768 139 48 decem
1831 768 185 48 pedibus:
1970 768 93 48 vt
2001 768 139 48 nuperri

1348 800 81 54 me
1389 800 135 54 dictum
1484 800 108 54 est.
1551 800 68 54 ⁋
1578 800 95 54 Sed
1632 800 135 54 contra
1727 800 122 54 illud
1808 800 176 54 arguitur.
1943 800 122 54 illud
2011 800 108 54 corpus

1341 840 157 55 potest
1451 840 172 55 replere
1577 840 141 55 omnem
1671 840 141 55 locum
1765 840 220 55 possibilem
1937 840 125 55 sine
2000 840 141 55 rarefa-

1336 879 158 47 ctione:
1450 879 100 47 vel
1508 879 143 47 saltem
1608 879 129 47 locum
1694 879 201 47 infinitum:
1851 879 115 47 ergo
1923 879 115 47 nunc
1995 879 100 47 est
2038 879 100 47 infi-

1341 913 148 54 nitum:
1445 913 133 54 tenet
1534 913 251 54 consequentia:
1741 913 118 54 quia
1815 913 148 54 nullum
1918 913 163 54 finitum
2022 913 118 54 potest

1336 949 175 53 replere
1464 949 143 53 omnem
1559 949 143 53 locum
1655 949 239 53 possibilem:
1846 949 112 53 vel
1910 949 207 53 infinitum
2053 949 80 53 non

1342 987 162 58 ponendo
1460 987 118 58 idem
1534 987 88 58 in
1578 987 177 58 diuersis
1711 987 133 58 locis
1799 987 118 58 sine
1873 987 251 58 rarefactione.
2064 987 74 58 op-

1345 1028 171 53 positum
1469 1028 233 53 intellectus
1655 1028 155 53 capere
1763 1028 171 53 nequit.
1887 1028 140 53 Probo
1965 1028 171 53 assumptum

1340 1066 177 52 retento
1469 1066 129 52 casu
1549 1066 209 52 argumenti
1710 1066 177 52 ponendo
1839 1066 145 52 illas
1920 1066 209 52 pedalitates

1354 1099 124 50 prope
1437 1099 138 50 portam
1533 1099 138 50 sancti
1630 1099 165 50 victoris
1753 1099 151 50 vocetur
1863 1099 124 50 prima
1946 1099 110 50 pars
2001 1099 124 50 propor-

1337 1140 155 46 tionalis
1453 1140 78 46 a.
1492 1140 142 46 secunda
1596 1140 78 46 b.
1635 1140 129 46 tertia
1725 1140 78 46 c.
1764 1140 78 46 et
1803 1140 91 46 sic
1854 1140 194 46 cosequenter
2010 1140 91 46 per
2048 1140 78 46 ordi

1337 1175 107 50 nem
1398 1175 213 50 alphabeti:
1565 1175 183 50 quelibet
1702 1175 122 50 pars
1779 1175 168 50 pedalis
1900 1175 183 50 secundum
2022 1175 107 50 istum

1345 1212 177 47 processum
1482 1212 218 47 longitudinis
1659 1212 96 47 est
1714 1212 82 47 in
1755 1212 123 47 duplo
1837 1212 136 47 latior
1932 1212 109 47 quam
2001 1212 109 47 pars
2055 1212 82 47 sub-

1351 1244 165 60 sequens:
1475 1244 110 60 volo
1544 1244 110 60 quod
1613 1244 110 60 deus
1681 1244 83 60 in
1723 1244 124 60 prima
1805 1244 124 60 parte
1888 1244 234 60 proportionali
2066 1244 69 60 hu-

1345 1282 108 58 ius
1406 1282 123 58 hore
1483 1282 185 58 remoueat
1622 1282 185 58 excessum
1760 1282 231 58 latitudinis
1945 1282 123 58 quem
2022 1282 139 58 habet
2099 1282 46 58 a

1340 1319 178 58 suprbiam
1474 1319 163 58 vtraque
1593 1319 119 58 pars
1667 1319 119 58 erit
1741 1319 223 58 bipedaliter
1919 1319 134 58 lata:
2008 1319 89 58 in
2038 1319 104 58 secun

1338 1360 89 53 da
1383 1360 133 53 parte
1471 1360 251 53 proportionali
1678 1360 118 53 volo
1752 1360 118 53 quod
1826 1360 118 53 deus
1900 1360 133 53 equet
1989 1360 148 53 primam
2078 1360 59 53 et

1334 1392 188 60 secundam
1476 1392 157 60 partes
1586 1392 157 60 tertie
1695 1392 141 60 parti
1790 1392 204 60 auferendo
1947 1392 188 60 excessum
2072 1392 63 60 su

1337 1432 100 53 per
1394 1432 172 53 tertiam:
1523 1432 100 53 iam
1580 1432 115 53 ille
1652 1432 115 53 tres
1724 1432 143 53 partes
1824 1432 129 53 erunt
1910 1432 186 53 pedaliter
2039 1432 100 53 late:

1345 1475 86 47 in
1388 1475 143 47 tertia
1487 1475 128 47 parte
1573 1475 242 47 proportionali
1772 1475 114 47 hore
1844 1475 114 47 volo
1915 1475 114 47 quod
1986 1475 128 47 equet
2057 1475 86 47 tres

1346 1502 157 55 primas
1456 1502 157 55 partes
1566 1502 94 55 cu
1613 1502 157 55 quarta
1722 1502 141 55 parte
1817 1502 110 55 que
1879 1502 110 55 est
1926 1502 204 55 semipedalis

1334 1541 242 62 latitudinis:
1531 1541 106 62 iam
1591 1541 136 62 omnes
1682 1541 121 62 ille
1758 1541 151 62 partes
1864 1541 136 62 erunt
1939 1541 197 62 semipedalis

1343 1580 223 56 latitudinis:
1524 1580 84 56 et
1566 1580 98 56 per
1622 1580 126 56 omnes
1706 1580 139 56 partes
1803 1580 251 56 proportionales
2012 1580 112 56 hore
2068 1580 70 56 fa-

1341 1618 115 55 ciat
1412 1618 115 55 deus
1484 1618 201 55 similiter:
1642 1618 101 55 iam
1700 1618 129 55 erunt
1786 1618 172 55 infinite
1915 1618 144 55 partes
2001 1618 144 55 equales:

1348 1662 174 46 secundum
1479 1662 116 46 enim
1552 1662 131 46 omnem
1639 1662 218 46 dimensionem
1813 1662 102 46 est
1871 1662 160 46 equalis
1972 1662 160 46 crassitum

1342 1692 85 52 do
1384 1692 71 52 /
1413 1692 114 52 quia
1484 1692 171 52 pedalis:
1612 1692 85 52 et
1655 1692 171 52 capiendo
1783 1692 213 52 latitudines
1953 1692 156 52 priores
2053 1692 85 52 cor-

1336 1730 136 50 poris
1426 1730 196 50 pedaliter
1577 1730 121 50 lati
1653 1730 166 50 ponendo
1773 1730 241 50 longitudinem
1969 1730 151 50 versus
2060 1730 75 50 est

1333 1774 172 46 equalis
1459 1774 219 46 longitudo:
1631 1774 94 46 et
1678 1774 141 46 omnes
1771 1774 188 46 equantur
1912 1774 188 46 secundum
2037 1774 110 46 lati-

1341 1800 162 55 tudinem
1459 1800 251 55 dispositionis
1666 1800 133 55 huius
1754 1800 148 55 linee:
1858 1800 89 55 et
1902 1800 118 55 tunc
1976 1800 118 55 sic:
2035 1800 103 55 omnis

1335 1844 189 44 multitudo
1481 1844 174 44 infinita
1611 1844 160 44 partium
1727 1844 160 44 equalis
1844 1844 232 44 maguitudinis
2018 1844 116 44 secum-

1341 1874 104 61 dum
1401 1874 134 61 omnem
1490 1874 223 61 dimensionem
1668 1874 149 61 potest
1772 1874 164 61 replere
1891 1874 134 61 omnem
1980 1874 134 61 locum
2055 1874 89 61 pos-

1346 1911 169 52 sibilem:
1473 1911 99 52 vel
1529 1911 155 52 spatium
1641 1911 197 52 infinitum:
1796 1911 84 52 vt
1838 1911 127 52 infra
1923 1911 211 52 ostendetur.
2078 1911 56 52 et

1341 1949 134 58 ferme
1431 1949 149 58 claret
1535 1949 90 58 ex
1580 1949 164 58 seipsa:
1699 1949 119 58 illa
1774 1949 194 58 multitudo
1923 1949 104 58 est
1968 1949 164 58 huiusmodi

1348 1996 156 50 igitur.
1462 1996 71 50 ⁋
1490 1996 213 50 Respondetur
1661 1996 114 50 quod
1732 1996 142 50 quando
1831 1996 128 50 primo
1917 1996 100 50 est
1973 1996 128 50 facta
2044 1996 100 50 linea

1346 2025 159 57 infinita
1465 2025 93 57 ibi
1518 2025 93 57 est
1571 2025 173 57 difformis
1704 2025 173 57 latitudo:
1837 2025 80 57 et
1877 2025 173 57 propterea
2009 2025 80 57 in
2036 2025 106 57 infini

1342 2062 96 57 tum
1397 2062 123 57 parua
1479 2062 96 57 est
1534 2062 164 57 latitudo
1656 2062 82 57 in
1697 2062 109 57 illa
1766 2062 137 57 linea.
1861 2062 137 57 patet.
1957 2062 123 57 datur
2039 2062 109 57 enim
2093 2062 55 57 pe

1346 2096 127 58 dalis
1431 2096 183 58 latitudo.
1572 2096 127 58 patet
1656 2096 85 58 de
1699 2096 127 58 parte
1783 2096 85 58 c.
1826 2096 226 58 semipedalis:
2009 2096 127 58 patet
2080 2096 56 58 de

1346 2136 83 55 d.
1388 2136 83 55 et
1429 2136 138 55 quarte
1525 2136 138 55 partis
1622 2136 138 55 pedis:
1718 2136 124 55 patet
1801 2136 83 55 de
1842 2136 83 55 e.
1883 2136 83 55 et
1925 2136 96 55 sic
1980 2136 110 55 sine
2035 2136 110 55 statu:

1340 2173 98 56 non
1396 2173 126 56 autem
1480 2173 126 56 datur
1563 2173 112 56 pars
1633 2173 140 56 maxime
1731 2173 168 56 angusta:
1857 2173 112 56 quia
1927 2173 84 56 si
1968 2173 98 56 sic
2010 2173 126 56 oportet

1347 2214 107 55 dare
1414 2214 147 55 vltimam
1521 2214 134 55 partem
1615 2214 241 55 proportionalem
1815 2214 174 55 continui:
1949 2214 80 55 vt
1990 2214 134 55 facile
2070 2214 67 55 est

1336 2248 200 48 deducere.
1489 2248 200 48 Propterea
1643 2248 107 48 non
1704 2248 154 48 potest
1812 2248 169 48 signari
1934 2248 123 48 tota
1996 2248 138 48 latitu-

1333 2290 85 50 do
1375 2290 113 50 quam
1446 2290 113 50 tota
1517 2290 127 50 linea
1602 2290 170 50 habebit:
1729 2290 85 50 si
1772 2290 127 50 omnes
1857 2290 142 50 partes
1956 2290 170 50 equentur
2069 2290 71 50 ali

1340 2324 109 45 que
1403 2324 171 45 possunt
1527 2324 171 45 equari:
1652 2324 124 45 immo
1729 2324 187 45 quelibet
1869 2324 109 45 cum
1932 2324 187 45 qualibet
2056 2324 78 45 po-

1337 2357 118 53 test
1411 2357 162 53 equari.
1529 2357 103 53 Sed
1587 2357 221 53 impossibile
1764 2357 103 53 est
1823 2357 191 53 quamlibet
1970 2357 147 53 partem
2058 2357 74 53 cum

1330 2399 178 52 qualibet
1464 2399 119 52 esse
1538 2399 134 52 equam
1627 2399 74 52 (
1657 2399 89 52 vt
1701 2399 208 52 argumentum
1865 2399 119 52 bene
1939 2399 163 52 probat)
2043 2399 89 52 quid

1340 2442 94 46 li
1387 2442 94 46 in
1434 2442 188 46 instanti
1575 2442 219 46 terminante
1748 2442 141 46 horam
1841 2442 157 46 maneat
1951 2442 125 46 mmor
2014 2442 125 46 latitu

1340 2471 86 44 po
1383 2471 100 44 vel
1440 2471 114 44 equa
1511 2471 100 44 cum
1568 2471 143 44 aliqua
1668 2471 214 44 precedente:
1840 2471 86 44 et
1883 2471 86 44 in
1926 2471 186 44 infinitum
2054 2471 86 44 par-

1337 2513 94 48 ua
1384 2513 125 48 erat
1463 2513 188 48 latitudo
1604 2513 204 48 precedens
1760 2513 172 48 dabitur
1885 2513 188 48 latitudo
2011 2513 125 48 aliqua

1332 2542 176 51 infinite
1464 2542 147 51 parua:
1567 2542 117 51 immo
1640 2542 103 51 non
1699 2542 191 51 latitudo:
1846 2542 73 51 a
1875 2542 103 51 hoc
1934 2542 176 51 secundum
2051 2542 88 51 vni-

1337 2579 148 51 formem
1441 2579 222 51 latitudinem
1618 2579 118 51 quod
1692 2579 104 51 est
1751 2579 163 51 penitus
1870 2579 237 51 impossibile:
2062 2579 104 51 sed

1341 2620 124 45 ante
1418 2620 216 45 equationem
1588 2620 170 45 partium
1711 2620 154 45 quando
1819 2620 124 45 tota
1896 2620 139 45 linea
1974 2620 154 45 extende,

1329 2655 133 51 batur
1418 2655 103 51 cum
1477 2655 177 51 partibus
1610 2655 221 51 difformibus
1787 2655 118 51 tota
1861 2655 133 51 linea
1949 2655 103 51 sic
2008 2655 103 51 non
2052 2655 89 51 suf-

1339 2690 180 71 ficiebat
1474 2690 90 71 de
1519 2690 90 71 se
1565 2690 165 71 replere
1685 2690 135 71 omnem
1775 2690 135 71 locum
1865 2690 226 71 possibilem:
2031 2690 105 71 prima
