2356 3304
218 277 98 66 bet
274 277 140 66 finiti
372 277 84 66 ad
414 277 182 66 quodlibet
554 277 154 66 finitum
667 277 98 66 est
723 277 126 66 certa
807 277 196 66 proportio:
947 277 84 66 tunc

217 334 106 44 vel
277 334 136 44 actus
368 334 151 44 sortis
474 334 91 44 et
520 334 182 44 platonis
656 334 121 44 sunt
731 334 182 44 equales:
868 334 91 44 et
898 334 136 44 habetur

216 373 200 40 intentum:
369 373 92 40 et
416 373 169 40 ponatur
539 373 138 40 actus
631 373 138 40 alius
723 373 154 40 sortis
831 373 108 40 quo
893 373 123 40 vult
954 373 77 40 oc-

220 407 155 46 cidere
328 407 124 46 duos
405 407 124 46 ille
483 407 124 46 erit
560 407 139 46 peior
653 407 155 46 priori
761 407 139 46 actu:
854 407 124 46 ergo
932 407 108 46 est
978 407 62 46 ma

219 451 111 42 ius
283 451 190 42 peccatum
425 451 143 42 velle
520 451 190 42 occidere
663 451 127 42 duos
742 451 127 42 quam
805 451 190 42 infinitos.

220 483 83 48 â‹
254 483 116 48 Sed
320 483 149 48 dices
420 483 116 48 non
486 483 249 48 inconuenire
685 483 133 48 quod
768 483 166 48 volens
868 483 166 48 occidere

222 524 162 45 finitos
340 524 118 45 pius
414 524 148 45 peccet
517 524 118 45 quam
591 524 148 45 volens
694 524 177 45 occidere
827 524 192 45 infinitos
960 524 59 45 pr

221 567 129 43 pter
301 567 273 43 diuturnitatem
526 567 193 43 temporis
671 567 113 43 vel
736 567 241 43 intensionem
912 567 113 43 actus

227 600 148 43 super
325 600 148 43 alium
424 600 165 43 actum:
540 600 115 43 sed
606 600 99 43 eo
655 600 115 43 non
721 600 165 43 tendit
820 600 198 43 argumentum

233 636 111 48 Sed
297 636 222 48 intelligit
471 636 175 48 ceteris
598 636 175 48 paribus
725 636 95 48 in
773 636 222 48 intensione
932 636 95 48 gra-

210 680 139 40 duali
302 680 93 40 et
349 680 93 40 in
395 680 248 40 diuturnitate
597 680 186 40 temporis
736 680 93 40 et
782 680 139 40 patet
875 680 139 40 sicut
953 680 77 40 su-

224 713 127 51 pra:
303 713 143 51 actus
399 713 111 51 quo
462 713 159 51 sortes
573 713 127 51 vult
652 713 190 51 occidere
795 713 206 51 infinitos
938 713 95 51 homi

217 755 103 44 nes
276 755 103 44 est
335 755 177 44 alicuius
468 755 177 44 malitie:
601 755 103 44 sit
659 755 88 44 vt
704 755 133 44 octo:
792 755 133 44 actus
881 755 103 44 quo
925 755 103 44 plato

226 793 122 42 vult
302 793 182 42 occidere
439 793 122 42 vnum
514 793 167 42 hominem
636 793 91 42 vt
682 793 106 42 est
742 793 137 42 vnum:
834 793 122 42 tunc
909 793 106 42 est
955 793 76 42 pro

216 832 156 43 portio
326 832 172 43 octupla
451 832 141 43 inter
545 832 141 43 istos
639 832 156 43 actus:
748 832 125 43 tunc
827 832 156 43 cicero
920 832 110 43 volen

209 867 102 44 do
260 867 204 44 occidere
413 867 187 44 homines
549 867 136 44 duos
634 867 102 44 in
685 867 153 44 duplo
787 867 136 44 pius
855 867 170 44 peccabit

223 902 117 47 quam
297 902 146 47 plato.
399 902 117 47 quod
472 902 88 47 si
516 902 132 47 neges
604 902 146 47 saltem
706 902 146 47 cicero
809 902 146 47 volens
896 902 132 47 occide-

226 941 93 47 re
272 941 123 47 tres
349 941 170 47 homines
472 941 93 47 in
519 941 139 47 duplo
611 941 123 47 pius
689 941 185 47 peccabit
827 941 123 47 quam
905 941 139 47 plato
982 941 46 47 a

218 982 101 45 si
269 982 134 45 non:
353 982 118 45 per
420 982 151 45 actum
521 982 185 45 volendi
655 982 202 45 occidere
806 982 134 45 tres
874 982 151 45 homines

221 1023 111 43 per
285 1023 143 43 actum
380 1023 127 43 ergo
459 1023 111 43 quo
523 1023 127 43 vult
602 1023 191 43 occidere
745 1023 175 43 quatuor
872 1023 79 43 /
888 1023 143 43 quinque

223 1060 107 40 vel
284 1060 122 40 sex:
360 1060 92 40 et
406 1060 122 40 tunc
482 1060 107 40 sic
543 1060 153 40 cicero
650 1060 168 40 volendo
772 1060 183 40 occidere
894 1060 137 40 quatuor

223 1090 170 52 homines
346 1090 93 52 in
392 1090 139 52 duplo
485 1090 123 52 pius
562 1090 154 52 peccat
670 1090 123 52 quam
747 1090 139 52 plato
840 1090 170 52 volendo
948 1090 77 52 oc-

221 1130 166 49 cidere
338 1130 133 49 vnum
421 1130 200 49 hominem:
571 1130 100 49 et
621 1130 117 49 hoc
687 1130 117 49 per
754 1130 266 49 impositionem
954 1130 83 49 tri

220 1178 107 33 um
274 1178 215 33 hominum:
435 1178 143 33 ergo
524 1178 179 33 petrus
649 1178 179 33 volens
775 1178 215 33 occidere
918 1178 107 33 octo

222 1209 144 45 decem
318 1209 80 45 /
350 1209 192 45 duodecim
495 1209 112 45 vel
559 1209 176 45 sedecim
687 1209 96 45 in
735 1209 160 45 triplo
848 1209 128 45 pius
912 1209 112 45 pecca

229 1244 106 47 bit
289 1244 121 47 quam
365 1244 136 47 plato
456 1244 106 47 per
516 1244 212 47 additionem
683 1244 121 47 octo
759 1244 106 47 vel
819 1244 136 47 decem
895 1244 136 47 virorum

224 1276 143 52 super
320 1276 223 52 ciceronem:
495 1276 96 52 et
543 1276 112 52 sic
607 1276 223 52 ascendendo
782 1276 175 52 dabitur
894 1276 143 52 aliquis

233 1323 170 40 volens
352 1323 204 40 occidere
505 1323 187 40 finitos
641 1323 187 40 homines
776 1323 170 40 tantum
878 1323 153 40 peccans

221 1360 178 41 quantum
350 1360 161 41 volens
463 1360 194 41 occidere
608 1360 210 41 infinitos
770 1360 178 41 homines
899 1360 113 41 cum
947 1360 81 41 ea-

222 1395 113 47 dem
287 1395 227 47 intensione
465 1395 194 47 graduali
610 1395 81 47 e
643 1395 146 47 tanta
740 1395 259 47 diuturnitate
934 1395 97 47 tem-

214 1433 151 46 poris
315 1433 101 46 et
365 1433 184 46 ceteris
499 1433 184 46 omnibus
633 1433 201 46 paribus.
784 1433 117 46 hoc
851 1433 168 46 dempto
952 1433 67 46 qo

234 1472 121 46 vnus
310 1472 121 46 vult
385 1472 182 46 occidere
522 1472 167 46 finitos
643 1472 91 46 et
688 1472 136 46 alter
779 1472 212 46 infinitos:
946 1472 121 46 quod

224 1514 99 41 est
280 1514 156 41 falsum:
394 1514 113 41 quia
465 1514 170 41 quicquid
592 1514 113 41 mali
663 1514 99 41 est
719 1514 85 41 in
762 1514 99 41 vno
819 1514 85 41 id
861 1514 99 41 est
918 1514 85 41 in
946 1514 85 41 alte

214 1548 93 44 ro
261 1548 78 44 a
292 1548 171 44 aliquid
416 1548 155 44 aliud.
525 1548 78 44 â‹
556 1548 140 44 Dices
650 1548 124 44 quod
727 1548 140 44 actus
820 1548 109 44 quo
883 1548 124 44 quis
945 1548 93 44 vult

225 1589 188 43 occidere
366 1589 204 43 infinitos
523 1589 157 43 finite
633 1589 172 43 excedit
758 1589 141 43 actum
852 1589 188 43 platonis
977 1589 63 43 vo

220 1621 167 45 lentis
337 1621 200 45 occidere
487 1621 150 45 vnum:
587 1621 117 45 sed
654 1621 167 45 cicero
770 1621 167 45 volens
870 1621 167 45 occidere

219 1660 122 42 duos
295 1660 106 42 non
356 1660 91 42 in
401 1660 137 42 duplo
493 1660 122 42 pius
569 1660 152 42 peccat
675 1660 122 42 quam
751 1660 137 42 plato
842 1660 137 42 licet
918 1660 122 42 duplex

228 1705 111 36 sit
292 1705 175 36 malitia
419 1705 96 36 er
467 1705 143 36 parte
562 1705 191 36 obiecti:
706 1705 143 36 tamen
801 1705 143 36 actus
881 1705 159 36 platonis

222 1735 242 46 distinctius
415 1735 161 46 fertur
528 1735 145 46 super
624 1735 129 46 vnum
705 1735 129 46 quam
785 1735 145 46 actus
866 1735 177 46 ciceronis

227 1776 156 45 super
331 1776 294 45 vnumquemlibet
573 1776 173 45 eomodo
694 1776 121 45 quo
763 1776 156 45 cadit
867 1776 104 45 in
902 1776 138 45 quemli

230 1812 109 43 bet:
298 1812 82 43 et
339 1812 163 43 transeat
461 1812 109 43 quod
529 1812 136 43 cicero
624 1812 109 43 pius
692 1812 136 43 peccat
787 1812 109 43 quam
855 1812 122 43 plato
937 1812 82 43 in
964 1812 68 43 pro

235 1854 204 44 portione
388 1854 289 44 sesquialtera:
626 1854 153 44 tamen
728 1854 187 44 additio
864 1854 153 44 vnius
949 1854 85 44 hom

238 1888 108 42 nis
299 1888 108 42 non
361 1888 155 42 reddit
470 1888 186 42 excessum
609 1888 93 42 in
655 1888 124 42 tali
733 1888 248 42 proportione:
934 1888 93 42 et
965 1888 62 42 su

229 1923 148 47 volens
333 1923 178 47 occidere
466 1923 119 47 tres
541 1923 119 47 pius
615 1923 148 47 peccat
719 1923 119 47 quam
793 1923 119 47 ille
867 1923 104 47 qui
926 1923 119 47 vult
986 1923 44 47 o

238 1969 165 40 cidere
354 1969 132 40 duos
437 1969 99 40 in
486 1969 248 40 proportione
684 1969 281 40 sesquiquarta:
899 1969 132 40 propte

227 2002 249 40 confusionem
426 2002 149 40 actus
526 2002 100 40 et
576 2002 216 40 crementum
742 2002 100 40 in
791 2002 182 40 obiecto
924 2002 100 40 et
957 2002 83 40 non

227 2039 98 46 in
276 2039 180 46 malitia
406 2039 147 46 actus
504 2039 98 46 er
553 2039 147 46 parte
651 2039 163 46 actus.
765 2039 114 46 hoc
831 2039 180 46 dixerim
945 2039 98 46 quia

233 2078 181 43 crescit
364 2078 181 43 malitia
495 2078 148 43 actus
594 2078 99 43 ob
643 2078 148 43 ipsum
742 2078 213 43 obiectum:
906 2078 99 43 et
939 2078 99 43 quan

233 2116 100 45 to
283 2116 151 45 magis
384 2116 268 45 conscenditur
602 2116 184 45 propter
736 2116 251 45 confusionem
920 2116 117 45 actus

233 2153 145 43 tanto
330 2153 178 43 malitia
459 2153 145 43 actus
556 2153 129 43 eque
636 2153 194 43 pluribus
782 2153 210 43 applicata
927 2153 113 43 decre

241 2187 129 48 scit:
327 2187 86 48 si
369 2187 143 48 volens
470 2187 172 48 occidere
598 2187 114 48 octo
670 2187 86 48 in
713 2187 129 48 duplo
799 2187 114 48 pius
870 2187 143 48 peccat
956 2187 86 48 quam

239 2227 154 45 volens
346 2227 185 45 occidere
485 2227 139 45 vnum:
577 2227 154 45 postea
685 2227 154 45 volens
793 2227 185 45 occidere
916 2227 123 45 centum

235 2265 97 44 vix
290 2265 83 44 in
332 2265 124 44 duplo
415 2265 111 44 plus
484 2265 138 44 peccat
581 2265 111 44 quam
650 2265 111 44 ille
719 2265 97 44 qui
774 2265 111 44 vult
843 2265 166 44 occidere
954 2265 83 44 octo

240 2303 90 48 et
285 2303 149 48 volens
389 2303 179 48 occidere
524 2303 104 48 bis
583 2303 134 48 mille
673 2303 104 48 non
733 2303 119 48 pius
807 2303 149 48 peccat
912 2303 90 48 in
942 2303 104 48 duplo

244 2343 95 43 quam
303 2343 95 43 ille
363 2343 83 43 qui
410 2343 95 43 vult
470 2343 142 43 occidere
576 2343 131 43 centum:
671 2343 71 43 et
707 2343 83 43 sic
754 2343 190 43 consequenter
909 2343 107 43 potes
968 2343 71 43 asce

234 2380 189 46 derequod
376 2380 205 46 impositio
533 2380 205 46 millionis
691 2380 110 46 non
754 2380 142 46 ponit
848 2380 126 46 vnum
911 2380 126 46 gradum

236 2420 83 39 â‹
270 2420 99 39 Ex
319 2420 133 39 toto
402 2420 133 39 isto
485 2420 199 39 (dummodo
634 2420 133 39 bene
717 2420 215 39 aduertas)
882 2420 116 39 non
932 2420 116 39 dabi-

227 2460 111 40 tur
290 2460 142 40 casus
385 2460 111 40 quo
448 2460 126 40 ille
527 2460 111 40 qui
591 2460 126 40 vult
670 2460 190 40 occidere
812 2460 142 40 solum
891 2460 158 40 finitos:

223 2494 168 38 tantum
341 2494 168 38 peccat
459 2494 185 38 quantum
594 2494 135 38 ille
678 2494 118 38 qui
745 2494 135 38 vult
829 2494 202 38 oecidere
964 2494 84 38 in-

236 2530 192 43 finitos:
380 2530 144 43 licet
476 2530 160 43 semper
588 2530 160 43 volens
700 2530 192 43 occidere
844 2530 160 43 plures
940 2530 96 43 pluc

243 2569 146 47 peccat
346 2569 117 47 quam
419 2569 117 47 ille
491 2569 102 47 qui
550 2569 117 47 vult
623 2569 175 47 occidere
754 2569 146 47 paucos
856 2569 161 47 illorum
958 2569 88 47 plu-

240 2607 146 42 rium:
337 2607 114 42 nec
402 2607 179 42 dabitur
533 2607 130 42 quod
614 2607 195 42 infinite
760 2607 179 42 peccet:
874 2607 179 42 quemadmo-

235 2649 124 42 dum
306 2649 106 42 si
359 2649 195 42 caperes
501 2649 142 42 vnum
590 2649 177 42 pedale
713 2649 106 42 et
767 2649 283 42 superadderes
979 2649 71 42 es

229 2686 171 44 medium
349 2686 154 44 pedem
452 2686 171 44 postea
571 2686 188 44 quartam
708 2686 86 44 /
743 2686 188 44 quintam
880 2686 86 44 /
897 2686 154 44 centest

237 2722 105 54 mam
297 2722 151 54 partes
403 2722 136 54 pedis
493 2722 211 54 millesimam
659 2722 90 54 et
704 2722 105 54 sic
764 2722 120 54 sine
839 2722 136 54 statu
914 2722 136 54 nunquam

1090 290 162 57 habebis
1208 290 147 57 corpus
1311 290 133 57 decem
1400 290 147 57 pedum.
1503 290 103 57 Sic
1562 290 103 57 est
1621 290 88 57 in
1665 290 206 57 proposito.
1812 290 74 57 cre

1086 340 123 45 scit
1162 340 169 45 malitia
1285 340 92 45 in
1332 340 123 45 actu
1408 340 92 45 er
1455 340 138 45 parte
1547 340 169 45 maioris
1670 340 169 45 obiecti
1777 340 108 45 occi-

1090 379 132 46 dendi
1178 379 88 46 et
1222 379 206 46 diminuitur
1384 379 103 46 quo
1443 379 88 46 ad
1487 379 176 46 lationem
1619 379 220 46 confusionis
1780 379 103 46 super

1091 420 183 43 obiectum.
1231 420 126 43 licet
1316 420 211 43 simpliciter
1484 420 126 43 actus
1569 420 155 43 crescat
1681 420 98 43 sic
1737 420 112 43 quod
1794 420 98 43 verum

1088 454 98 45 sit
1144 454 153 45 dicere:
1255 454 98 45 hic
1311 454 126 45 actus
1395 454 98 45 est
1451 454 126 45 peior
1534 454 98 45 sed
1590 454 98 45 non
1646 454 84 45 in
1688 454 84 45 ea
1716 454 167 45 proportio-

1083 492 88 48 ne
1127 492 162 48 propter
1245 492 132 48 pares
1333 492 191 48 impositos
1480 492 88 48 in
1524 492 132 48 calce
1613 492 132 48 sicut
1701 492 118 48 erat
1774 492 88 48 in
1804 492 88 48 prin

1078 533 151 44 cipio.
1184 533 76 44 â‹
1214 533 106 44 Sed
1275 533 166 44 contra:
1396 533 136 44 dices
1486 533 91 44 si
1532 533 121 44 quia
1607 533 151 44 sortes
1713 533 121 44 vult
1774 533 121 44 occide

1088 566 95 49 re
1136 566 206 49 infinitos
1295 566 175 49 homines
1422 566 143 49 actus
1517 566 127 49 eius
1596 566 111 49 est
1660 566 143 49 malus
1755 566 95 49 vt
1787 566 95 49 octo

1092 606 110 49 vel
1155 606 189 49 platonis
1297 606 142 49 actus
1391 606 157 49 potest
1502 606 126 49 esse
1580 606 142 49 malus
1675 606 94 49 vt
1722 606 157 49 septem
1816 606 79 49 vel

1084 642 135 47 non.
1169 642 101 47 si
1219 642 118 47 des
1287 642 169 47 primum
1405 642 203 47 signetur
1558 642 220 47 multitudo
1727 642 135 47 quam
1794 642 85 47 vul

1088 679 129 49 plato
1174 679 172 49 occidere
1303 679 101 49 sic
1361 679 115 49 quod
1432 679 115 49 eius
1504 679 172 49 peccatum
1633 679 101 49 sit
1691 679 86 49 vt
1734 679 144 49 septem
1820 679 72 49 mil

1079 718 137 41 lia:
1164 718 137 41 ergo
1250 718 205 41 possumus
1404 718 205 41 imponere
1557 718 188 41 numerum
1694 718 188 41 finitum
1814 718 68 41 ho

1089 759 139 39 minum
1181 759 108 39 sic
1243 759 124 39 quod
1321 759 155 39 cicero
1429 759 155 39 volens
1538 759 186 39 occidere
1677 759 170 39 finitos
1786 759 108 39 homi-

1076 793 112 46 nes
1140 793 161 46 peccet
1253 793 96 46 vt
1301 793 145 46 octo.
1397 793 80 46 â‹
1429 793 112 46 hic
1494 793 145 46 dices
1590 793 225 46 admittendo
1767 793 128 46 quod
1831 793 48 46 a

1089 831 130 42 ctus
1170 831 194 42 platonis
1315 831 113 42 est
1380 831 97 42 vt
1429 831 162 42 septem
1542 831 113 42 quo
1607 831 130 42 vult
1688 831 194 42 occidere
1817 831 65 42 mi

1081 871 136 39 lionem
1177 871 82 39 et
1218 871 109 39 iste
1286 871 123 39 actus
1368 871 136 39 potest
1463 871 177 39 peiorari:
1600 871 95 39 sed
1654 871 150 39 numquam
1763 871 109 39 erit
1818 871 68 39 su-

1085 908 230 47 peradditio
1265 908 148 47 vnius
1363 908 164 47 gradus
1478 908 180 47 malitie
1609 908 131 47 nisi
1675 908 213 47 supperaddam

1087 946 105 49 tur
1147 946 195 49 infiniti.
1297 946 90 49 et
1342 946 120 49 tunc
1417 946 120 49 ambo
1492 946 150 49 volunt
1597 946 180 49 occidere
1717 946 165 49 infinitos

1088 984 94 51 et
1135 984 204 51 equaliter
1292 984 188 51 peccant.
1434 984 79 51 â‹
1465 984 110 51 Sed
1528 984 173 51 contra:
1654 984 126 51 vnum
1716 984 173 51 infinitum

1089 1022 105 43 est
1149 1022 135 43 maius
1239 1022 120 43 alio
1315 1022 90 43 in
1360 1022 150 43 aliqua
1465 1022 211 43 acceptione
1630 1022 180 43 maioris:
1766 1022 90 43 et
1796 1022 90 43 quia

1082 1063 146 38 libet
1179 1063 179 38 istorum
1309 1063 162 38 actuum
1423 1063 114 38 est
1488 1063 146 38 malus
1585 1063 97 38 vt
1634 1063 130 38 octo
1715 1063 162 38 solum:
1813 1063 81 38 er-

1080 1093 88 49 go
1124 1093 146 49 potest
1227 1093 117 49 esse
1300 1093 190 49 crementum
1446 1093 88 49 in
1490 1093 176 49 actibus.
1622 1093 117 49 ergo
1695 1093 117 49 ille
1768 1093 102 49 qui
1812 1093 88 49 vult

1094 1133 180 43 occidere
1229 1133 135 43 omnes
1318 1133 224 43 christianos
1498 1133 209 43 possibiles
1663 1133 90 43 et
1707 1133 180 43 tartaros
1827 1133 75 43 pos

1086 1175 161 44 sibiles
1204 1175 88 44 et
1248 1175 132 44 omnes
1336 1175 132 44 alios
1424 1175 206 44 possibiles
1585 1175 73 44 a
1615 1175 147 44 seipso
1718 1175 132 44 multo
1791 1175 88 44 pael

1090 1213 171 44 peccabit
1218 1213 114 44 quam
1289 1213 114 44 ille
1361 1213 100 44 qui
1418 1213 114 44 vult
1489 1213 171 44 occidere
1617 1213 185 44 infinitos
1745 1213 143 44 christia

1083 1247 114 43 nos
1148 1247 114 43 cum
1213 1247 228 43 infinities
1393 1247 212 43 infinitos
1556 1247 130 43 vult
1637 1247 212 43 occidere.
1800 1247 82 43 â‹
1816 1247 82 43 Sed

1093 1280 98 53 hic
1149 1280 126 53 dices
1233 1280 112 53 quod
1303 1280 84 53 in
1345 1280 168 53 quolibet
1471 1280 168 53 infinito
1597 1280 112 53 sunt
1667 1280 196 53 infinities
1807 1280 84 53 infr

1081 1330 124 41 niti:
1164 1330 82 41 et
1205 1330 165 41 transeat
1329 1330 110 41 quod
1397 1330 110 41 ille
1466 1330 124 41 actus
1548 1330 96 41 est
1603 1330 124 41 peior
1686 1330 110 41 quid
1755 1330 82 41 ad
1796 1330 82 41 b:
1823 1330 69 41 tu-

1094 1359 213 52 multuarie
1258 1359 115 52 hec
1323 1359 99 52 de
1373 1359 115 52 hoc
1438 1359 213 52 argumento
1603 1359 213 52 senticoso
1750 1359 148 52 dixisse

1092 1402 123 41 nunc
1168 1402 215 41 sufficiat.
1338 1402 77 41 â‹
1368 1402 154 41 Quinto
1476 1402 184 41 arguitur
1614 1402 169 41 ponatur
1737 1402 123 41 quod
1799 1402 92 41 ali-

1083 1442 141 44 quis
1172 1442 265 44 dilectionem
1383 1442 124 44 dei
1454 1442 124 44 per
1524 1442 141 44 vnam
1613 1442 159 44 horam
1701 1442 194 44 continuet

1086 1476 110 54 vel
1149 1476 110 54 per
1212 1476 220 54 quodcumque
1385 1476 142 54 aliud
1480 1476 173 54 tempus:
1606 1476 126 54 iste
1684 1476 173 54 meretur
1795 1476 94 54 infi

1084 1515 151 42 nitum
1185 1515 202 42 premium.
1337 1515 135 42 quia
1421 1515 101 42 in
1471 1515 202 42 qualibet
1623 1515 151 42 parte
1707 1515 185 42 proportio

1088 1553 128 42 nali
1168 1553 160 42 illius
1280 1553 192 42 temporis
1424 1553 176 42 meretur
1552 1553 144 42 nouum
1648 1553 192 42 premium:
1792 1553 96 42 et
1824 1553 64 42 in

1092 1590 159 42 finite
1204 1590 128 42 sunt
1283 1590 159 42 partes
1395 1590 287 42 proportionales
1634 1590 159 42 illius
1730 1590 159 42 temporis

1098 1626 178 43 igitur.
1227 1626 81 43 â‹
1260 1626 113 43 Sed
1325 1626 146 43 dices
1422 1626 162 43 (sicut
1535 1626 195 43 dicendum
1681 1626 130 43 est)
1746 1626 146 43 meritum

1085 1666 96 47 in
1133 1666 177 47 secunda
1262 1666 145 47 parte
1358 1666 273 47 proportionali
1583 1666 128 47 hore
1663 1666 128 47 erit
1727 1666 177 47 subduplum

1093 1702 100 42 ad
1143 1702 184 42 meritum
1277 1702 100 42 in
1327 1702 150 42 prima
1427 1702 150 42 parte
1528 1702 284 42 proportionali
1745 1702 150 42 eiusdem

1096 1741 198 47 supposita
1248 1741 153 47 equali
1355 1741 229 47 intensione:
1538 1741 168 47 quandam
1660 1741 122 47 vnum
1736 1741 153 47 tempus
1828 1741 76 47 est

1091 1781 208 45 subduplum
1251 1781 96 45 ad
1299 1781 160 45 aliud.
1411 1781 80 45 â‹
1443 1781 176 45 Contra:
1572 1781 176 45 ponatur
1700 1781 128 45 quod
1780 1781 96 45 in
1812 1781 80 45 du-

1088 1825 115 40 plo
1153 1825 148 40 magis
1252 1825 197 40 intendat
1400 1825 148 40 actum
1498 1825 99 40 in
1547 1825 181 40 secunda
1679 1825 148 40 parte
1761 1825 131 40 propor

1096 1853 153 44 tionali
1207 1853 111 44 hore
1277 1853 97 44 sic
1332 1853 167 44 scilicet
1457 1853 111 44 quod
1526 1853 83 44 er
1568 1853 125 44 parte
1651 1853 208 44 intensionis
1804 1853 97 44 actus

1101 1892 181 41 meritum
1232 1892 181 41 secuude
1364 1892 165 41 partis
1479 1892 296 41 porportionalis
1726 1892 132 41 erit
1792 1892 99 41 tan-

1090 1929 117 38 tum
1157 1929 184 38 quantum
1291 1929 184 38 meritum
1426 1929 168 38 prime:
1543 1929 101 38 et
1593 1929 117 38 sic
1660 1929 117 38 per
1727 1929 151 38 omnes
1811 1929 84 38 par

1098 1965 110 41 tes
1161 1965 283 41 proportionales
1397 1965 205 41 sequentes
1555 1965 110 41 ita
1618 1965 126 41 fiat
1696 1965 142 41 dupla
1775 1965 126 41 inten-

1108 2001 104 47 sio
1168 2001 89 47 in
1212 2001 134 47 parte
1301 2001 178 47 sequenti
1435 2001 89 47 ad
1479 2001 148 47 partem
1583 2001 238 47 precedentem:
1776 2001 89 47 vt
1806 2001 104 47 equa-

1090 2036 100 44 le
1140 2036 166 44 maneat
1256 2036 199 44 meritum:
1406 2036 116 44 iam
1472 2036 149 44 talis
1571 2036 199 44 infinite
1704 2036 199 44 merebitur:

1099 2078 141 47 ouod
1187 2078 141 47 erat
1276 2078 247 47 probandum.
1469 2078 88 47 â‹
1505 2078 229 47 Propterea
1681 2078 229 47 arguitur:
1840 2078 70 47 in

1104 2118 150 48 finita
1209 2118 105 48 est
1269 2118 196 48 multitudo
1420 2118 211 48 notitiarum
1585 2118 211 48 reflexarum
1751 2118 90 48 in
1781 2118 120 48 intel-

1094 2156 141 38 lectu
1188 2156 173 38 sortis:
1314 2156 173 38 igitur.
1440 2156 220 38 Antecedens
1612 2156 157 38 patet.
1722 2156 157 38 habeat
1817 2156 79 38 so-

1104 2193 106 46 tes
1164 2193 182 46 notitiam
1301 2193 197 46 albedinis
1452 2193 106 46 que
1513 2193 166 46 dicatur
1634 2193 76 46 a
1664 2193 106 46 iam
1724 2193 76 46 a
1755 2193 106 46 est
1800 2193 106 46 agens

1098 2233 187 49 naturale
1238 2233 93 49 et
1285 2233 171 49 presens
1409 2233 202 49 obiectiue
1565 2233 249 49 intellectui:
1767 2233 124 49 ergo
1829 2233 78 49 cau

1108 2267 106 40 sat
1168 2267 181 40 notitiam
1304 2267 181 40 reflexam
1440 2267 181 40 scilicet
1575 2267 75 40 b
1605 2267 90 40 et
1651 2267 151 40 iterum
1756 2267 75 40 b
1771 2267 136 40 reflexa

1099 2309 77 43 c
1129 2309 185 43 reflexam
1268 2309 170 43 causat:
1392 2309 93 43 et
1438 2309 108 43 sic
1500 2309 93 43 in
1546 2309 185 43 abyssum.
1685 2309 77 43 â‹
1716 2309 108 43 Sed
1778 2309 139 43 dices
1855 2309 46 43 i

1099 2345 199 45 tellectus
1252 2345 107 45 est
1313 2345 153 45 finite
1420 2345 230 45 capacitatis
1604 2345 168 45 actiuet
1726 2345 122 45 erit
1788 2345 122 45 status

1097 2383 100 50 in
1147 2383 151 50 certa
1248 2383 251 50 multitudine
1449 2383 234 50 notitiarum
1633 2383 151 50 vltra
1734 2383 134 50 quam
1801 2383 100 50 nul-

1097 2418 109 41 lam
1160 2418 155 41 habere
1268 2418 171 41 potest.
1392 2418 78 41 â‹
1423 2418 155 41 Contra
1532 2418 140 41 licet
1625 2418 109 41 sit
1687 2418 155 41 status
1795 2418 93 41 in
1826 2418 78 41 de-

1097 2458 113 42 cem
1161 2458 193 42 notitiis
1306 2458 145 42 tante
1403 2458 242 42 intensionis
1597 2458 242 42 intellectus
1774 2458 129 42 potest

1099 2495 133 40 hatre
1188 2495 148 40 plures
1292 2495 89 40 vt
1336 2495 163 40 viginti
1454 2495 89 40 in
1499 2495 178 40 subduplo
1632 2495 222 40 remissiores
1809 2495 89 40 et
1839 2495 74 40 sic

1106 2534 137 51 sine
1191 2534 154 51 fine.
1294 2534 86 51 â‹
1328 2534 103 51 Ad
1380 2534 171 51 primum
1499 2534 154 51 inter
1602 2534 222 51 arguendum
1756 2534 154 51 suffici

1099 2570 129 45 enter
1184 2570 86 45 ad
1227 2570 157 45 vltimam
1342 2570 171 45 replicam
1470 2570 186 45 responsum
1613 2570 114 45 est:
1684 2570 100 45 cui
1742 2570 157 45 dicitur
1842 2570 71 45 po-

1100 2613 124 44 nitur
1183 2613 206 44 impossibile
1347 2613 206 44 naturaliter
1512 2613 110 44 quod
1581 2613 82 44 in
1622 2613 124 44 anima
1704 2613 110 44 heat
1759 2613 151 44 infinitum

1107 2647 109 47 actum
1180 2647 194 47 gradualiter.
1337 2647 61 47 â‹
1361 2647 73 47 Ad
1398 2647 145 47 secundum
1507 2647 133 47 dicitur
1604 2647 97 47 quod
1665 2647 85 47 est
1713 2647 182 47 difficilius
1846 2647 61 47 ant

1098 2692 88 40 me
1142 2692 133 40 hatre
1231 2692 147 40 plures
1334 2692 133 40 actus
1422 2692 103 40 spe
1481 2692 221 40 distinctos:
1658 2692 118 40 puta
1732 2692 147 40 vigiti
1820 2692 74 40 quo

1101 2714 108 58 rum
1162 2714 184 58 quilibet
1300 2714 108 58 est
1362 2714 184 58 intensus
1500 2714 92 58 vt
1546 2714 138 58 vnum:
1638 2714 123 58 quam
1715 2714 154 58 habere
1807 2714 108 58 decem
