2324 3292
446 301 93 65 est
499 301 147 65 finita.
606 301 67 65 ⁋
633 301 93 65 Sed
686 301 134 65 contra
780 301 120 65 illud
860 301 174 65 arguitur.
993 301 93 65 ibi
1047 301 120 65 datur
1113 301 134 65 triangu-

452 354 73 44 lus
493 354 147 44 infinitus.
609 354 136 44 ergobasis
714 354 105 44 illius
787 354 136 44 trianguli
892 354 73 44 est
934 354 136 44 infinita.
1039 354 168 44 consequentia
1165 354 73 44 patet

452 396 160 42 postquam
572 396 93 42 est
625 396 147 42 angulus
732 396 133 42 acutus
825 396 80 42 in
865 396 133 42 altero
958 396 160 42 extremo:
1078 396 80 42 et
1118 396 120 42 linee
1185 396 53 42 st

456 437 94 42 plus
515 437 141 42 distant.
621 437 141 42 Probatur
727 437 176 42 antecedens:
868 437 94 42 quia
927 437 94 42 volo
985 437 94 42 quod
1044 437 71 42 in
1079 437 141 42 qualibet
1173 437 71 42 par-

439 475 85 37 te
481 475 242 37 proportionali
680 475 114 37 hore
752 475 156 37 ducatur
865 475 100 37 vna
922 475 128 37 linea
1007 475 227 37 lateraliter:
1178 475 71 37 iam

451 506 85 40 in
493 506 170 40 qualibet
621 506 127 40 parte
706 506 326 40 proportionaliillius
989 506 113 40 hore
1060 506 99 40 est
1102 506 142 40 trigonus

443 538 78 45 et
482 538 78 45 in
521 538 157 45 instanti
639 538 183 45 terminante
782 538 117 45 horam
861 538 117 45 nihil
939 538 157 45 additur:
1056 538 104 45 ergo
1122 538 117 45 adhuc
1187 538 65 45 est

444 579 158 42 trigonus.
566 579 61 42 ⁋
590 579 183 42 Respondetur
736 579 134 42 negando
833 579 110 42 istam
906 579 134 42 vltimam
1004 579 207 42 consequentim.
1174 579 61 42 ⁋
1186 579 61 42 Ter

456 616 88 45 tio
507 616 139 45 arguit:
608 616 101 45 deus
671 616 126 45 potest
759 616 113 45 inter
835 616 101 45 duos
898 616 139 45 homines
998 616 126 45 sortem
1087 616 76 45 et
1112 616 126 45 platonem

443 652 135 44 quorum
538 652 108 44 vnus
606 652 135 44 primus
700 652 162 44 creatur:
822 652 122 44 alter
903 652 149 44 vltimus
1011 652 135 44 creare
1092 652 149 44 infinitos

447 687 159 49 homines:
566 687 106 49 ergo
633 687 106 49 deus
699 687 133 49 potest
792 687 120 49 inter
872 687 106 49 duos
938 687 146 49 homines
1045 687 93 49 vel
1098 687 93 49 duo
1138 687 106 49 puncta

444 729 128 41 creare
534 729 180 41 infinitum.
675 729 167 41 Assumptum
804 729 167 41 arguitur.
932 729 103 41 volo
996 729 103 41 quod
1060 729 103 41 deus
1124 729 77 41 in
1150 729 90 41 prima

443 764 125 47 parte
526 764 235 47 proportionali
720 764 125 47 creet
803 764 152 47 sortem:
914 764 83 47 et
955 764 97 47 sic
1011 764 83 47 in
1052 764 166 47 qualibet
1163 764 83 47 alia

446 805 124 40 parte
529 805 234 40 proportionali
722 805 124 40 creet
805 805 110 40 vnum
874 805 124 40 alium
956 805 165 40 hominem:
1081 805 83 40 et
1108 805 138 40 platonem

457 839 74 44 in
494 839 148 44 instanti
605 839 173 44 terminante
740 839 123 44 horam:
827 839 86 44 iam
876 839 111 44 inter
950 839 111 44 illos
1024 839 148 44 creantur
1123 839 123 44 infiniti

447 876 140 45 homines.
552 876 128 45 igitur.
646 876 58 45 ⁋
669 876 70 45 Et
704 876 187 45 confirmatur:
855 876 93 45 quia
914 876 70 45 si
949 876 105 45 esset
1019 876 93 45 vnus
1077 876 93 45 homo
1123 876 117 45 infinite

445 914 125 41 fortis
532 914 125 41 habens
619 914 100 41 vnum
682 914 150 41 lapillum
794 914 75 41 in
831 914 112 41 manu:
906 914 75 41 et
944 914 87 41 aer
993 914 112 41 esset
1068 914 162 41 infinitus
1181 914 62 41 si-

445 951 81 40 cut
492 951 93 40 deus
550 951 116 40 potest
631 951 128 40 facere:
724 951 93 40 ille
782 951 116 40 potest
863 951 151 40 proiicere
979 951 104 40 illum
1049 951 139 40 lapillum
1153 951 81 40 per
1188 951 58 40 in-

445 983 136 47 finitam
544 983 186 47 distantiam:
692 983 99 47 ergo
754 983 87 47 ibi
804 983 136 47 dabitur
903 983 161 47 infinitum
1027 983 111 47 inter
1101 983 87 47 duo
1138 983 99 47 puncta

457 1024 162 41 onsequentia
587 1024 108 41 tenet:
662 1024 86 41 quia
716 1024 97 41 inter
781 1024 97 41 manum
846 1024 173 41 prolicientis
987 1024 65 41 et
1019 1024 130 41 lapillum
1116 1024 65 41 in
1149 1024 86 41 fine
1192 1024 43 41 mo

443 1064 102 48 tus.
507 1064 165 48 Assumptum
634 1064 114 48 probo
710 1064 102 48 quia
774 1064 76 48 si
812 1064 114 48 solum
888 1064 89 48 per
939 1064 140 48 finitum
1040 1064 140 48 spatium
1129 1064 102 48 sequam

449 1097 114 44 retur
525 1097 101 44 quod
588 1097 101 44 homo
651 1097 126 44 finiti
739 1097 139 44 vigoris
840 1097 126 44 potest
929 1097 164 44 proiicere
1055 1097 88 44 per
1105 1097 126 44 tantum
1181 1097 63 44 spa

443 1135 115 46 tium.
520 1135 102 46 Quod
583 1135 127 46 probo:
673 1135 102 46 quia
736 1135 76 46 da
775 1135 102 46 quod
838 1135 89 46 per
889 1135 102 46 vnam
953 1135 127 46 leucam
1042 1135 115 46 plato
1119 1135 127 46 finiti
1195 1135 51 46 vi

453 1174 115 43 goris
530 1174 128 43 potest
620 1174 167 43 proiicere
748 1174 90 43 per
799 1174 128 43 mediam
889 1174 141 43 leucam:
991 1174 128 43 cicero
1081 1174 141 43 fortior
1171 1174 64 43 per

447 1213 119 43 tres
522 1213 164 43 quartas
641 1213 134 43 vnius
730 1213 149 43 leuce.
835 1213 224 43 deueniendum
1013 1213 104 43 est
1073 1213 89 43 ad
1103 1213 134 43 hominem

437 1248 93 44 qui
490 1248 132 44 potest
582 1248 172 44 proiicere
714 1248 93 44 per
767 1248 145 44 spatium
873 1248 145 44 tantum.
979 1248 66 44 ⁋
1005 1248 79 44 Si
1045 1248 119 44 dicas
1124 1248 119 44 celum
1190 1248 53 44 re

438 1284 137 47 sistit.
537 1284 62 47 ⁋
562 1284 87 47 hoc
612 1284 112 47 nihil
687 1284 100 47 vet:
750 1284 100 47 quia
812 1284 100 47 deus
875 1284 125 47 potest
962 1284 87 47 nos
1012 1284 112 47 omnes
1087 1284 137 47 seruare
1175 1284 62 47 ita

446 1320 82 51 bene
497 1320 82 51 sine
548 1320 82 51 celo
599 1320 71 51 sic
640 1320 61 51 cu
670 1320 92 51 celo.
732 1320 82 51 ergo
783 1320 112 51 oportet
864 1320 102 51 dicere
936 1320 82 51 quod
987 1320 82 51 ille
1038 1320 82 51 homo
1089 1320 102 51 potest
1150 1320 82 51 proii-

441 1362 117 39 cere
514 1362 175 39 infinite
646 1362 88 39 ad
690 1362 146 39 longum
792 1362 219 39 quemadmodum
968 1362 117 39 nunc
1041 1362 88 39 ho
1085 1362 146 39 fortis
1173 1362 58 39 al

442 1395 111 46 tius
512 1395 167 46 prolicit
637 1395 153 46 lapidem
748 1395 139 46 sursum
845 1395 111 46 quam
914 1395 167 46 debilis.
1040 1395 69 46 ⁋
1053 1395 181 46 Respondetur

443 1435 92 44 per
495 1435 222 44 propositioes.
678 1435 65 44 ⁋
705 1435 118 44 Prima
783 1435 105 44 est.
849 1435 170 44 possibile
979 1435 92 44 est
1032 1435 92 44 deo
1084 1435 118 44 inter
1149 1435 79 44 duos

449 1472 148 45 homines
556 1472 134 45 quorum
650 1472 108 45 vnus
717 1472 121 45 primo
798 1472 148 45 creatur
905 1472 81 45 et
946 1472 121 45 alter
1026 1472 134 45 vltimo
1107 1472 121 45 produci

443 1509 76 44 re
481 1509 164 44 infinitos
607 1509 151 44 homines:
721 1509 113 44 patet
796 1509 76 44 in
834 1509 101 44 casu
897 1509 176 44 argumenti:
1035 1509 76 44 et
1073 1509 88 44 sic
1111 1509 126 44 infinita

442 1543 185 46 multitudo
584 1543 185 46 clauditur
727 1543 128 46 inter
812 1543 100 46 duo
869 1543 142 46 puncta
969 1543 228 46 productonis.
1154 1543 71 46 ⁋
1168 1543 57 46 Se

436 1583 126 46 cunda
520 1583 209 46 propositio:
687 1583 84 46 in
729 1583 112 46 illo
799 1583 112 46 casu
868 1583 98 46 non
924 1583 126 46 datur
1008 1583 195 46 penultimus
1147 1583 84 46 crea

448 1622 109 45 tus:
516 1622 109 45 bene
584 1622 122 45 tamen
666 1622 122 45 datur
747 1622 163 45 secundus
870 1622 149 45 tertius
978 1622 82 45 et
1019 1622 163 45 quartus.
1141 1622 68 45 ⁋
1155 1622 68 45 Ter

437 1657 89 46 tia
488 1657 190 46 propositio:
640 1657 89 46 non
691 1657 89 46 est
741 1657 165 46 possibile
868 1657 127 46 ponere
956 1657 114 46 istos
1032 1657 152 46 secundum
1134 1657 101 46 lineam

450 1694 121 37 rectam
535 1694 121 37 sortem
619 1694 73 37 et
656 1694 145 37 platonem
765 1694 73 37 et
801 1694 97 37 quod
862 1694 97 37 sint
922 1694 73 37 in
958 1694 157 37 extremis:
1080 1694 109 37 aliis
1140 1694 97 37 inter-

441 1733 148 47 mediis
545 1733 104 47 sua
604 1733 118 47 loca
678 1733 222 47 tenentibus.
856 1733 74 47 ⁋
885 1733 89 47 Ad
930 1733 267 47 confirmationem
1137 1733 89 47 dice

448 1765 85 49 quod
501 1765 85 49 ille
554 1765 85 49 homo
607 1765 138 49 prounciet
713 1765 116 49 lapidem
798 1765 74 49 per
840 1765 116 49 spatium
925 1765 148 49 infinitum:
1041 1765 64 49 et
1073 1765 85 49 erit
1126 1765 64 49 in
1147 1765 85 49 infini

442 1805 95 45 tis
497 1805 123 45 locis
579 1805 204 45 imaginarie.
742 1805 82 45 Si
783 1805 109 45 enim
851 1805 95 45 sit
905 1805 123 45 linea
987 1805 163 45 infinita
1096 1805 136 45 termiata

441 1843 134 39 parisii
538 1843 98 39 stet
599 1843 122 39 athlas
685 1843 146 39 infiniti
795 1843 134 39 vigoris
892 1843 110 39 super
966 1843 110 39 illam
1039 1843 73 39 in
1075 1843 110 39 porta
1136 1843 98 39 sancti

443 1881 157 47 Victoris
561 1881 170 47 proiicere
692 1881 131 47 potest
784 1881 157 47 lapillum
901 1881 92 47 vel
954 1881 144 47 grossum
1059 1881 144 47 lapidem
1150 1881 79 47 quem

437 1920 143 40 priecit
541 1920 130 40 turnus
632 1920 130 40 contra
723 1920 117 40 Eneam
801 1920 91 40 per
852 1920 117 40 totam
930 1920 117 40 illam
1008 1920 143 40 lineam.
1112 1920 65 40 ⁋
1125 1920 104 40 Quarto

437 1959 172 43 arguitur:
569 1959 158 43 capiatur
688 1959 92 43 vna
740 1959 119 43 linea
820 1959 158 43 infinita
939 1959 158 43 orientem
1057 1959 119 43 vesus
1123 1959 106 43 finita

445 1989 134 51 parisii
542 1989 110 51 super
615 1989 122 51 primam
701 1989 183 51 pedalitatem
847 1989 134 51 ponatur
945 1989 98 51 sor.
1005 1989 110 51 super
1079 1989 146 51 secundam
1176 1989 61 51 pla

440 2028 98 44 to:
496 2028 126 44 super
580 2028 154 44 tertiam
692 2028 140 44 sortes
790 2028 112 44 ipso
859 2028 182 44 ramanente
999 2028 126 44 super
1083 2028 140 44 primam
1167 2028 70 44 pe-

434 2063 186 46 dalitatem:
580 2063 146 46 ponatur
686 2063 133 46 namque
779 2063 80 46 in
819 2063 159 46 diuersis
939 2063 120 46 locis
1018 2063 173 46 totalibus
1138 2063 93 46 sicut

440 2104 163 45 creditur
562 2104 81 45 de
603 2104 95 45 bto
657 2104 163 45 Ambrosio
779 2104 95 45 qui
833 2104 176 45 interfuit
969 2104 163 45 exequiis
1091 2104 122 45 beati
1158 2104 68 45 Ma-

442 2138 112 44 tini
512 2138 112 44 ipso
582 2138 182 44 remanente
722 2138 196 44 mediolani:
876 2138 126 44 casus
960 2138 98 44 est
1016 2138 98 44 deo
1058 2138 168 44 possibilis

450 2173 80 49 Et
490 2173 80 49 si
530 2173 147 49 negetur
637 2173 134 49 casus:
730 2173 120 49 sicut
810 2173 160 49 sequaces
931 2173 147 49 doctor(
1038 2173 134 49 sancti
1118 2173 120 49 negant.

447 2212 90 47 hoc
499 2212 90 47 non
550 2212 142 47 impedit
654 2212 155 47 negotium
770 2212 155 47 nostrum.
886 2212 142 47 ponatur
989 2212 103 47 enim
1053 2212 129 47 sortes
1144 2212 77 47 in
1170 2212 65 47 lo-

446 2253 76 42 co
484 2253 113 42 sicut
560 2253 88 42 est
610 2253 126 42 corpus
699 2253 151 42 christi:
812 2253 88 42 hoc
862 2253 113 42 omnes
938 2253 176 42 admittunt:
1077 2253 139 42 ponatur
1165 2253 63 42 sor

442 2289 90 46 tes
494 2289 116 46 super
571 2289 129 46 primam
661 2289 193 46 pedalitatem
816 2289 142 46 tertiam
919 2289 142 46 quintam
1022 2289 77 46 et
1061 2289 90 46 sic
1099 2289 129 46 alterna-

443 2323 94 52 tim
496 2323 121 52 super
577 2323 175 52 quamlibet
712 2323 94 52 per
765 2323 148 52 nunerum
873 2323 148 52 imparem
981 2323 202 52 designatam:
1129 2323 94 52 plato

432 2364 124 45 super
515 2364 166 45 secundam
640 2364 152 45 quartam
750 2364 83 45 et
792 2364 97 45 sic
847 2364 124 45 super
930 2364 180 45 quamlibet
1068 2364 97 45 per
1110 2364 124 45 numerum

428 2405 134 41 parem
518 2405 224 41 designatam.
696 2405 104 41 hoc
756 2405 194 41 supposito
905 2405 104 41 sic
965 2405 224 41 argumentor.
1129 2405 104 41 inter

440 2438 129 49 sortem
530 2438 77 49 et
569 2438 155 49 platonem
685 2438 77 49 in
724 2438 103 49 illo
788 2438 103 49 casu
852 2438 167 49 clauditur
981 2438 142 49 spatium
1071 2438 155 49 infinitum.

444 2470 75 53 ⁋
474 2470 225 53 Respondetur
654 2470 105 53 per
714 2470 270 53 propositiones.
938 2470 75 53 ⁋
968 2470 135 53 Prima
1058 2470 120 53 est:
1133 2470 105 53 vna
1178 2470 60 53 li

440 2512 94 43 nea
493 2512 120 43 recta
573 2512 160 43 infinite
694 2512 120 43 longa
774 2512 174 43 clauditur
907 2512 120 43 inter
987 2512 94 43 duo
1041 2512 134 43 puncta
1121 2512 107 43 deter-

432 2544 145 53 minata.
537 2544 119 53 patet
616 2544 79 53 ex
656 2544 184 53 probatione
801 2544 184 53 argumenti:
945 2544 79 53 et
985 2544 105 53 idem
1051 2544 92 53 est
1090 2544 132 53 iudicium

439 2582 82 54 si
480 2582 136 54 essent
576 2582 95 54 duo
630 2582 150 54 lapides
739 2582 95 54 sic
794 2582 136 54 positi
889 2582 82 54 in
930 2582 177 54 infinitis
1066 2582 136 54 locis:
1148 2582 82 54 quod

445 2622 124 46 vtique
531 2622 87 46 deo
581 2622 124 46 reputo
668 2622 173 46 possibile.
804 2622 62 46 ⁋
829 2622 136 46 Secunda
928 2622 173 46 propositio
1064 2622 111 46 linea
1126 2622 99 46 infini

439 2660 72 42 ta
475 2660 84 42 non
523 2660 156 42 clauditur
643 2660 108 42 inter
715 2660 96 42 eos:
775 2660 84 42 sic
823 2660 144 42 scilicet
931 2660 96 42 quod
991 2660 96 42 vnus
1051 2660 84 42 est
1099 2660 72 42 in
1135 2660 84 42 vno
1171 2660 48 42 ex

438 2695 118 45 tremo:
521 2695 71 45 et
556 2695 106 45 alter
627 2695 71 45 in
662 2695 106 45 alio:
733 2695 83 45 vel
780 2695 106 45 extra
851 2695 83 45 hoc
898 2695 118 45 patet:
980 2695 94 45 quia
1039 2695 83 45 non
1087 2695 106 45 habet
1145 2695 83 45 extre

431 2734 89 52 mum
482 2734 152 52 orientem
596 2734 139 52 versus.
697 2734 63 52 ⁋
722 2734 126 52 Tertia
811 2734 177 52 propositio
950 2734 89 52 non
1000 2734 114 52 datur
1076 2734 139 52 spatium
1165 2734 63 52 pe

1306 314 106 70 dale
1372 314 66 70 /
1399 314 173 70 tripedale
1531 314 66 70 /
1558 314 212 70 quadrupedale
1730 314 66 70 /
1757 314 80 70 et
1797 314 93 70 sic
1850 314 106 70 sine
1916 314 119 70 statu
1996 314 80 70 in
2022 314 80 70 ali-

1301 364 113 55 quo
1366 364 113 55 vno
1430 364 130 55 loco
1511 364 97 55 vo
1560 364 113 55 vel
1625 364 227 55 imaginario
1803 364 146 55 inter
1900 364 130 55 eos.
1981 364 81 55 ⁋
1997 364 97 55 Quar

1302 398 71 59 ta
1338 398 165 59 propositio
1467 398 82 59 non
1514 398 82 59 est
1561 398 153 59 possibile
1679 398 94 59 quod
1738 398 141 59 infinita
1844 398 106 59 linea
1914 398 153 59 claudatur
2020 398 71 59 inte

1297 436 95 57 duo
1351 436 108 57 sic.
1418 436 81 57 s.
1459 436 108 57 quod
1526 436 108 57 sint
1594 436 81 57 in
1634 436 95 57 vno
1688 436 108 57 loco
1756 436 81 57 vo
1796 436 95 57 vel
1850 436 203 57 imaginario:
2012 436 68 57 a
2026 436 68 57 non

1302 475 102 59 eas
1361 475 88 59 ad
1405 475 233 59 ampliationem
1594 475 248 59 imaginationis
1798 475 117 59 hic.
1871 475 117 59 quia
1944 475 117 59 tunc
2002 475 88 59 iuti

1297 507 126 60 liter
1381 507 140 60 logice
1479 507 70 60 s
1507 507 182 60 proposito
1646 507 182 60 neglecto)
1786 507 84 60 te
1828 507 196 60 innodabis:
1981 507 98 60 non
2023 507 70 60 ta-

1304 550 111 57 men
1368 550 190 57 negandum
1510 550 111 57 est
1573 550 127 57 quin
1653 550 143 57 inter
1748 550 127 57 duos
1827 550 253 57 determinatos
2017 550 79 57 ho-

1304 588 119 52 mines
1383 588 146 52 possint
1489 588 106 52 esse
1555 588 159 52 infiniti
1674 588 159 52 homines:
1794 588 93 52 hoc
1846 588 119 52 patet
1913 588 185 52 multiphariam

1302 618 102 62 Tum
1361 618 131 62 primo
1448 618 87 62 si
1491 618 145 62 essent
1593 618 233 62 penetratiue.
1782 618 102 62 Tum
1840 618 174 62 secundo:
1957 618 145 62 quelibet

1291 665 120 49 pars
1366 665 210 49 integralis
1531 665 150 49 homins
1636 665 105 49 est
1696 665 120 49 homo
1771 665 195 49 absolute.
1921 665 105 49 Tum
1966 665 135 49 tertio:

1294 701 82 51 si
1335 701 124 51 super
1418 701 179 51 quamlibet
1555 701 137 51 partem
1651 701 247 51 proportionalem
1857 701 165 51 continui
1967 701 124 51 pedalis

1292 736 173 55 ponatur
1418 736 126 55 vnus
1497 736 126 55 homo
1575 736 79 55 e
1607 736 110 55 duo
1670 736 173 55 homines
1795 736 94 55 in
1842 736 204 55 extremis.
2000 736 79 55 ⁋
2015 736 79 55 Nec

1304 778 118 51 valet
1382 778 131 51 dicere
1474 778 105 51 quod
1539 778 105 51 homo
1605 778 105 51 plus
1670 778 183 51 extenditur
1814 778 105 51 quam
1880 778 105 51 pars
1932 778 157 51 proportio-

1288 803 141 63 nalis:
1387 803 113 63 quia
1457 803 113 63 volo
1528 803 113 63 quod
1598 803 113 63 deus
1669 803 183 63 condenset
1810 803 155 63 hominem
1923 803 85 63 ad
1965 803 99 63 ita
2007 803 85 63 par-

1297 848 95 50 uam
1352 848 204 50 quantitatem
1515 848 123 50 sicut
1597 848 109 50 pars
1665 848 245 50 proportionalis
1869 848 123 50 super
1951 848 109 50 quam
2006 848 95 50 stat.

1296 885 73 54 ⁋
1326 885 132 54 Potes
1414 885 146 54 facere
1516 885 220 54 argumentum:
1692 885 146 54 posito
1794 885 117 54 quod
1868 885 132 54 eadem
1956 885 132 54 linea
2029 885 73 54 po-

1294 925 124 58 natur
1377 925 83 58 in
1419 925 138 58 duobus
1515 925 138 58 locis:
1612 925 83 58 in
1654 925 97 58 vno
1709 925 111 58 loco
1778 925 152 58 finite:
1889 925 83 58 in
1930 925 111 58 alio
1985 925 111 58 infini

1299 959 80 55 te
1339 959 80 55 ad
1379 959 174 55 probandum
1513 959 107 55 quod
1580 959 174 55 infinitum
1713 959 174 55 clauditur
1847 959 120 55 inter
1927 959 94 55 duo
1968 959 120 55 puncta.

1295 996 70 47 ⁋
1323 996 182 47 Similiter
1463 996 112 47 quod
1534 996 140 47 sphera
1632 996 126 47 ignis
1716 996 98 47 sit
1772 996 168 47 infinita
1899 996 140 47 sursum
1997 996 84 47 et
2025 996 70 47 po-

1296 1033 134 52 natur
1385 1033 104 52 hic
1445 1033 148 52 sphera
1549 1033 134 52 ignis
1638 1033 104 52 vel
1697 1033 178 52 infinita
1831 1033 148 52 sphera
1935 1033 134 52 aeris
2009 1033 89 52 sur-

1300 1065 115 56 sum:
1372 1065 86 56 et
1415 1065 130 56 nihil
1501 1065 130 56 supra
1588 1065 144 56 aerem:
1689 1065 86 56 et
1732 1065 158 56 ponatur
1847 1065 144 56 paruus
1948 1065 130 56 ignis
2020 1065 72 56 hic

1297 1104 83 60 in
1339 1104 138 60 centro
1435 1104 138 60 terre:
1532 1104 83 60 an
1574 1104 166 60 ascendit
1698 1104 97 60 per
1753 1104 152 60 spatium
1864 1104 194 60 infinitums
2016 1104 69 60 ⁋
2030 1104 69 60 Sed

1300 1143 139 51 primum
1397 1143 97 51 est
1453 1143 152 51 facile.
1563 1143 166 51 Secundum
1688 1143 125 51 dilui
1771 1143 139 51 potest
1868 1143 83 51 ex
1910 1143 180 51 solutione
2035 1143 55 51 ar

1292 1187 173 50 gumenti
1418 1187 236 50 precedentis
1607 1187 173 50 partim.
1732 1187 79 50 ⁋
1764 1187 157 50 Quinto
1874 1187 189 50 arguitur
2000 1187 94 50 sic.

1288 1220 158 56 dabilis
1402 1220 100 56 est
1460 1220 230 56 quadrangulus
1646 1220 186 56 ortogonus
1790 1220 201 56 infinitus:
1948 1220 115 56 ergo
2005 1220 86 56 clau

1290 1250 110 61 ditur
1363 1250 159 61 infinitum
1486 1250 110 61 inter
1559 1250 86 61 duo
1608 1250 135 61 puncta.
1706 1250 196 61 consequentia
1865 1250 110 61 tenet
1939 1250 86 61 per
1976 1250 122 61 diffini-

1287 1291 146 53 tionem
1390 1291 161 53 figure.
1507 1291 146 53 Figura
1609 1291 117 53 enim
1682 1291 102 53 est
1740 1291 102 53 que
1799 1291 146 53 termio
1901 1291 102 53 vel
1945 1291 146 53 terminis

1286 1332 213 51 clauditur:
1453 1332 91 51 et
1499 1332 243 51 quadrangulus
1697 1332 106 51 est
1757 1332 167 51 species
1879 1332 167 51 figure.
1986 1332 106 51 Etiam

1296 1366 104 56 per
1356 1366 254 56 diffinitionem
1565 1366 239 56 quadranguli.
1759 1366 179 56 Probatur
1893 1366 209 56 assumptum.
2042 1366 60 56 Vo

1298 1409 82 54 lo
1339 1409 109 54 quod
1407 1409 109 54 deus
1475 1409 82 54 in
1516 1409 122 54 prima
1598 1409 122 54 parte
1679 1409 231 54 proportionali
1870 1409 136 54 faciat
1965 1409 109 54 vnum
2019 1409 82 54 qua-

1284 1444 191 55 drangulum
1431 1444 132 55 cuius
1520 1444 103 55 due
1578 1444 132 55 coste
1667 1444 118 55 sint
1740 1444 176 55 pedales:
1872 1444 118 55 alie
1946 1444 103 55 due
1990 1444 103 55 bipe-

1285 1477 139 54 dales.
1382 1477 83 54 In
1424 1477 152 54 secunda
1535 1477 125 54 parte
1618 1477 236 54 proportionali
1812 1477 111 54 hore
1881 1477 139 54 faciat
1964 1477 139 54 quaedran

1292 1517 119 54 gulum
1371 1517 185 54 superillum
1517 1517 93 54 que
1570 1517 132 54 habeat
1662 1517 132 54 duplas
1755 1517 146 54 costas:
1861 1517 79 54 et
1901 1517 93 54 sic
1954 1517 93 54 per
1993 1517 93 54 omnes

1294 1555 136 53 partes
1390 1555 245 53 proportionales
1594 1555 123 53 vnius
1676 1555 123 53 hore:
1758 1555 95 53 iam
1813 1555 82 53 in
1854 1555 164 53 instanti
1963 1555 136 53 terminam

1284 1592 89 52 te
1329 1592 133 52 horam
1418 1592 119 52 erit
1492 1592 237 52 quadrangulus
1684 1592 178 52 infinite
1818 1592 148 52 logus:
1921 1592 104 52 vel
1966 1592 133 52 quadra-

1287 1624 113 55 tum:
1358 1624 99 55 non
1414 1624 155 55 refert.
1527 1624 127 55 Eodem
1612 1624 113 55 modo
1682 1624 85 55 si
1725 1624 113 55 deus
1795 1624 141 55 capiat
1894 1624 127 55 pedem
1965 1624 127 55 circint

1294 1662 192 59 immobilem:
1445 1662 82 59 et
1486 1662 123 59 ponat
1568 1662 123 59 super
1650 1662 68 59 a
1677 1662 151 59 punctum
1787 1662 82 59 et
1828 1662 123 59 ducat
1910 1662 82 59 in
1951 1662 123 59 prima
2020 1662 68 59 pat

1291 1700 72 56 te
1327 1700 205 56 proportionali
1496 1700 109 56 parum
1568 1700 72 56 in
1605 1700 121 56 circum
1689 1700 145 56 secundum
1798 1700 109 56 illam
1870 1700 169 56 petitionem
1991 1700 96 56 eucli-

1283 1744 108 55 dis:
1351 1744 122 55 super
1432 1744 149 55 centrum
1540 1744 176 55 quodlibet
1676 1744 216 55 quantumlibet
1852 1744 176 55 occupando
1973 1744 122 55 spatium

1281 1779 175 48 circulum
1413 1779 205 48 designare.
1574 1779 146 48 postea
1676 1779 88 48 in
1720 1779 175 48 qualibet
1851 1779 132 48 parte
1925 1779 175 48 proportio-

1291 1809 111 55 nali
1360 1809 111 55 hore
1429 1809 138 55 augeat
1526 1809 111 55 deus
1595 1809 180 55 pedaliter
1734 1809 124 55 pedem
1817 1809 166 55 circini:
1941 1809 97 55 iam
1996 1809 83 55 in
2024 1809 69 55 fi-

1288 1850 87 52 ne
1332 1850 116 52 hore
1405 1850 116 52 erit
1477 1850 174 52 circulus
1608 1850 203 52 infinitus.
1768 1850 73 52 ⁋
1797 1850 102 52 Sed
1855 1850 87 52 ad
1899 1850 102 52 hec
1957 1850 131 52 omnia
2029 1850 73 52 di-

1293 1890 90 49 ces
1345 1890 90 49 (et
1396 1890 103 49 bene
1460 1890 103 49 quod
1524 1890 77 49 in
1563 1890 154 49 instanti
1678 1890 180 49 terminante
1820 1890 116 49 horam
1897 1890 90 49 non
1948 1890 103 49 erit
1999 1890 103 49 figura

1292 1925 107 56 tunc
1358 1925 107 56 enim
1425 1925 120 56 primo
1505 1925 120 56 totum
1585 1925 147 56 desinit
1692 1925 107 56 esse
1759 1925 147 56 figura.
1866 1925 67 56 ⁋
1893 1925 134 56 Contra
1973 1925 120 56 accepto

1292 1962 217 51 quadrangulo
1465 1962 87 51 de
1509 1962 101 51 quo
1567 1962 72 51 a
1596 1962 188 51 principio
1741 1962 145 51 exorsi
1842 1962 145 51 sumus:
1944 1962 130 51 capio
2031 1962 72 51 a
2045 1962 58 51 et

1293 2001 87 49 b.
1336 2001 144 49 costas
1437 2001 202 49 protractas
1595 2001 159 49 sursum:
1711 2001 144 49 cbasim
1812 2001 159 49 pedalem
1927 2001 72 49 d
1956 2001 144 49 lineam
2042 2001 58 49 pe

1286 2035 118 53 dalem
1364 2035 170 53 oppositam
1495 2035 79 53 c.
1535 2035 105 53 Volo
1600 2035 105 53 quod
1666 2035 79 53 in
1705 2035 170 53 qualibbet
1836 2035 118 53 parte
1902 2035 196 53 proportionali

1287 2070 118 52 hore
1361 2070 118 52 deus
1435 2070 89 52 ab
1479 2070 148 52 costas
1582 2070 148 52 augeat
1686 2070 207 52 quiescente
1848 2070 89 52 et
1892 2070 103 52 non
1951 2070 133 52 aucta
2025 2070 74 52 ba-

1283 2109 107 59 sic.
1349 2109 80 59 et
1389 2109 120 59 ponat
1469 2109 67 59 o
1496 2109 133 59 costam
1589 2109 80 59 in
1629 2109 173 59 infinitis
1763 2109 120 59 locis
1843 2109 133 59 semper
1936 2109 80 59 in
1976 2109 107 59 fine
2030 2109 53 59 pe

1283 2151 172 48 dalitatis
1415 2151 119 48 aucte
1494 2151 66 48 a
1521 2151 79 48 et
1560 2151 66 48 b
1587 2151 159 48 costarum
1706 2151 92 48 pro
1758 2151 119 48 omnes
1838 2151 132 48 partes
1917 2151 185 48 proportiona-

1290 2182 89 58 les
1341 2182 114 58 vnius
1417 2182 114 58 hore:
1493 2182 89 58 iam
1544 2182 76 58 in
1582 2182 152 58 instanti
1697 2182 178 58 terminante
1836 2182 114 58 horam
1912 2182 102 58 erit
1963 2182 127 58 quandram

1295 2226 110 52 gulus
1368 2226 171 52 infinitus:
1502 2226 61 52 a
1527 2226 73 52 et
1563 2226 61 52 b
1588 2226 110 52 coste
1661 2226 98 52 sunt
1722 2226 146 52 infinite
1832 2226 122 52 longe.
1917 2226 61 52 c
1942 2226 73 52 et
1978 2226 73 52 de
2003 2226 85 52 peda-

1287 2261 96 52 les.
1347 2261 60 52 d
1371 2261 108 52 costa
1443 2261 84 52 est
1491 2261 72 52 in
1527 2261 156 52 infinitis
1647 2261 120 52 locis.
1730 2261 120 52 semper
1814 2261 60 52 a
1838 2261 72 52 et
1874 2261 60 52 b
1898 2261 156 52 pedaliter
2006 2261 84 52 solum

1285 2299 193 49 distabant.
1437 2299 97 49 iam
1492 2299 166 49 intercet
1616 2299 83 49 de
1658 2299 138 49 pedale
1754 2299 69 49 /
1782 2299 166 49 bipedale
1906 2299 69 49 /
1933 2299 179 49 tripedale
2058 2299 41 49 &

1280 2331 88 53 sic
1331 2331 100 53 sine
1393 2331 113 53 statu
1469 2331 213 53 intercipitur.
1644 2331 63 53 ⁋
1669 2331 201 53 Respondetur.
1832 2331 75 53 si
1870 2331 113 53 seias
1945 2331 100 53 bene
1995 2331 88 53 solud

1289 2370 78 52 re
1328 2370 195 52 antecedens:
1484 2370 91 52 hoc
1536 2370 169 52 euestigio
1666 2370 143 52 diluere
1771 2370 130 52 potes.
1862 2370 65 52 ⁋
1888 2370 130 52 Contra
1966 2370 117 52 tertiam

1291 2409 139 57 conclonem
1399 2409 139 57 arguitur.
1506 2409 129 57 essentia
1602 2409 107 57 ipsius
1677 2409 97 57 anime
1742 2409 75 57 est
1785 2409 118 57 finita.
1870 2409 86 57 ergo
1924 2409 75 57 non
1967 2409 97 57 praet
2021 2409 64 57 ageo

1278 2451 73 45 re
1314 2451 73 45 et
1351 2451 158 45 producere
1473 2451 146 45 notitiam
1582 2451 170 45 infinitam.
1716 2451 97 45 immo
1777 2451 85 45 non
1825 2451 110 45 praet
1898 2451 122 45 tantam
1971 2451 122 45 notitiam

1281 2482 135 52 finitam
1379 2482 159 52 producere
1501 2482 110 52 sicut
1575 2482 98 52 vnus
1636 2482 147 52 angelus.
1747 2482 98 52 ergo
1808 2482 110 52 anima
1882 2482 86 52 non
1931 2482 110 52 praet
1992 2482 98 52 actiue

1291 2521 165 48 ocurrere
1415 2521 96 48 cum
1470 2521 151 48 notitia
1580 2521 179 48 infinita.
1718 2521 69 48 ⁋
1745 2521 206 48 Respondetur
1910 2521 96 48 per
1951 2521 138 48 propones

1284 2562 119 43 Prima
1363 2562 186 43 propositio
1509 2562 146 43 dabilis
1616 2562 93 43 est
1669 2562 133 43 status
1761 2562 80 43 in
1801 2562 159 43 notitiis
1921 2562 106 43 actu
1974 2562 106 43 alibus

1280 2594 82 58 cum
1327 2594 140 58 concursu
1432 2594 82 58 dei
1479 2594 152 58 generali.
1595 2594 82 58 hoc
1642 2594 82 58 est
1689 2594 105 58 anima
1758 2594 117 58 potest
1840 2594 105 58 haere
1910 2594 117 58 tantum
1980 2594 105 58 nunerum

1286 2633 178 52 notitiarum
1426 2633 178 52 actualium:
1566 2633 76 52 et
1604 2633 89 52 non
1655 2633 152 52 amplius.
1769 2633 89 52 hoc
1820 2633 114 52 patet
1896 2633 102 52 quia
1947 2633 152 52 cuiustibet

1275 2670 177 54 creature
1408 2670 191 54 actiuitas
1555 2670 206 54 termiatur:
1717 2670 133 54 primo
1805 2670 88 54 de
1849 2670 133 54 celo:
1938 2670 118 54 siue
1997 2670 88 54 imma

1281 2709 123 47 ximum
1363 2709 151 47 numerum
1473 2709 110 47 quem
1541 2709 110 47 sic:
1610 2709 110 47 siue
1678 2709 82 47 in
1719 2709 151 47 minimum
1829 2709 110 47 quem
1897 2709 96 47 non
1952 2709 68 47 /
1979 2709 96 47 non
2021 2709 68 47 cu-

1288 2747 95 53 ro.
1343 2747 95 53 cui
1397 2747 150 53 quadrat
1507 2747 136 53 illud.
1602 2747 164 53 pluribus
1725 2747 164 53 intentus
1848 2747 123 53 minor
1929 2747 95 53 est
1984 2747 82 53 ad
2011 2747 82 53 sin
