2369 3304
238 262 113 77 gula
308 262 155 77 sensus:
421 262 183 77 pauciores
562 262 113 77 enim
633 262 169 77 notitias
760 262 169 77 actuales
887 262 141 77 potest
971 262 71 77 in-

244 311 153 56 tellectus
362 311 118 56 noster
445 311 118 56 habere
527 311 94 56 quam
586 311 141 56 angelus:
692 311 83 56 cum
739 311 83 56 sit
787 311 141 56 essentia
881 311 165 56 imperfectior

241 351 129 57 iuxta
327 351 129 57 illud
413 351 158 57 partet.
527 351 172 57 Minuisti
656 351 100 57 eum
713 351 201 57 paulominus
871 351 86 57 ab
900 351 143 57 angelis.

271 391 59 44 ⁋
295 391 130 44 Secunda
389 391 165 44 propositio
519 391 153 44 quaelibet
636 391 71 44 ca
672 391 141 44 virtutis
778 391 141 44 limitate
884 391 118 44 potest
955 391 82 44 maio-

250 431 87 51 rem
299 431 149 51 effectum
411 431 161 51 producere
535 431 87 51 cum
584 431 136 51 auxilio
684 431 99 51 quam
746 431 99 51 sine
808 431 87 51 eo:
857 431 112 51 clara
932 431 87 51 est
969 431 62 51 hec

261 463 68 61 ⁋
289 463 136 61 Tertia
384 463 190 61 propositio
533 463 95 61 non
587 463 95 61 est
641 463 149 61 dabilis
750 463 122 61 maxia
831 463 149 61 notitia
926 463 109 61 actua-

241 498 79 57 lis
286 498 90 57 quae
342 498 102 57 prait
410 498 124 57 haberi.
501 498 113 57 patet:
580 498 90 57 quia
636 498 79 57 cum
681 498 113 57 maiori
761 498 79 57 ope
806 498 90 57 erit
862 498 102 57 seper
930 498 102 57 maior
987 498 57 57 no-

250 540 118 51 titia.
333 540 59 51 ⁋
356 540 118 51 Quarta
439 540 165 51 propositio
568 540 153 51 possibile
686 540 83 51 est
734 540 106 51 anime
804 540 130 51 christi
899 540 106 51 hatre
957 540 83 51 infi-

243 569 121 54 nitas
323 569 161 54 notitias
444 569 161 54 actuales
564 569 94 54 spe
618 569 201 54 distinctas:
778 569 94 54 hoc
832 569 174 54 probatur:
953 569 80 54 quia

238 609 81 57 si
278 609 121 57 anima
358 609 148 57 christi
466 609 134 57 habeat
560 609 175 57 infinitos
694 609 148 57 habitus
802 609 121 57 nihil
882 609 134 57 obstat
963 609 67 57 qui

253 645 125 62 potest
340 645 125 62 haetre
427 645 162 62 infinitas
551 645 149 62 notitias
663 645 162 62 actuales.
788 645 62 62 ⁋
813 645 87 62 Nec
863 645 149 62 sequitur
962 645 75 62 quod

235 682 107 50 nos
296 682 184 50 possumus
434 682 138 50 hatre
525 682 107 50 tot
586 682 184 50 notitias
724 682 184 50 actuales
862 682 122 50 quot
923 682 107 50 habem

252 720 152 63 habitus:
366 720 139 63 propter
467 720 126 63 pondus
556 720 114 63 huius
632 720 152 63 mortalis
745 720 139 63 corpis.
846 720 152 63 secundum
948 720 88 63 illud

254 758 172 58 lapientie
386 758 119 58 nono.
465 758 132 58 Corpus
558 758 106 58 quod
624 758 198 58 corrumpitur
782 758 158 58 aggrauat
901 758 145 58 animam.
993 758 40 58 E

253 798 116 50 vltra:
335 798 140 50 quicquod
440 798 93 50 deus
498 798 105 50 praet
568 798 81 50 cum
614 798 116 50 habitu
696 798 105 50 praet
765 798 93 50 sine
824 798 116 50 habitu
905 798 81 50 per
940 798 93 50 maxia-

243 838 189 51 theologicam.
396 838 141 51 quicquid
503 838 118 51 potest
585 838 83 51 cum
632 838 71 51 ca
668 838 141 51 secunda:
774 838 118 51 potest
856 838 94 51 sine
915 838 118 51 eadem.
986 838 47 51 er

247 871 76 60 go
285 871 165 60 biphariam
413 871 102 60 deus
476 871 127 60 potest
565 871 153 60 conicare
680 871 140 60 christi
782 871 114 60 anime
858 871 165 60 infinitas
972 871 64 60 not

242 904 115 56 tias
314 904 187 56 actuales.
458 904 72 56 ⁋
487 904 144 56 Quinta
587 904 216 56 propositio.
760 904 187 56 infinitas
890 904 144 56 notitia:

258 945 144 52 actuales
366 945 108 52 anima
438 945 132 52 christi
534 945 120 52 habet:
618 945 156 52 Probatur.
739 945 96 52 quia
799 945 108 52 illud
871 945 84 52 est
919 945 84 52 deo
955 945 84 52 possi

258 984 96 54 bile
318 984 72 54 ex
354 984 156 54 priemissa
475 984 72 54 et
511 984 229 54 praecedentibus:
703 984 72 54 et
739 984 192 54 perfectionem
884 984 168 54 accidentalem

249 1021 114 50 dicit
325 1021 114 50 plura
402 1021 190 50 cognoscere.
554 1021 102 50 ergo
617 1021 114 50 illud
693 1021 114 50 anime
770 1021 140 50 christi
858 1021 178 50 attribuendum

251 1054 116 55 est.
323 1054 72 55 ⁋
352 1054 87 55 Ex
395 1054 101 55 hoc
453 1054 144 55 infero
554 1054 202 55 corollaria
713 1054 144 55 Primum
814 1054 116 55 est.
872 1054 173 55 cuiuslibet

261 1091 134 60 partis
354 1091 241 60 proportionalis
555 1091 160 60 continui
675 1091 160 60 notitiam
795 1091 187 60 intuitiuam
942 1091 80 60 in
969 1091 80 60 gene

253 1135 69 47 re
287 1135 161 47 proposioio
414 1135 104 47 anima
483 1135 127 47 christi
575 1135 115 47 habet.
655 1135 58 47 ⁋
678 1135 138 47 Secundum
782 1135 184 47 corollarium.
920 1135 127 47 possibile

268 1169 87 50 est
317 1169 112 50 anime
392 1169 136 50 christi
491 1169 99 50 hare
553 1169 161 50 infinitas
677 1169 149 50 notitias
789 1169 149 50 reslexas
900 1169 124 50 quarum
975 1169 74 50 qua-

260 1211 123 46 libet
342 1211 96 46 est
397 1211 178 46 distincte
534 1211 164 46 cognita.
657 1211 137 46 habeat
753 1211 109 46 enim
821 1211 164 46 notitiam
931 1211 109 46 intuit

267 1240 87 54 uam
316 1240 150 54 essentie
429 1240 125 54 diuine
516 1240 75 54 et
553 1240 137 54 dicatur
653 1240 75 54 a:
691 1240 125 54 postea
778 1240 150 54 notitiam
890 1240 150 54 reflexam
990 1240 50 54 de

264 1278 53 54 a
286 1278 64 54 et
317 1278 116 54 dicatur
402 1278 64 54 b.
434 1278 64 54 et
465 1278 53 54 c
487 1278 64 54 oe
518 1278 64 54 b.
550 1278 64 54 et
582 1278 74 54 sic
624 1278 180 54 consequenter.
772 1278 74 54 Aid
815 1278 95 54 istud
878 1278 95 54 nihil
942 1278 95 54 aliod
995 1278 42 54 se

267 1319 103 52 quitur
339 1319 83 52 nisi
391 1319 83 52 quod
442 1319 93 52 habet
504 1319 134 52 infinitas
608 1319 124 52 notitias
701 1319 72 52 spe
742 1319 155 52 distinctas:
866 1319 114 52 quaerum
938 1319 114 52 quaelibet

248 1357 90 40 est
300 1357 168 40 distincte
429 1357 155 40 cognita:
545 1357 77 40 et
584 1357 90 40 non
635 1357 116 40 datur
713 1357 142 40 vltima:
816 1357 103 40 quae
880 1357 90 40 non
932 1357 103 40 modo
983 1357 65 40 pos

249 1388 129 56 sibilia
343 1388 105 56 sunt:
413 1388 82 56 sed
460 1388 199 56 conuenientia.
624 1388 59 56 ⁋
648 1388 129 56 Tertium
741 1388 187 56 corollarium.
894 1388 70 56 in
917 1388 129 56 infinitum

257 1428 158 51 imperfecta
381 1428 79 51 est
426 1428 124 51 aliquae
517 1428 124 51 illarum
607 1428 158 51 notitiarum
731 1428 170 51 reflexarum.
867 1428 68 51 vt
901 1428 147 51 quaelibet
1003 1428 45 51 ea

252 1465 90 56 rum
304 1465 90 56 est
355 1465 180 56 perfectior
496 1465 154 56 albedie.
612 1465 116 56 prior
689 1465 103 56 pars
753 1465 116 56 huius
830 1465 180 56 corollarii
958 1465 90 56 patet

256 1503 93 46 quia
314 1503 58 46 a
338 1503 81 46 est
384 1503 162 46 perfectior
512 1503 70 46 b:
546 1503 93 46 quia
604 1503 186 46 perfectioris
755 1503 139 46 obiecti.
859 1503 58 46 c
883 1503 81 46 per
929 1503 93 46 idem
975 1503 70 46 imp-

256 1534 125 53 fectior
347 1534 57 53 b
369 1534 68 53 et
403 1534 80 53 sic
449 1534 68 53 de
483 1534 68 53 d.
517 1534 91 53 ergo
574 1534 114 53 ibitur
653 1534 68 53 in
687 1534 148 53 infinitum
801 1534 216 53 inperfectionem.
971 1534 80 53 Poste

256 1576 98 52 rior
317 1576 98 52 pars
378 1576 172 52 corollarii
513 1576 123 52 patet:
599 1576 98 52 quia
660 1576 159 52 quaelibet
783 1576 135 52 notitia
881 1576 135 52 spualis
966 1576 86 52 albe-

259 1608 110 52 dine
328 1608 96 52 est
383 1608 206 52 perfectior.
548 1608 206 52 quemadmodum
713 1608 193 52 substantia
864 1608 151 52 spualis
961 1608 96 52 corpe

284 1656 67 49 ⁋
310 1656 120 49 Sexto
391 1656 174 49 arguitur:
524 1656 147 49 ponendo
631 1656 174 49 infinitum
765 1656 147 49 calorem
871 1656 80 49 in
911 1656 134 49 agendo
992 1656 53 49 in

262 1684 182 50 medietate
402 1684 112 50 cere
473 1684 182 50 spherice:
613 1684 98 50 vel
669 1684 140 50 aliter
767 1684 197 50 quomodoset
908 1684 140 50 figurate

256 1724 96 46 iste
316 1724 108 46 calor
388 1724 156 46 rarefacit
507 1724 96 46 hanc
567 1724 108 46 ceram
639 1724 84 46 per
687 1724 156 46 infinitam
807 1724 180 46 distantiam.
950 1724 96 46 Quod
998 1724 48 46 p-

259 1758 89 54 qui
310 1758 166 54 quodlibet
438 1758 140 54 punctum
539 1758 153 54 infinite
654 1758 127 54 distat
743 1758 64 54 a
769 1758 153 54 quolibet
883 1758 140 54 puncto.
985 1758 76 54 si
1011 1758 38 54 d

262 1799 96 46 cas
317 1799 124 46 datur
400 1799 124 46 maxia
482 1799 151 46 raritas
592 1799 206 46 possibilis:
757 1799 165 46 alioquin
881 1799 96 46 vna
936 1799 110 46 faba
991 1799 55 46 po

263 1834 100 48 test
325 1834 112 48 totum
400 1834 125 48 mundum
487 1834 150 48 replere.
600 1834 62 48 ⁋
625 1834 137 48 Contra:
724 1834 75 48 ex
762 1834 100 48 illo
824 1834 150 48 sequitur
937 1834 100 48 quod
987 1834 62 48 ca-

264 1871 95 51 lor
319 1871 150 51 finitus
428 1871 82 51 in
469 1871 122 51 forma
550 1871 82 51 et
591 1871 82 51 in
632 1871 191 51 actiuitate
781 1871 82 51 ad
822 1871 136 51 tantam
904 1871 136 51 raritate

259 1907 164 49 rarefacit
386 1907 101 49 hanc
449 1907 114 49 ceram
524 1907 114 49 sicut
600 1907 114 49 calor
676 1907 164 49 infinitus
802 1907 76 49 in
840 1907 114 49 gradu
916 1907 76 49 et
954 1907 76 49 in
979 1907 63 49 agi

261 1947 87 51 do:
310 1947 100 51 quod
373 1947 87 51 est
422 1947 212 51 inconueniens.
597 1947 62 51 ⁋
622 1947 187 51 Respondetur
771 1947 100 51 quod
833 1947 112 51 dando
908 1947 137 51 maximam
995 1947 50 51 ra

256 1982 141 49 ritatem
358 1982 179 49 possibilem
499 1982 192 49 naturalitur
652 1982 115 49 calor
729 1982 166 49 rarefacit
857 1982 115 49 illam
933 1982 115 49 ceram
1010 1982 77 49 ad

262 2019 133 49 maximam
358 2019 169 49 possibilem
491 2019 84 49 per
539 2019 145 49 naturam:
648 2019 72 49 et
684 2019 169 49 conceditur
817 2019 96 49 quod
877 2019 72 49 ad
913 2019 121 49 tantam
986 2019 72 49 rari

254 2057 113 46 tatem
330 2057 126 46 potest
418 2057 113 46 forma
494 2057 139 46 aliquae
595 2057 126 46 finita
683 2057 76 46 et
721 2057 76 46 in
759 2057 113 46 gradu
834 2057 76 46 et
872 2057 76 46 in
910 2057 126 46 agendo
985 2057 76 46 prdu

261 2094 98 47 cere
322 2094 98 47 hanc
383 2094 123 47 ceram:
469 2094 86 47 sed
518 2094 74 47 in
555 2094 123 47 minori
641 2094 147 47 tempore:
751 2094 74 47 et
788 2094 74 47 si
824 2094 86 47 non
873 2094 135 47 ponatur
959 2094 98 47 status

262 2128 75 49 in
299 2128 149 49 raritate
411 2128 149 49 infinite
523 2128 112 49 illam
598 2128 112 49 ceram
672 2128 174 49 rarefacere
809 2128 137 49 potest:
909 2128 87 49 sed
946 2128 100 49 quodli

257 2168 96 47 bet
312 2168 150 47 punctum
421 2168 136 47 illius
517 2168 109 47 cere
585 2168 123 47 solum
667 2168 136 47 finite
762 2168 136 47 distat
858 2168 82 47 ab
899 2168 96 47 hoc
940 2168 109 47 puncto

258 2203 92 43 vel
310 2203 79 43 ab
350 2203 105 43 illo
415 2203 144 43 puncto.
520 2203 92 43 set
572 2203 79 43 in
611 2203 170 43 infinitum
742 2203 131 43 distat
834 2203 105 43 vnum
899 2203 144 43 punctum
991 2203 52 43 ar

267 2248 84 42 hoc
315 2248 132 42 puncto:
411 2248 72 42 et
447 2248 156 42 infinitum
568 2248 168 42 propinquum
700 2248 84 42 est
748 2248 96 42 vnum
808 2248 132 42 punctum
905 2248 96 42 huic
953 2248 96 42 puncto

268 2277 57 48 ⁋
290 2277 80 48 Sed
336 2277 115 48 contra
417 2277 103 48 istud
486 2277 149 48 arguitur.
600 2277 69 48 ex
635 2277 80 48 hac
681 2277 138 48 solutone
784 2277 138 48 sequitur
887 2277 92 48 quod
945 2277 69 48 si
968 2277 80 48 esse-

261 2314 166 48 infinitum
389 2314 128 48 frigus
479 2314 77 48 et
517 2314 77 48 in
556 2314 115 48 gradu
632 2314 77 48 et
671 2314 77 48 in
709 2314 179 48 actiuitate
850 2314 115 48 prope
927 2314 115 48 ceram
991 2314 64 48 ips

262 2357 83 47 sam
310 2357 178 47 condensabit
452 2357 71 47 ad
488 2357 83 47 non
535 2357 130 47 quantum
630 2357 71 47 et
665 2357 83 47 sic
713 2357 154 47 continuum
831 2357 166 47 componetur
962 2357 71 47 ex
986 2357 59 47 non

260 2388 158 47 quantis:
378 2388 118 47 cuius
457 2388 171 47 oppositum
588 2388 210 47 Aristoteles.
759 2388 92 47 vi.
812 2388 131 47 physi.
904 2388 144 47 nititur
995 2388 53 47 de

263 2428 179 43 monstrare.
404 2428 103 43 Quod
468 2428 154 43 sequatur
584 2428 128 43 patet:
673 2428 103 43 quia
738 2428 90 43 vel
789 2428 90 43 est
840 2428 128 43 status
930 2428 77 43 in
955 2428 103 43 maxima

261 2463 169 41 densitate
391 2463 65 41 a
417 2463 91 41 hoc
469 2463 104 41 non.
534 2463 104 41 quia
599 2463 104 41 tunc
664 2463 130 41 frigus
755 2463 78 41 fi
794 2463 117 41 nitum
872 2463 130 41 posset
963 2463 78 41 ad
989 2463 78 41 tan-

264 2499 92 47 tam
317 2499 185 47 densitatem
462 2499 92 47 hoc
514 2499 132 47 corpus
607 2499 185 47 condensare
752 2499 119 47 sicut
831 2499 92 47 hoc
884 2499 132 47 frigus
963 2499 92 47 infi-

266 2533 125 47 nitum:
354 2533 100 47 quod
417 2533 88 47 est
467 2533 213 47 inconueniens.
643 2533 63 47 ⁋
668 2533 201 47 Respondetur.
831 2533 100 47 quod
894 2533 113 47 datur
957 2533 100 47 maxima

248 2577 154 42 densitas
364 2577 180 42 possibilis
505 2577 193 42 naturaliter
659 2577 77 42 et
698 2577 116 42 illud
775 2577 128 42 frigus
864 2577 128 42 potest
954 2577 103 42 hanc
1006 2577 51 42 ce

261 2609 87 46 ram
310 2609 74 46 ad
347 2609 112 46 illam
422 2609 186 46 condensare:
571 2609 74 46 et
608 2609 124 46 frigus
694 2609 136 46 finitum
794 2609 74 46 ad
831 2609 124 46 tantam
905 2609 149 46 densitater

265 2649 150 41 deducet
375 2649 109 41 hanc
443 2649 137 41 ceram:
539 2649 178 41 densitati
675 2649 109 41 enim
744 2649 164 41 naturali
867 2649 164 41 repugnat
976 2649 82 41 quod

252 2681 131 55 minor
340 2681 117 55 fiat
413 2681 219 55 naturalitur
588 2681 88 55 vt
632 2681 146 55 dictum
734 2681 102 55 est
793 2681 88 55 de
836 2681 146 55 minimo
924 2681 146 55 naturali

1085 260 100 58 in.
1142 260 129 58 xvii.
1228 260 157 58 distin.
1342 260 143 58 huius.
1442 260 86 58 Si
1485 260 100 58 non
1542 260 157 58 ponatur
1656 260 143 58 maxima
1742 260 143 58 densitat

1087 312 177 39 naturalis
1223 312 190 39 argumentum
1373 312 95 39 est
1427 312 150 39 acrius.
1536 312 150 39 dicitur
1645 312 109 39 quod
1713 312 122 39 forte
1781 312 95 39 conde

1097 346 123 52 sabit
1179 346 82 52 ad
1220 346 109 52 hunc
1288 346 136 52 sensum
1384 346 109 52 quod
1452 346 164 52 quelibet
1574 346 109 52 pars
1643 346 95 52 sit
1697 346 95 52 cum
1738 346 150 52 qualibbem

1093 380 92 44 non
1146 380 119 44 autem
1225 380 79 44 ad
1264 380 92 44 non
1317 380 145 44 quantum
1422 380 92 44 sic
1475 380 105 44 quod
1541 380 105 44 cera
1606 380 105 44 erit
1659 380 158 44 punctalis.

1206 416 69 58 ⁋
1234 416 249 58 Distinctionis.
1442 416 152 58 xliiii.
1552 416 152 58 questio
1649 416 125 58 quarta.

1243 450 111 50 Irca
1312 450 111 50 hanc
1381 450 166 50 materiam
1506 450 83 50 de
1547 450 111 50 motu
1616 450 166 50 infiniti
1727 450 152 50 querimus.

1240 487 82 45 An
1281 487 109 45 dato
1350 487 150 45 corpore
1459 487 164 45 infinito
1582 487 123 45 ipsum
1664 487 137 45 potest
1746 487 137 45 mouerius

1288 531 100 42 Pro
1345 531 186 42 solutione
1488 531 171 42 quiodnis
1616 531 114 42 pono
1673 531 200 42 conclusiones

1238 566 72 49 ⁋
1266 566 130 49 Prima
1353 566 115 49 est.
1425 566 115 49 data
1497 566 130 49 linea
1583 566 187 49 infinita:
1728 566 144 49 finita
1814 566 72 49 pa-

1242 596 107 46 rilii
1313 596 142 46 orientem
1420 596 107 46 vesus
1491 596 118 46 sortes
1574 596 118 46 potest
1657 596 178 46 partransire
1799 596 83 46 per
1835 596 47 46 mo

1101 639 89 45 tum
1152 639 114 45 totam
1228 639 114 45 illam
1305 639 140 45 lineam.
1406 639 64 45 ⁋
1432 639 140 45 Secunda
1534 639 140 45 conclo.
1635 639 76 45 si
1674 639 114 45 esset
1750 639 89 45 vna
1788 639 89 45 linea

1095 675 156 46 infinita
1212 675 143 46 parisii
1316 675 182 46 terminata:
1459 675 78 46 et
1497 675 156 46 orientem
1614 675 104 46 vsus
1679 675 169 46 infinita:
1796 675 78 46 deus

1092 716 135 47 potest
1186 716 148 47 trahere
1294 716 121 47 illam
1375 716 135 47 lineam
1469 716 162 47 extremum
1591 716 148 47 finitum
1699 716 148 47 versus.
1807 716 67 47 ⁋
1820 716 54 47 Te

1090 751 86 43 tia
1139 751 172 43 conclusio.
1274 751 98 43 deus
1335 751 123 43 potest
1421 751 159 43 retrahere
1543 751 110 43 illam
1617 751 135 43 lineam:
1715 751 74 43 et
1751 751 86 43 eam
1788 751 98 43 mouere

1087 790 88 42 ad
1131 790 175 42 extremum
1263 790 161 42 vocatum
1379 790 175 42 orientem
1511 790 131 42 vsus.
1599 790 73 42 ⁋
1628 790 146 42 Quarta
1715 790 161 42 conclusio

1088 826 110 46 dato
1157 826 124 46 corpe
1240 826 165 46 oiquaque
1363 826 179 46 infinito:
1501 826 110 46 deus
1570 826 138 46 potest
1666 826 138 46 mouere
1762 826 124 46 ipsum
1831 826 55 46 mo

1098 862 90 46 tum
1150 862 116 46 recto
1227 862 64 46 a
1253 862 103 46 motu
1317 862 180 46 circulari.
1458 862 64 46 ⁋
1484 862 103 46 Pria
1548 862 129 46 conclo
1639 862 90 46 est
1690 862 129 46 contra
1767 862 116 46 quendam

1096 898 92 46 quam
1153 898 81 46 sic
1199 898 115 46 probo.
1280 898 69 46 ad
1314 898 115 46 lineam
1395 898 150 46 infinitam
1510 898 173 46 pertransiri
1648 898 104 46 nulla
1717 898 138 46 sequitur
1809 898 81 46 condi

1103 943 101 39 ctio:
1170 943 90 39 ergo
1226 943 101 39 illud
1294 943 79 39 est
1339 943 79 39 deo
1384 943 157 39 possibile.
1507 943 191 39 consequentiam
1664 943 124 39 dubitat
1754 943 101 39 nemo.
1810 943 79 39 probo

1097 972 158 45 antecedens
1221 972 68 45 ad
1255 972 102 45 illud
1323 972 79 45 non
1368 972 136 45 sequitur
1470 972 91 45 quod
1527 972 91 45 illa
1583 972 102 45 linea
1651 972 136 45 infinita
1753 972 91 45 heat
1798 972 91 45 partem

1096 1010 146 45 vltimam:
1205 1010 73 45 vt
1242 1010 109 45 patet
1315 1010 73 45 de
1351 1010 219 45 partransitione
1533 1010 158 45 continui:
1655 1010 73 45 et
1692 1010 109 45 linee
1752 1010 134 45 gpratiue.

1106 1046 86 44 Nec
1155 1046 148 44 sequitur
1266 1046 99 44 quod
1328 1046 74 44 in
1365 1046 136 44 finitum
1463 1046 123 44 rectum
1550 1046 160 44 clauditur
1673 1046 111 44 inter
1747 1046 86 44 duo
1784 1046 111 44 puncta.

1124 1087 64 41 ⁋
1150 1087 127 41 Pretea
1239 1087 102 41 sor.
1303 1087 127 41 potest
1392 1087 76 41 in
1430 1087 115 41 prima
1507 1087 115 41 parte
1583 1087 217 41 proportionali
1762 1087 102 41 hore
1813 1087 76 41 per-

1098 1119 142 43 transire
1205 1119 118 43 partem
1287 1119 130 43 pedalem
1382 1119 118 43 illius
1465 1119 118 43 linee:
1547 1119 71 43 in
1583 1119 130 43 secunda
1677 1119 106 43 parte
1748 1119 106 43 aliam
1807 1119 83 43 peda-

1106 1153 80 49 lem
1151 1153 69 49 de
1186 1153 138 49 potentia
1289 1153 80 49 dei
1335 1153 149 49 absoluta:
1450 1153 69 49 et
1485 1153 80 49 sic
1530 1153 69 49 in
1565 1153 149 49 quaelibet
1680 1153 92 49 alia
1737 1153 103 49 parte
1795 1153 103 49 propor-

1104 1192 132 47 tionali
1200 1192 108 47 hore:
1272 1192 96 47 quae
1333 1192 108 47 facto
1405 1192 96 47 tota
1465 1192 108 47 linea
1537 1192 229 47 pertransibitur.
1730 1192 60 47 ⁋
1754 1192 96 47 hunc
1802 1192 84 47 casum

1097 1230 97 51 negat
1162 1230 97 51 iste.
1226 1230 86 51 quia
1280 1230 118 51 videtur
1366 1230 64 51 ei
1398 1230 86 51 quod
1452 1230 129 51 sequitur
1548 1230 183 51 contradictio.
1699 1230 64 51 s.
1731 1230 86 51 quod
1774 1230 118 51 infinitum

1103 1267 131 46 rectum
1194 1267 170 46 claudatur
1325 1267 117 46 inter
1403 1267 91 46 duo
1455 1267 144 46 puncta:
1560 1267 91 46 sed
1612 1267 170 46 conabimur
1742 1267 117 46 illud
1808 1267 78 46 eua-

1105 1306 112 44 dere.
1179 1306 62 44 ⁋
1204 1306 149 44 Secundam
1315 1306 186 44 conculionem
1464 1306 124 44 probo.
1551 1306 74 44 si
1588 1306 112 44 esset
1662 1306 87 44 vna
1712 1306 112 44 linea
1774 1306 124 44 infinita

1104 1340 145 49 orientem
1213 1340 97 49 vsus
1273 1340 145 49 termiata
1382 1340 133 49 parisii
1478 1340 145 49 mirabile
1587 1340 85 49 est
1635 1340 97 49 quod
1696 1340 97 49 deus
1756 1340 85 49 non
1792 1340 97 49 potest

1107 1378 140 49 trahere
1209 1378 114 49 illam
1285 1378 127 49 lineam
1374 1378 178 49 occidentem
1514 1378 127 49 versus
1603 1378 89 49 per
1654 1378 102 49 vnum
1717 1378 127 49 pedem:
1806 1378 76 49 et
1831 1378 64 49 qua

1108 1414 119 49 ritioe
1191 1414 83 49 per
1239 1414 95 49 vnum
1298 1414 107 49 pedem
1370 1414 155 49 primille:
1489 1414 71 49 et
1524 1414 83 49 sic
1572 1414 95 49 sine
1631 1414 119 49 statu.
1715 1414 71 49 ad
1750 1414 107 49 illud
1810 1414 83 49 autem

1112 1449 80 49 non
1157 1449 137 49 sequitur
1260 1449 92 49 quod
1318 1449 92 49 tota
1375 1449 103 49 linea
1444 1449 149 49 relinquat
1558 1449 103 49 locum
1627 1449 103 49 retro
1695 1449 160 49 seorientem
1810 1449 80 49 vsus.

1105 1490 97 49 Quod
1166 1490 122 49 probo.
1251 1490 97 49 quia
1312 1490 97 49 tunc
1372 1490 85 49 per
1421 1490 195 49 cquisitionem
1579 1490 182 49 pedalitatis
1725 1490 158 49 infinitum
1834 1490 61 49 lo-

1107 1529 88 43 cum
1158 1529 176 43 amitteret.
1296 1529 63 43 ⁋
1321 1529 138 43 Tertiam
1421 1529 163 43 conclonem
1547 1529 125 43 probo.
1634 1529 100 43 quia
1697 1529 100 43 deus
1760 1529 125 43 potest
1835 1529 63 43 re-

1105 1561 151 50 trahere
1215 1561 123 50 istam
1297 1561 137 50 lineam
1393 1561 205 50 quemadmodum
1557 1561 137 50 traxit
1653 1561 192 50 occidentem
1790 1561 96 50 vsus:

1115 1599 103 52 quia
1179 1599 192 52 quemadmodum
1333 1599 90 52 non
1385 1599 141 52 amittit
1487 1599 103 52 suum
1551 1599 115 52 locum
1628 1599 90 52 per
1680 1599 90 52 hoc
1731 1599 103 52 quod
1782 1599 103 52 moueat

1108 1639 174 47 occidentem
1244 1639 112 47 vsus:
1318 1639 87 47 ita
1368 1639 87 47 non
1418 1639 136 47 oportet
1517 1639 99 47 quod
1579 1639 149 47 acquirat
1691 1639 112 47 nouum
1765 1639 112 47 modum
1827 1639 62 47 mo-

1103 1676 125 48 uendo
1186 1676 166 48 orientem
1311 1676 138 48 vesus.
1408 1676 69 48 ⁋
1435 1676 138 48 Quarta
1532 1676 138 48 conclo
1629 1676 125 48 habet
1712 1676 111 48 duas
1767 1676 125 48 partes:

1106 1712 138 51 quarum
1203 1712 111 51 vnam
1272 1712 166 51 concedit
1396 1712 111 51 iste
1466 1712 83 51 de
1507 1712 111 51 motu
1576 1712 180 51 circulari
1714 1712 97 51 vel
1756 1712 138 51 grratiuo

1108 1749 99 51 alias
1174 1749 99 51 omnes
1240 1749 166 51 conculiones
1373 1749 110 51 negare
1450 1749 110 51 vestr.
1528 1749 77 51 Sed
1572 1749 121 51 dicitur
1660 1749 88 51 quod
1715 1749 88 51 deus
1771 1749 110 51 potest
1837 1749 55 51 mo-

1107 1783 102 50 uere
1171 1783 166 50 infinitum
1299 1783 154 50 extremum
1414 1783 166 50 infinitum
1543 1783 102 50 vsus
1607 1783 128 50 quando
1696 1783 154 50 extremum
1799 1783 102 50 opposi

1104 1824 83 46 tum
1152 1824 83 46 est
1199 1824 142 46 finitum.
1306 1824 83 46 hoc
1353 1824 83 46 est
1400 1824 95 46 prit
1460 1824 118 46 mouere
1542 1824 83 46 per
1590 1824 178 46 latitudinem
1732 1824 71 46 si
1768 1824 107 46 linea
1827 1824 59 46 est

1108 1855 151 56 infinita
1222 1855 201 56 inlongitudie
1385 1855 138 56 pedalis
1486 1855 164 56 latitudis
1612 1855 113 56 praet
1688 1855 88 56 per
1725 1855 164 56 latitudinum

1113 1903 113 42 vnius
1189 1903 126 42 partis
1277 1903 88 42 vel
1327 1903 151 42 alterius
1441 1903 138 42 moueri.
1541 1903 88 42 Sed
1592 1903 113 42 aliam
1667 1903 126 42 partem
1756 1903 126 42 probo:
1831 1903 63 42 non

1104 1933 106 48 solum
1175 1933 70 48 ex
1210 1933 188 48 penetratione
1363 1933 129 48 pertium
1457 1933 82 48 sed
1504 1933 94 48 sine
1562 1933 200 48 penetratione:
1727 1933 70 48 si
1762 1933 94 48 enim
1809 1933 82 48 esset

1117 1968 85 50 vna
1165 1968 97 50 pars
1226 1968 145 50 infinita
1335 1968 121 50 illius
1420 1968 121 50 corpis
1504 1968 145 50 oiquaque
1613 1968 145 50 infiniti
1722 1968 145 50 termiata
1831 1968 61 50 a
1843 1968 61 50 cen

1106 2005 92 50 tro
1158 2005 92 50 tre
1211 2005 158 50 infinita
1330 2005 158 50 orientem
1448 2005 119 50 vsus:
1527 2005 105 50 illa
1593 2005 145 50 poterit
1698 2005 132 50 moueri
1777 2005 132 50 orientem

1112 2052 114 43 vsus:
1188 2052 76 43 et
1226 2052 126 43 nullum
1314 2052 114 43 nouum
1390 2052 114 43 locum
1466 2052 164 43 acquiret:
1592 2052 76 43 ac
1630 2052 126 43 perium
1718 2052 101 43 erit
1781 2052 76 43 de
1806 2052 101 43 corpo-

1104 2080 84 50 re
1146 2080 168 50 oiquaque
1272 2080 168 50 infinito
1399 2080 98 50 ec.
1455 2080 70 50 ⁋
1483 2080 140 50 Contra
1581 2080 140 50 primam
1679 2080 182 50 conclonem
1806 2080 98 50 arguo

1102 2117 88 53 sic:
1157 2117 66 53 si
1190 2117 121 53 aliquis
1279 2117 110 53 posset
1356 2117 155 53 prtransire
1477 2117 110 53 lineam
1555 2117 144 53 infinitam
1665 2117 166 53 sequeretur.
1798 2117 88 53 quod
1842 2117 55 53 in-

1106 2153 85 49 ter
1154 2153 121 49 puncta
1239 2153 121 49 finita
1323 2153 181 49 clauderetur
1468 2153 169 49 infinitum.
1601 2153 109 49 Probo
1674 2153 205 49 consequentia.
1831 2153 72 49 Inci

1116 2194 103 51 piat
1181 2194 129 51 sortes
1271 2194 78 51 in
1310 2194 103 51 pria
1375 2194 103 51 prte
1439 2194 220 51 proportionali
1620 2194 103 51 hore
1685 2194 155 51 parisii:
1801 2194 78 51 et
1827 2194 65 51 per

1113 2235 122 42 transeat
1205 2235 102 42 primum
1276 2235 112 42 pedale:
1358 2235 61 42 et
1388 2235 71 42 sic
1429 2235 173 42 consequenter:
1572 2235 61 42 in
1602 2235 133 42 quaelibet
1704 2235 92 42 parte
1755 2235 143 42 proportiona-

1106 2265 75 53 li
1144 2265 100 53 hore
1207 2265 188 53 partranseat
1357 2265 138 53 pedale:
1457 2265 113 53 inter
1532 2265 100 53 sor.
1594 2265 75 53 in
1632 2265 150 53 instanti
1744 2265 150 53 tminante
1844 2265 63 53 ho-

1110 2301 84 54 ram
1158 2301 72 54 et
1194 2301 108 54 locum
1266 2301 60 54 a
1290 2301 84 54 quo
1339 2301 132 54 incepit
1435 2301 156 54 claudetur
1555 2301 156 54 infinitum
1675 2301 144 54 spatium.
1784 2301 60 54 ⁋
1796 2301 108 54 Respon-

1111 2342 105 47 detur
1182 2342 129 47 admisso
1275 2342 105 47 casu:
1345 2342 70 47 et
1380 2342 94 47 dico
1439 2342 94 47 quod
1497 2342 152 47 infinitum
1614 2342 129 47 spatium
1708 2342 187 47 pertransibit
1848 2342 59 47 sor

1113 2374 84 51 tes
1161 2374 96 51 ante
1221 2374 108 51 finem
1293 2374 108 51 hore:
1366 2374 96 51 quia
1426 2374 120 51 pedale
1510 2374 60 51 /
1534 2374 144 51 bipedale
1642 2374 60 51 /
1666 2374 72 51 et
1702 2374 84 51 sic
1751 2374 96 51 sine
1799 2374 108 51 statur:

1109 2410 66 52 in
1142 2410 99 52 nullo
1208 2410 99 52 tamen
1274 2410 121 52 istanti
1362 2410 143 52 intriseco
1472 2410 110 52 illius
1549 2410 88 52 hore
1604 2410 99 52 verum
1670 2410 77 52 est
1714 2410 110 52 dicere
1791 2410 88 52 quod
1835 2410 66 52 infi

1118 2454 102 45 nitum
1186 2454 124 45 spatium
1276 2454 79 45 est
1321 2454 192 45 pertransitum:
1479 2454 79 45 sed
1525 2454 68 45 in
1559 2454 136 45 instanti
1660 2454 136 45 tminante
1762 2454 102 45 horam
1819 2454 90 45 solum.

1123 2488 69 52 ⁋
1151 2488 82 52 Et
1192 2488 124 52 petis
1274 2488 96 52 vbi
1329 2488 96 52 est
1384 2488 151 52 sortes:
1494 2488 110 52 Dico
1563 2488 110 52 quod
1631 2488 96 52 est
1686 2488 96 52 vbi
1741 2488 96 52 deo
1782 2488 124 52 placet.

1114 2521 163 52 vbicumque
1239 2521 88 52 est
1289 2521 75 52 in
1326 2521 150 52 instanti
1439 2521 150 52 iminante
1551 2521 113 52 horam
1626 2521 113 52 solum
1701 2521 125 52 finite
1789 2521 125 52 distat
1864 2521 38 52 a

1124 2561 118 53 porta
1202 2561 131 53 sancti
1294 2561 144 53 Victor(
1398 2561 78 53 in
1438 2561 105 53 quae
1503 2561 118 53 primo
1581 2561 144 53 incepit
1686 2561 118 53 motum
1751 2561 144 53 inchoare-

1116 2599 184 44 quemadmodum
1263 2599 74 44 in
1300 2599 147 44 quilibet
1410 2599 147 44 instanti
1520 2599 184 44 praecedenti
1667 2599 110 44 solum
1741 2599 123 44 finite
1814 2599 86 44 dista

1116 2633 88 49 bat
1167 2633 75 49 ab
1204 2633 113 49 eadem
1280 2633 125 49 porta.
1367 2633 75 49 et
1405 2633 100 49 deus
1468 2633 138 49 reducit
1568 2633 125 49 sortem
1656 2633 88 49 per
1706 2633 113 49 locum
1769 2633 138 49 infinitum

1113 2671 80 61 in
1153 2671 106 61 illo
1219 2671 173 61 instanti.
1352 2671 66 61 ⁋
1378 2671 119 61 Eodem
1458 2671 106 61 modo
1524 2671 106 61 dico
1590 2671 106 61 quod
1657 2671 80 61 si
1697 2671 119 61 esset
1776 2671 93 61 vna
1816 2671 93 61 linea
