2332 3332
248 226 101 74 mus
305 226 201 74 comburatur
463 226 72 74 ⁋
492 226 187 74 Similiter
635 226 86 74 si
679 226 115 74 quis
750 226 129 74 cadat
837 226 129 74 extra
923 226 129 74 nauem
995 226 57 74 in

250 296 133 41 aquam
339 296 118 41 male
412 296 103 41 ago
471 296 221 41 proiiciendo
648 296 88 41 ei
692 296 133 41 funem
780 296 88 41 vt
824 296 206 41 releuetur.
972 296 88 41 ista

250 327 117 55 sunt
324 327 132 55 falsa
412 327 73 55 a
441 327 103 55 non
500 327 220 55 concedenda:
676 327 162 55 igitur.
794 327 73 55 ⁋
823 327 132 55 Forte
911 327 132 55 dices
985 327 73 55 (et

241 369 95 48 sic
295 369 162 48 dicendum
416 369 95 48 est
470 369 176 48 conmqutr.
605 369 122 48 debeo
686 369 122 48 agere
767 369 149 48 gratias
875 369 81 48 de
916 369 122 48 parte
983 369 81 48 com-

237 401 128 49 busta:
327 401 77 49 et
365 401 77 49 in
404 401 244 49 tribulationibus
609 401 154 49 geliari.
724 401 154 49 secundum
840 401 115 49 illud
917 401 90 49 Iob
955 401 90 49 primo

250 441 137 50 Domeins
349 441 112 50 dedit
424 441 125 50 domins
512 441 162 50 abstulit:
637 441 112 50 sicut
712 441 125 50 domino
799 441 137 50 placuit
899 441 87 50 ita
937 441 112 50 fetitum

249 485 108 45 est:
316 485 94 45 sit
370 485 121 45 nomen
451 485 135 45 domini
545 485 202 45 benedictum.
707 485 81 45 et
747 485 81 45 ad
788 485 162 45 Romanos.
909 485 81 45 v.
950 485 94 45 sed
990 485 54 45 et

247 519 171 52 geliamur
375 519 86 52 in
418 519 271 52 tribulationibus
646 519 171 52 scientes
774 519 157 52 quoniam
874 519 171 52 tribulatio

244 559 172 42 patientiam
379 559 160 42 operatur:
502 559 184 42 paratientia
649 559 111 42 autem
723 559 197 42 probationem:
882 559 147 42 probatio
981 559 61 42 ve-

244 599 83 44 ro
286 599 124 44 spem:
368 599 110 44 spes
437 599 124 44 autem
520 599 96 44 non
575 599 193 44 confundit:
726 599 83 44 et
768 599 96 44 non
823 599 124 44 debeo
905 599 124 44 nolle
974 599 69 44 con

234 631 159 53 bustionem
356 631 195 53 praeteritam:
514 631 98 53 quia
575 631 85 53 hoc
624 631 110 53 esset
697 631 195 53 impossibile:
856 631 98 53 quod
905 631 134 53 combustio

236 667 200 46 praeterita
393 667 229 46 reuocaretur:
579 667 100 46 sed
636 667 100 46 quo
693 667 86 46 ad
736 667 229 46 combustionem
907 667 129 46 futura:

232 713 172 43 incertum
361 713 100 43 est
418 713 86 43 an
461 713 115 43 deus
533 713 129 43 velit
619 713 86 43 me
662 713 129 43 illam
748 713 143 43 velle.
848 713 86 43 Et
891 713 100 43 sic
934 713 115 43 possum

235 747 151 51 ponere
341 747 197 51 remedium.
492 747 136 51 Eodem
583 747 121 51 modo
658 747 91 51 de
703 747 227 51 infirmitate
885 747 76 51 /
915 747 91 51 et
945 747 91 51 simi

234 783 133 51 libus
323 783 252 51 calamitatibus
530 783 74 51 /
560 783 148 51 quarum
664 783 148 51 alique
768 783 148 51 partes
856 783 193 51 praeteriere

233 820 95 50 et
281 820 159 50 alique
392 820 127 50 sunt
471 820 191 50 futurae:
614 820 159 50 semper
725 820 159 50 possum
837 820 175 50 remedia
948 820 95 50 dare

220 863 170 47 futuris.
348 863 71 47 ⁋
376 863 99 47 Sed
433 863 142 47 contra
532 863 99 47 hoc
589 863 170 47 replico:
717 863 114 47 bene
788 863 170 47 sequitur
915 863 85 47 de
944 863 99 47 lege:

227 891 89 61 hec
278 891 102 61 pars
342 891 89 61 est
393 891 140 61 ignita:
495 891 102 61 ergo
559 891 153 61 comburet
674 891 128 61 partem
763 891 140 61 vicinam
865 891 77 61 si
903 891 89 61 non
942 891 89 61 appre

230 933 94 56 netur
292 933 135 56 remedium:
396 933 146 56 antecedens
511 933 73 56 est
553 933 115 56 volitum
636 933 135 56 voluntate
740 933 167 56 beneplaciti:
876 933 83 56 ergo
917 933 115 56 consequen

225 968 88 56 etm
276 968 138 56 volitum
376 968 113 56 eadem
452 968 176 56 voluntate.
590 968 76 56 Et
628 968 88 56 per
679 968 176 56 consequens
817 968 126 56 teneor
905 968 113 56 illud
968 968 63 56 vel

230 1007 99 52 le.
286 1007 71 52 ⁋
315 1007 99 52 Sed
371 1007 99 52 hic
428 1007 99 52 est
484 1007 156 52 euasio:
598 1007 113 52 quia
668 1007 226 52 consequentia
852 1007 99 52 non
909 1007 99 52 est
951 1007 85 52 bona

223 1044 88 50 de
267 1044 133 50 lege:
356 1044 103 50 non
415 1044 118 50 enim
488 1044 177 50 repugnat
621 1044 118 50 legi
694 1044 103 50 dei
753 1044 177 50 ordinate
886 1044 118 50 quod
945 1044 88 50 deus

222 1082 182 55 impediat
359 1082 228 55 actiuitatem
541 1082 137 55 ignis
632 1082 91 55 ne
678 1082 167 55 coburat
800 1082 182 55 reliquam
921 1082 122 55 partem

224 1123 89 53 Nec
275 1123 140 53 oportet
377 1123 89 53 ire
427 1123 76 53 ad
466 1123 216 53 consequentias
643 1123 190 53 simpliciter
796 1123 114 53 bonas
872 1123 76 53 in
897 1123 140 53 proposito

222 1165 106 44 qui
283 1165 122 44 tunc
359 1165 106 44 non
420 1165 228 44 concederent
602 1165 137 44 hanc:
693 1165 152 44 sortes
800 1165 152 44 peccat
891 1165 137 44 mortali

224 1195 102 54 ergo
288 1195 102 54 deus
352 1195 166 54 subtrahit
479 1195 77 54 ei
518 1195 153 54 gratiam:
633 1195 102 54 immo
696 1195 166 54 oppositum
824 1195 204 54 consequentis
977 1195 64 54 est

227 1239 221 43 compossibile
407 1239 208 43 afecedenti.
573 1239 83 43 Et
615 1239 125 43 eodem
698 1239 111 43 modo
767 1239 180 43 diceretur
905 1239 83 43 de
933 1239 97 43 aliis

227 1277 243 47 calamitatibus
427 1277 157 47 futuris
541 1277 229 47 impediendis.
728 1277 72 47 ⁋
756 1277 100 47 Sed
813 1277 143 47 contra
914 1277 100 47 hoc
971 1277 86 47 ad

219 1304 92 60 huc
271 1304 131 60 arguo.
363 1304 79 60 si
402 1304 118 60 esset
481 1304 131 60 certum
573 1304 92 60 iam
625 1304 249 60 praesentialiter
835 1304 92 60 per
874 1304 157 60 reuelatio-

220 1347 97 53 nem
275 1347 83 53 de
317 1347 138 53 futuro
413 1347 110 53 quod
482 1347 152 53 reliqua
593 1347 110 53 pars
662 1347 193 53 coburetur:
813 1347 97 53 iam
868 1347 97 53 per
924 1347 83 53 te
951 1347 83 53 pec⁋

224 1391 114 47 carem
301 1391 178 47 impediendo
440 1391 216 47 combustionem:
618 1391 102 47 ergo
682 1391 127 47 quando
771 1391 89 47 est
822 1391 178 47 verisimile
949 1391 76 47 quod

217 1421 120 49 deus
292 1421 120 49 vult
366 1421 164 49 aliquid
486 1421 194 49 voluntate
635 1421 224 49 beneplaciti
815 1421 105 49 ego
875 1421 134 49 pecco
949 1421 75 49 vo-

220 1457 111 53 lens
289 1457 125 53 illud
373 1457 180 53 impedire:
511 1457 166 53 quoaniam
636 1457 97 53 ego
691 1457 139 53 expono
788 1457 83 53 me
830 1457 194 53 discrimini
969 1457 55 53 ad

219 1503 277 50 contraueniendum
453 1503 190 50 voluntati
599 1503 102 50 dei
657 1503 175 50 visiuli.
789 1503 88 50 Et
832 1503 102 50 sic
891 1503 102 50 ego
934 1503 88 50 male

209 1543 110 46 ago
272 1543 188 46 remouens
413 1543 141 46 facem
507 1543 188 46 cadentem
647 1543 141 46 inter
741 1543 188 46 stramina
882 1543 110 46 tui
929 1543 94 46 lect

211 1579 76 40 ⁋
241 1579 197 40 Preterea:
392 1579 106 40 ego
453 1579 166 40 destruo
574 1579 136 40 ignem
665 1579 151 40 exntem
771 1579 91 40 in
816 1579 106 40 vna
877 1579 136 40 parte
952 1579 76 40 do-

219 1615 107 42 mus:
285 1615 107 42 ergo
352 1615 146 42 aliquid
458 1615 93 42 ego
512 1615 107 42 nolo
578 1615 107 42 esse
645 1615 107 42 quod
711 1615 107 42 deus
778 1615 107 42 vult
845 1615 107 42 esse
898 1615 133 42 volunta-

216 1649 85 55 te
258 1649 226 55 beneplaciti.
442 1649 71 55 ⁋
470 1649 99 55 Sed
527 1649 141 55 dices:
626 1649 170 55 nescitur
753 1649 85 55 an
796 1649 113 55 deus
866 1649 113 55 vult
923 1649 99 55 illud

222 1693 98 45 esse
283 1693 73 45 in
320 1693 159 45 posterum.
442 1693 61 45 ⁋
466 1693 147 45 Ulterius
576 1693 171 45 arguister:
711 1693 171 45 sequeretur
846 1693 98 45 quod
907 1693 86 45 ego
943 1693 86 45 debeo

219 1724 139 53 velle:
316 1724 97 53 vel
372 1724 139 53 saltem
469 1724 139 53 licite
566 1724 139 53 possum
664 1724 125 53 velle
747 1724 139 53 Petrum
844 1724 167 53 christum
956 1724 69 53 ne-

227 1765 132 44 gasse:
319 1765 79 44 et
359 1765 119 44 Iudam
439 1765 119 44 illum
518 1765 199 44 tradidisse:
677 1765 106 44 quia
743 1765 106 44 deus
809 1765 132 44 voluit
902 1765 119 44 illud
968 1765 53 44 vo

211 1800 138 52 luntate
312 1800 201 52 beneplaciti.
475 1800 75 52 Et
512 1800 88 52 per
562 1800 175 52 consequens
700 1800 125 52 licite
788 1800 125 52 possum
876 1800 113 52 velle
938 1800 88 52 pecca

220 1839 96 48 nea
275 1839 192 48 praeterita
426 1839 151 48 fuisse.
536 1839 69 48 ⁋
564 1839 96 48 Sed
619 1839 137 48 dices:
715 1839 110 48 quod
783 1839 165 48 voluntas
907 1839 96 48 dei
948 1839 69 48 non

209 1880 135 44 cadit
299 1880 135 44 super
389 1880 135 44 malum
479 1880 150 44 culpe.
584 1880 75 44 ⁋
614 1880 90 44 Si
659 1880 135 44 dicas
749 1880 135 44 beati
824 1880 195 44 peccauerunt

213 1910 113 57 licet
289 1910 88 57 non
339 1910 151 57 peccant:
453 1910 101 57 ergo
516 1910 113 57 illud
591 1910 126 57 potest
680 1910 101 57 esse
743 1910 151 57 volitum.
856 1910 63 57 ⁋
881 1910 113 57 Dices
944 1910 76 57 quod

216 1955 130 51 potest
307 1955 143 51 concedi
411 1955 104 51 quod
477 1955 130 51 placet
568 1955 104 51 mihi
633 1955 104 51 nunc
698 1955 130 51 Petrum
789 1955 143 51 negasse
881 1955 143 51 christum:

225 1993 80 49 et
265 1993 159 49 peccatum
384 1993 133 49 fuisse
477 1993 199 49 praeteritum
637 1993 93 49 cum
690 1993 133 49 aliqua
783 1993 226 49 modificatione
956 1993 66 49 di-

215 2024 144 48 screta:
320 2024 92 48 non
372 2024 92 48 per
424 2024 209 48 coplacentiam
594 2024 79 48 in
634 2024 118 48 malo:
712 2024 92 48 nec
764 2024 92 48 per
817 2024 183 48 contemptum
948 2024 65 48 diu

218 2063 80 51 ne
258 2063 160 51 offense:
378 2063 93 51 sed
431 2063 120 51 velle
511 2063 107 51 illo
577 2063 107 51 modo
644 2063 93 51 quo
697 2063 160 51 peccatum
817 2063 133 51 fuisse
910 2063 93 51 non
950 2063 67 51 est

213 2103 108 47 modo
280 2103 135 47 malum:
374 2103 94 47 vel
428 2103 121 47 velle
509 2103 121 47 ipsum
590 2103 135 47 fuisse
685 2103 81 47 ea
725 2103 108 47 lege
793 2103 108 47 quae
860 2103 148 47 necesse
955 2103 67 47 est

219 2139 96 52 omne
279 2139 181 52 praeteritum
424 2139 96 52 esse
484 2139 193 52 praeteritum:
641 2139 133 52 tenendo
737 2139 96 52 quod
797 2139 72 52 ad
833 2139 181 52 praeteritum
966 2139 60 52 nul

221 2173 83 52 la
263 2173 97 52 est
318 2173 179 52 potentia:
456 2173 83 52 et
497 2173 97 52 hoc
552 2173 152 52 tenendo
662 2173 97 52 hoc
718 2173 110 52 modo
786 2173 97 52 non
842 2173 138 52 teneor
924 2173 83 52 vell

218 2214 151 53 peccatum
331 2214 88 53 non
382 2214 138 53 fuisse:
482 2214 88 53 sed
532 2214 113 53 solum
608 2214 163 53 inquantum
733 2214 75 53 in
771 2214 75 53 se
809 2214 100 53 est.
871 2214 63 53 ⁋
896 2214 113 53 Istud
959 2214 63 53 non

208 2253 156 48 videtur
321 2253 198 48 sufficere:
477 2253 198 48 propoterea
633 2253 127 48 dicas
718 2253 99 48 tu:
774 2253 184 48 intelligo
916 2253 85 48 an
944 2253 71 48 de-

212 2283 99 61 beo
268 2283 198 61 conformare
424 2283 198 61 voluntatem
580 2283 113 61 meam
651 2283 184 61 voluntati
792 2283 142 61 diuine
892 2283 85 61 in
920 2283 99 61 volin

215 2327 82 53 to
256 2327 109 53 nisi
324 2327 68 53 a
351 2327 95 53 deo
406 2327 95 53 sit
460 2327 149 53 volitum
569 2327 82 53 me
609 2327 95 53 non
664 2327 122 53 velle
745 2327 122 53 illud
827 2327 109 53 modo
895 2327 109 53 deus
949 2327 68 53 non

214 2369 98 51 vult
275 2369 98 51 quod
336 2369 196 51 complaceamus
495 2369 73 51 in
531 2369 171 51 transactis
666 2369 183 51 sceleribus.
813 2369 86 51 Sed
861 2369 122 51 contra
935 2369 73 51 eius

207 2403 116 52 isto
280 2403 174 52 sequitur
411 2403 116 52 quod
483 2403 102 52 vna
542 2403 189 52 medietate
687 2403 131 52 domus
774 2403 174 52 combusta
905 2403 73 52 a
919 2403 102 52 vici-

209 2447 141 47 notuo
303 2447 141 47 debes
397 2447 219 47 succurrere
569 2447 125 47 illi
647 2447 250 47 combustioni:
850 2447 109 47 set
897 2447 125 47 videas

213 2483 95 54 quod
273 2483 131 54 secunda
368 2483 95 54 pars
427 2483 202 54 incinerabitur
594 2483 71 54 te
629 2483 83 54 non
677 2483 178 54 occurrente:
820 2483 95 54 quia
879 2483 107 54 habes
939 2483 83 54 prae-

210 2519 152 46 ceptum
316 2519 91 46 ad
362 2519 259 46 succurrendum:
575 2519 137 46 potes
667 2519 137 46 velle
758 2519 213 46 succurrere
926 2519 91 46 et
956 2519 61 46 te

213 2557 131 46 neris.
305 2557 66 46 ⁋
331 2557 144 46 Insuper
436 2557 184 46 quaeritur:
580 2557 92 46 quo
633 2557 171 46 praecepto
764 2557 144 46 teneris
856 2557 157 46 voluntatem

219 2588 104 50 tuam
284 2588 183 50 conformare
428 2588 131 50 semper
519 2588 131 50 diuine
610 2588 170 50 voluntati
741 2588 78 50 in
780 2588 183 50 operatione
911 2588 104 50 quando

214 2630 95 51 non
269 2630 123 51 habes
351 2630 191 51 praeceptum
501 2630 82 51 in
542 2630 191 51 oppositum.
692 2630 68 51 ⁋
719 2630 82 51 Ad
760 2630 136 51 primum
855 2630 150 51 istorum
951 2630 68 51 con

215 2665 159 64 ceditur:
334 2665 93 64 nec
387 2665 185 64 impugnatur
532 2665 146 64 solutio
638 2665 199 64 praecedens:
797 2665 93 64 sed
850 2665 119 64 datur
929 2665 93 64 vna
969 2665 53 64 a

1112 256 97 65 lia
1167 256 97 65 via
1223 256 193 65 argumentum
1374 256 193 65 euacuandi.
1526 256 69 65 ⁋
1553 256 83 65 Ad
1595 256 124 65 aliud
1678 256 207 65 respondetur
1829 256 83 65 quod

1110 296 99 57 illo
1171 296 173 57 praecepto:
1307 296 148 57 amicorum
1418 296 111 57 debet
1492 296 99 57 esse
1554 296 99 57 idem
1616 296 111 57 velle
1690 296 62 57 a
1715 296 123 57 nolle.
1801 296 111 57 viii.
1863 296 49 57 et

1115 335 92 54 ix.
1168 335 185 54 Ethicorum.
1313 335 79 54 in
1352 335 132 54 tertia
1445 335 119 54 spece
1524 335 158 54 amicitie
1643 335 106 54 quae
1709 335 92 54 est
1762 335 79 54 ob
1788 335 119 54 honesta

1117 373 95 59 tem:
1176 373 95 59 deus
1236 373 107 59 autem
1307 373 107 59 nihil
1378 373 154 59 inhonesti
1496 373 107 59 vult:
1567 373 142 59 congruum
1673 373 83 59 est
1721 373 95 59 ergo
1780 373 95 59 quod
1827 373 83 59 subdi

1105 412 96 53 tus
1160 412 82 53 et
1201 412 137 53 amicus
1297 412 82 53 id
1337 412 109 53 idem
1406 412 123 53 velit
1488 412 96 53 cum
1542 412 109 53 deo:
1611 412 109 53 quia
1679 412 191 53 disparitas
1815 412 96 53 volun

1114 448 128 64 tatum
1199 448 170 64 segregat
1327 448 199 64 amicitiam.
1483 448 184 64 proterea.
1624 448 128 64 viii.
1709 448 142 64 Ethic.
1795 448 113 64 probat

1119 489 218 54 Philosophus
1293 489 102 54 qui
1351 489 116 54 sese
1423 489 131 54 amant
1510 489 87 54 ob
1554 489 131 54 bonum
1641 489 145 54 vtile:
1742 489 87 54 vt
1786 489 87 54 in
1815 489 102 54 seni-

1118 531 108 46 bus:
1186 531 95 46 vel
1240 531 81 46 ob
1281 531 122 46 bonum
1362 531 176 46 iocundum:
1497 531 81 46 vt
1538 531 81 46 in
1578 531 189 46 iuuenibus:
1727 531 81 46 in
1767 531 149 46 talibus
1862 531 54 46 fa

1109 564 109 55 cile
1177 564 163 55 rumpitur
1300 564 177 55 amicitia.
1436 564 82 55 Et
1477 564 109 55 idem
1545 564 95 55 tet
1599 564 150 55 Tullius
1708 564 82 55 in
1749 564 95 55 suo
1790 564 122 55 libello

1105 601 85 52 de
1147 601 185 52 amicitia.
1290 601 71 52 ⁋
1318 601 100 52 Sed
1375 601 114 52 pone
1446 601 100 52 per
1503 601 128 52 casum
1588 601 114 52 quod
1659 601 114 52 deus
1730 601 128 52 velit
1801 601 100 52 parem

1114 638 99 53 meum
1176 638 99 53 mori
1238 638 87 53 vel
1288 638 137 53 aliquod
1387 638 174 53 huiusmodi:
1524 638 75 53 et
1561 638 99 53 quod
1623 638 75 53 me
1660 638 99 53 vult
1723 638 112 53 illud
1797 638 99 53 idem
1847 638 62 53 vel

1102 674 100 60 le:
1159 674 86 60 et
1202 674 158 60 reuelet
1317 674 115 60 mihi
1389 674 144 60 primum
1489 674 72 60 e
1518 674 100 60 non
1575 674 187 60 secundum:
1719 674 100 60 vel
1776 674 100 60 ego
1819 674 115 60 teneor

1098 714 99 51 sub
1154 714 113 51 pena
1225 714 156 51 peccati
1338 714 127 51 velle
1423 714 127 51 parem
1508 714 113 51 meum
1579 714 113 51 mori
1650 714 99 51 vel
1707 714 113 51 non.
1777 714 142 51 quidam
1862 714 71 51 re-

1105 751 126 57 citat
1189 751 182 57 aliquorum
1329 751 196 57 solutionem
1483 751 112 57 isto
1552 751 112 57 casu
1622 751 154 57 posito:
1734 751 98 57 ego
1790 751 98 57 non
1832 751 70 57 te-

1093 792 122 50 nerer
1175 792 95 50 sub
1229 792 108 50 pena
1296 792 149 50 peccati
1404 792 135 50 patrem
1499 792 108 50 meum
1566 792 122 50 velle
1647 792 122 50 mori:
1728 792 81 50 ei
1769 792 122 50 tamen
1836 792 68 50 vi-

1102 828 123 56 detur
1184 828 109 56 sine
1252 828 191 56 assertione
1402 828 109 56 alia
1470 828 109 56 quod
1538 828 82 56 in
1579 828 109 56 tali
1647 828 109 56 casu
1715 828 150 56 deberem
1811 828 95 56 velle

1101 862 130 59 patrem
1192 862 104 59 meum
1256 862 117 59 mori:
1334 862 91 59 non
1386 862 130 59 quidem
1477 862 194 59 simpliciter
1632 862 78 59 et
1671 862 168 59 absolute:
1800 862 91 59 sed
1839 862 65 59 sub

1098 909 190 47 conditione
1248 909 95 47 vet
1302 909 81 47 si
1342 909 108 47 deus
1410 909 108 47 vult
1478 909 81 47 me
1519 909 122 47 velle
1600 909 122 47 parem
1681 909 122 47 mori:
1762 909 81 47 et
1803 909 95 47 non
1844 909 54 47 a-

1098 942 139 52 liter.
1195 942 69 52 ⁋
1223 942 125 52 Recte
1307 942 111 52 alii
1376 942 167 52 soluunt:
1501 942 111 52 quod
1571 942 195 52 ignorantia
1709 942 195 52 inuincibilis

1099 976 86 60 in
1142 976 115 60 illo
1213 976 115 60 casu
1285 976 201 60 excusaret:
1443 976 86 60 et
1486 976 229 60 superadditum
1672 976 86 60 ab
1715 976 172 60 Alphonso
1829 976 72 60 ni-

1089 1011 88 65 hil
1140 1011 88 65 est
1190 1011 125 65 dictu.
1278 1011 63 65 ⁋
1303 1011 113 65 Facit
1378 1011 138 65 aliquis
1478 1011 138 65 ratioes
1579 1011 125 65 contra
1666 1011 201 65 conclusionem
1817 1011 75 65 oppo

1094 1055 130 55 sitam:
1185 1055 91 55 non
1237 1055 130 55 recito
1328 1055 104 55 eas.
1393 1055 65 55 ⁋
1419 1055 130 55 Quidam
1510 1055 117 55 alius
1587 1055 78 55 et
1626 1055 104 55 ipse
1691 1055 78 55 in
1730 1055 117 55 illis
1795 1055 130 55 rationi:

1085 1091 92 52 bus
1137 1091 92 52 non
1190 1091 132 52 multum
1282 1091 197 52 discrepant:
1440 1091 79 52 et
1480 1091 92 52 non
1532 1091 92 52 est
1585 1091 211 52 difficultas:
1756 1091 118 52 quare
1822 1091 79 52 per-

1090 1131 162 52 transeo.
1212 1131 68 52 ⁋
1239 1131 81 52 Ex
1280 1131 149 52 omnibus
1388 1131 95 52 his
1442 1131 122 52 vides
1523 1131 108 52 quod
1591 1131 135 52 dantur
1685 1131 95 52 vel
1739 1131 135 52 facile
1820 1131 68 52 da-

1099 1171 72 50 ri
1135 1171 145 50 praesent
1244 1171 169 50 solutiones
1376 1171 72 50 ad
1412 1171 181 50 probationes
1557 1171 120 50 nostre
1641 1171 205 50 conclusionis:
1810 1171 72 50 et
1834 1171 60 50 per

1093 1205 165 62 consequens
1223 1205 94 62 eius
1281 1205 176 62 condictoria
1423 1205 82 62 est
1470 1205 176 62 probabilis.
1611 1205 59 62 ⁋
1634 1205 71 62 Et
1670 1205 176 62 confirmatur
1799 1205 94 62 condi-

1095 1247 122 47 ctoria
1180 1247 170 47 conclusio:
1314 1247 97 47 homo
1374 1247 109 47 debet
1447 1247 73 47 in
1484 1247 170 47 vniuersali
1618 1247 109 47 velle
1691 1247 109 47 omnia
1763 1247 97 47 quae
1812 1247 73 47 deui

1086 1288 108 49 vult
1154 1288 108 49 nisi
1222 1288 95 49 sit
1276 1288 81 49 ei
1316 1288 189 49 praeceptum
1465 1288 176 49 oppositum
1600 1288 81 49 in
1641 1288 135 49 aliquo
1722 1288 176 49 particulari

1092 1318 101 58 sed
1149 1318 116 58 nunc
1222 1318 130 58 ignis
1308 1318 173 58 conburit
1438 1318 144 58 libros
1539 1318 130 58 meos:
1626 1318 101 58 nec
1684 1318 101 58 sum
1727 1318 159 58 obligatus

1082 1351 115 58 haere
1159 1351 179 58 oppositum:
1299 1351 102 58 ergo
1363 1351 128 58 teneor
1452 1351 115 58 illud
1529 1351 128 58 velle.
1618 1351 153 58 secundum
1733 1351 115 58 illud
1797 1351 89 58 Eccle

1093 1396 95 61 zto.
1153 1396 143 61 Indicite
1260 1396 131 61 dominim
1355 1396 72 61 in
1391 1396 131 61 omnibus
1487 1396 143 61 operibus
1594 1396 107 61 eius.
1665 1396 72 61 et
1701 1396 119 61 iterum
1785 1396 72 61 in
1809 1396 83 61 psali

1084 1437 90 48 :et.
1140 1437 179 48 Sespoendicam
1285 1437 123 48 dominim
1375 1437 67 48 in
1409 1437 90 48 omni
1465 1437 123 48 tempore
1554 1437 56 48 /
1576 1437 78 48 sit
1621 1437 112 48 semper
1700 1437 90 48 laus
1756 1437 90 48 eius
1812 1437 67 48 in
1834 1437 56 48 ore

1082 1474 113 54 meo.
1152 1474 127 54 Super
1237 1474 98 54 quo
1293 1474 113 54 vebo
1363 1474 127 54 dicit
1448 1474 127 54 Augu.
1532 1474 155 54 numquid
1645 1474 127 54 solum
1729 1474 141 54 quando
1814 1474 84 54 tibi

1091 1507 169 59 benefacit:
1224 1507 121 59 quando
1308 1507 145 59 abundant
1417 1507 181 59 temporalia:
1561 1507 121 59 multum
1646 1507 145 59 frumenti
1754 1507 60 59 /
1778 1507 96 59 vini
1839 1507 60 59 /
1851 1507 48 59 et

1078 1545 97 54 olei
1139 1545 61 54 /
1163 1545 97 54 auri
1224 1545 61 54 /
1248 1545 73 54 et
1284 1545 134 54 argenti
1381 1545 61 54 /
1406 1545 134 54 pecorum
1503 1545 61 54 /
1527 1545 146 54 domorum:
1636 1545 97 54 tunc
1697 1545 97 54 bene
1758 1545 121 54 dices:
1830 1545 61 54 sed

1086 1588 83 45 non
1134 1588 72 45 in
1170 1588 95 45 omni
1229 1588 143 45 tempore.
1336 1588 60 45 ⁋
1360 1588 72 45 Et
1396 1588 191 45 confirmatur.
1551 1588 95 45 quia
1611 1588 72 45 si
1647 1588 95 45 deus
1706 1588 155 45 reuelaret
1813 1588 72 45 alia

1080 1627 90 50 cui
1132 1627 103 50 quod
1196 1627 129 50 vellet
1286 1627 103 50 hanc
1351 1627 129 50 vrabem
1441 1627 103 50 esse
1505 1627 129 50 captam
1596 1627 77 50 ab
1634 1627 155 50 hostibus
1737 1627 155 50 sequeretur

1078 1664 100 47 quod
1140 1664 87 47 tum
1190 1664 112 47 potes
1265 1664 112 47 nolle
1340 1664 112 47 illud
1415 1664 137 47 licite:
1514 1664 75 47 et
1552 1664 75 47 si
1589 1664 100 47 sic:
1652 1664 125 47 resist
1739 1664 87 47 ere
1777 1664 112 47 obsidem

1078 1700 131 46 tibus
1166 1700 146 46 vrbem:
1268 1700 102 46 sed
1326 1700 87 46 in
1370 1700 102 46 hoc
1428 1700 190 46 peccarunt
1574 1700 131 46 iudei
1662 1700 175 46 nolentes
1778 1700 117 46 ciuita

1079 1734 115 59 tem
1144 1734 247 59 hierusalem:
1342 1734 99 59 et
1391 1734 165 59 seipos
1506 1734 181 59 tradere
1622 1734 263 59 Nabuchodonosor

1078 1777 139 55 regi
1164 1777 225 55 Mabylonis
1338 1777 104 55 ad
1390 1777 312 55 denunciationem
1649 1777 225 55 Hieremie.
1805 1777 87 55 hic

1081 1809 135 55 remie.
1176 1809 95 55 eg.
1230 1809 81 55 vt
1271 1809 122 55 patet
1352 1809 95 55 per
1406 1809 108 55 glo.
1474 1809 81 55 Et
1515 1809 122 55 super
1596 1809 108 55 illo
1663 1809 95 55 vbo
1718 1809 149 55 psalmi.
1812 1809 68 55 non

1073 1847 162 60 adhesit
1191 1847 118 60 mihi
1265 1847 103 60 cor
1324 1847 162 60 prauum.
1441 1847 133 60 dicit
1530 1847 118 60 Aug.
1603 1847 103 60 cor
1662 1847 147 60 prauum
1765 1847 103 60 est
1809 1847 74 60 cor

1072 1888 85 56 non
1120 1888 133 56 rectum.
1217 1888 121 56 rectum
1302 1888 109 56 autem
1374 1888 85 56 cor
1423 1888 133 56 homnins
1519 1888 145 56 dicitur:
1628 1888 97 56 quia
1689 1888 109 56 omnia
1761 1888 97 56 quae
1809 1888 73 56 deus

1074 1923 114 53 vult
1145 1923 128 53 illud
1231 1923 128 53 vult.
1316 1923 71 53 ⁋
1345 1923 114 53 Iste
1416 1923 171 53 rationes
1544 1923 100 53 set
1601 1923 114 53 sint
1672 1923 200 53 probabiles
1815 1923 71 53 non

1068 1962 178 50 vincunt.
1202 1962 74 50 ⁋
1231 1962 89 50 Ad
1276 1962 148 50 primam
1380 1962 119 50 enim
1454 1962 134 50 nego:
1543 1962 119 50 quod
1618 1962 148 50 teneor
1722 1962 89 50 in
1751 1962 119 50 vniuer

1071 2001 108 48 sali
1138 2001 121 48 velle
1218 2001 121 48 omnia
1299 2001 108 48 quae
1366 2001 108 48 deus
1434 2001 121 48 vult:
1514 2001 134 48 teneor
1608 2001 108 48 enim
1676 2001 121 48 velle
1756 2001 108 48 omne
1810 2001 54 48 il

1077 2036 102 56 lud
1136 2036 87 56 ad
1179 2036 116 56 quod
1252 2036 116 56 deus
1325 2036 116 56 vult
1398 2036 87 56 me
1441 2036 189 56 obligare:
1587 2036 87 56 et
1631 2036 175 56 qualiter
1762 2036 116 56 vult
1820 2036 58 56 me

1079 2074 179 54 obligare.
1217 2074 110 54 Ille
1286 2074 124 54 autem
1368 2074 220 54 auctoritates
1547 2074 96 54 qua
1602 2074 179 54 insinuant
1726 2074 138 54 oppositi

1065 2109 105 55 sunt
1130 2109 209 55 perfectionis
1300 2109 78 55 et
1340 2109 92 55 non
1392 2109 183 55 praecepti:
1536 2109 92 55 vel
1588 2109 105 55 quod
1654 2109 92 55 non
1693 2109 183 55 contraueniam

1074 2155 108 41 cum
1135 2155 186 41 murmure.
1275 2155 77 41 ⁋
1306 2155 93 41 Ad
1352 2155 139 41 aliam
1445 2155 139 41 dico:
1538 2155 124 41 quod
1616 2155 108 41 ego
1678 2155 155 41 possum
1771 2155 108 41 nolle

1064 2189 183 47 ciuitatem
1204 2189 126 47 capi:
1289 2189 84 47 et
1331 2189 98 47 non
1387 2189 197 47 resistere:
1542 2189 169 47 incassum
1668 2189 112 47 enim
1738 2189 126 47 estet
1809 2189 70 47 mi-

1064 2220 91 59 hi
1109 2220 212 59 resistere.
1276 2220 91 59 ad
1322 2220 182 59 Romanos.
1458 2220 91 59 o.
1504 2220 197 59 voluntati
1655 2220 121 59 eius
1731 2220 121 59 quis
1792 2220 91 59 resi

1066 2264 124 49 stit.
1149 2264 151 49 Dicetur
1259 2264 83 49 ad
1300 2264 124 49 illud
1383 2264 179 49 hieremie.
1520 2264 83 49 eg
1561 2264 110 49 quod
1630 2264 206 49 praeceptiue
1781 2264 83 49 deus

1079 2304 150 47 voluit
1184 2304 135 47 tradi
1274 2304 150 47 vrbem.
1380 2304 75 47 ⁋
1410 2304 165 47 Tenendo
1530 2304 165 47 quartam
1635 2304 211 47 conclusionem

1079 2345 102 48 via:
1143 2345 140 48 videtur
1245 2345 192 48 condictoria
1398 2345 140 48 tenenda
1501 2345 77 48 in
1539 2345 128 48 patria
1628 2345 153 48 propoter
1731 2345 140 48 perfectio

1067 2373 101 57 nem.
1130 2373 63 57 ⁋
1156 2373 88 57 Sed
1206 2373 126 57 contra
1294 2373 113 57 istud
1370 2373 176 57 arguister:
1508 2373 126 57 sactem
1596 2373 151 57 mulieres
1709 2373 76 57 et
1747 2373 101 57 apli
1797 2373 76 57 tri-

1067 2418 180 46 stabantur
1206 2418 83 46 de
1247 2418 166 46 passione
1372 2418 152 46 domini.
1482 2418 125 46 Ioan.
1565 2418 97 46 xx.
1621 2418 69 46 ⁋
1649 2418 97 46 Sed
1704 2418 138 46 dices:
1787 2418 83 46 illa

1072 2452 177 57 tristitia
1209 2452 123 57 venit
1290 2452 68 57 a
1318 2452 232 57 sensualitate:
1509 2452 95 57 vel
1563 2452 68 57 a
1590 2452 177 57 voluntate
1713 2452 150 57 inquantum

1063 2493 133 53 natura
1156 2493 67 53 ⁋
1182 2493 133 53 Contra
1276 2493 160 53 vtrumque
1395 2493 120 53 modum
1475 2493 173 53 arguister
1608 2493 106 53 sic.
1675 2493 106 53 deus
1741 2493 120 53 pater
1808 2493 67 53 vo-

1070 2526 103 51 luit
1134 2526 154 51 christum
1250 2526 103 51 pati
1314 2526 141 51 mortem:
1416 2526 77 51 et
1455 2526 90 51 hoc
1506 2526 154 51 mandatum
1621 2526 128 51 habuit
1711 2526 64 51 a
1737 2526 128 51 patre:
1814 2526 51 51 et

1070 2568 81 51 in
1110 2568 94 51 hoc
1164 2568 107 51 fuit
1231 2568 161 51 obediens
1352 2568 134 51 patri.
1446 2568 81 51 ad
1486 2568 148 51 Philip.
1593 2568 94 51 ii.
1647 2568 81 51 et
1687 2568 148 51 calicem
1781 2568 81 51 quem

1070 2605 120 48 dedit
1150 2605 107 48 mihi
1216 2605 120 48 pater
1296 2605 93 48 non
1350 2605 93 48 vis
1403 2605 80 48 vt
1443 2605 120 48 bibam
1523 2605 133 48 illum.
1617 2605 120 48 Ioan.
1697 2605 93 48 ig.
1750 2605 80 48 et
1777 2605 93 48 tamen

1061 2640 188 45 scienter
1202 2640 188 45 Christus
1344 2640 157 45 voluit
1453 2640 204 45 oppositum
1610 2640 157 45 huius:
1720 2640 125 45 quia
1783 2640 78 45 vo-

1067 2678 117 60 luit
1141 2678 102 60 non
1199 2678 132 60 pati.
1287 2678 161 60 incepit
1404 2678 102 60 eim
1462 2678 146 60 Ihesus
1565 2678 146 60 pauere
1667 2678 88 60 et
1711 2678 161 60 tedere.
1813 2678 59 60 Et
