2320 3336
379 238 186 60 MBatthei.
522 238 129 60 xxvi.
607 238 143 60 Trist:
707 238 100 60 est
764 238 129 60 anima
850 238 100 60 mea
907 238 129 60 vsque
993 238 86 60 ad
1036 238 157 60 mortem.
1136 238 57 60 pa

379 285 103 48 uor
438 285 133 48 autem
527 285 147 48 tedium
630 285 74 48 e
659 285 191 48 tristitia
806 285 236 48 proueniebant
998 285 88 48 ex
1027 285 162 48 nolitione

381 327 147 47 mortis
484 327 221 47 imminentis:
661 327 88 47 si
705 327 118 47 enim
778 327 191 47 voluisset
925 327 147 47 mortem
1028 327 162 47 pauorem
1131 327 59 47 et

370 363 176 52 huiusmodi
506 363 189 52 tristitiam
654 363 95 52 non
708 363 176 52 humisset.
844 363 68 52 ⁋
871 363 122 52 Dices
952 363 95 52 cum
1006 363 162 52 Magstro.
1114 363 81 52 iii.

385 404 143 44 senten.
489 404 143 44 distin.
593 404 117 44 xvii.
671 404 104 44 quod
736 404 91 44 hec
788 404 169 44 tristitia
917 404 78 44 no
956 404 104 44 erat
1021 404 78 44 in
1060 404 117 44 parte
1125 404 65 44 ra-

380 445 162 40 tionali:
501 445 94 40 sed
555 445 148 40 inparte
663 445 189 40 sensitiua:
811 445 108 40 quae
879 445 175 40 naturaltr
1014 445 148 40 refugit
1108 445 81 40 mor-

386 474 96 46 tem:
446 474 84 46 nec
494 474 96 46 erat
553 474 72 46 ex
589 474 131 46 affectu
685 474 84 46 aie
732 474 143 46 secundum
840 474 143 46 rtioein:
947 474 96 46 quia
1007 474 143 46 serundum
1102 474 84 46 dicti

370 515 164 57 christi.
493 515 136 57 sprius
589 515 136 57 quidem
684 515 150 57 proptus
793 515 109 57 est:
862 515 109 57 caro
930 515 123 57 autem
1012 515 164 57 infirma.
1121 515 68 57 Mar

391 553 94 46 ci.
444 553 134 46 xviii.
538 553 121 46 talis
619 553 121 46 autem
699 553 134 46 passio
793 553 228 46 sensualitatis
980 553 94 46 non
1034 553 94 46 est
1074 553 121 46 vitiosa

387 593 83 46 in
429 593 124 46 nobis
512 593 152 46 quantum
622 593 83 46 ad
664 593 111 46 esse
733 593 83 46 et
774 593 235 46 inehoationem:
968 593 97 46 sed
1023 593 111 46 bene
1092 593 97 46 quo
1134 593 55 46 ad

386 626 187 48 progressum
533 626 134 48 potest
627 626 107 48 esse
694 626 161 48 vitiosa.
814 626 67 48 ⁋
841 626 147 48 Contra:
948 626 80 48 in
988 626 121 48 parte
1055 626 134 48 rational

390 667 143 50 habuit
490 667 201 50 volitionem
648 667 186 50 difformem
791 667 186 50 voluntati
934 667 143 50 patris
1034 667 86 50 in
1063 667 129 50 obiecto

396 702 147 50 volito:
503 702 107 50 quia
570 702 147 50 christs
677 702 147 50 orauit.
784 702 161 50 transeat
905 702 67 50 a
931 702 80 50 me
972 702 121 50 calix
1052 702 121 50 iste.
1119 702 67 50 Mat

396 739 118 49 thei.
474 739 118 49 xxvi.
553 739 78 49 et
592 739 91 49 Lu.
644 739 118 49 xxii.
723 739 118 49 Orare
801 739 91 49 eim
853 739 222 49 principaliter
1036 739 157 49 pertinet
1141 739 52 49 ad

380 776 140 44 mentem:
482 776 115 44 omnis
559 776 115 44 autem
635 776 115 44 orans
712 776 153 44 quantum.
826 776 76 44 in
865 776 76 44 se
903 776 89 44 est
954 776 102 44 vult
1018 776 166 44 impetrare
1132 776 64 44 il-

390 817 90 46 lud
442 817 90 46 pro
493 817 90 46 quo
545 817 116 46 orat:
622 817 129 46 alitur
712 817 116 46 esset
790 817 116 46 orato
867 817 129 46 ficta.
957 817 77 46 Et
996 817 90 46 hoc
1047 817 129 46 potest
1125 817 77 46 con-

392 852 147 46 firmari
498 852 93 46 per
552 852 120 46 illud
632 852 107 46 quod
699 852 187 46 subiunxit:
846 852 160 46 veruntum
966 852 93 46 non
1019 852 120 46 sicut
1100 852 93 46 ego
1140 852 53 46 vo

386 891 84 47 lo
428 891 70 47 /
456 891 98 47 sed
512 891 126 47 sicut
596 891 98 47 tu.
652 891 70 47 ⁋
680 891 154 47 Rursus:
792 891 84 47 si
834 891 154 47 christs
946 891 154 47 affectu
1044 891 154 47 sensuali-

384 927 136 48 tatis
475 927 212 48 refugiebat
641 927 166 48 mortem:
762 927 91 48 et
808 927 166 48 affectu
929 927 151 48 mentis
1035 927 151 48 voluit
1125 927 61 48 m-

394 964 86 51 ri:
443 964 98 51 ergo
504 964 73 51 in
541 964 135 51 christo
639 964 98 51 caro
700 964 171 51 concupiuit
835 964 147 51 aduersus
945 964 159 51 sporitum.
1067 964 61 51 ⁋
1092 964 110 51 Etiam
1153 964 49 51 si

396 1003 123 53 pars
472 1003 215 53 rationalis
641 1003 92 53 et
687 1003 230 53 sensualitas
871 1003 230 53 appetierunt
1039 1003 169 53 opposita:

403 1046 128 56 videtur
496 1046 93 56 quod
554 1046 128 56 christs
647 1046 186 56 debebatorare
798 1046 70 56 vt
833 1046 116 56 fieret
914 1046 139 56 secundum
1019 1046 116 56 partem
1088 1046 105 56 rationa

397 1078 117 51 lem.
471 1078 73 51 ⁋
500 1078 88 51 Ad
544 1078 146 51 primum
646 1078 161 51 negatur
763 1078 146 51 minor.
866 1078 102 51 non
924 1078 117 51 enim
997 1078 146 51 voluit
1085 1078 117 51 simpli

400 1123 129 41 citer
486 1123 86 41 et
528 1123 172 41 absolute
657 1123 100 41 non
714 1123 129 41 mori:
800 1123 100 41 nec
858 1123 114 41 eius
929 1123 186 41 tristitia
1058 1123 143 41 prouenie

390 1145 102 56 bat
449 1145 88 56 ex
493 1145 161 56 huismoi
609 1145 146 56 velle:
712 1145 131 56 tepus
799 1145 117 56 enim
872 1145 102 56 non
931 1145 146 56 habuit
1018 1145 190 56 pusissanime

393 1193 170 50 timorem
516 1193 201 50 moriendi:
670 1193 123 50 quia
747 1193 93 50 ad
794 1193 108 50 hoc
855 1193 185 50 venerat:
994 1193 93 50 et
1040 1193 108 50 sua
1087 1193 123 50 libera

393 1226 175 52 voluntate
527 1226 202 52 moriebatur:
689 1226 148 52 oblatus
797 1226 108 52 enim
864 1226 94 52 est
918 1226 108 52 quia
985 1226 108 52 ipse
1053 1226 148 52 voluit:
1147 1226 54 52 et

401 1272 158 48 Petrum
512 1272 206 48 oppositum
670 1272 206 48 suadentem
828 1272 221 48 repehendit
1002 1272 174 48 dicens:
1113 1272 95 48 vade

399 1311 122 45 post
475 1311 107 45 ine
536 1311 183 45 sathana.
674 1311 183 45 Matthei.
811 1311 122 45 xvi.
887 1311 214 45 moriebatur
1055 1311 92 45 ex
1086 1311 122 45 volun-

403 1336 110 58 tate
472 1336 96 58 qua
527 1336 261 58 conditionaliter
747 1336 137 58 vellet
843 1336 151 58 aliquid
953 1336 124 58 fieri
1035 1336 82 58 si
1077 1336 96 58 deo
1118 1336 96 58 place

398 1377 111 49 ret:
467 1377 97 49 cum
523 1377 180 49 euidentia
661 1377 138 49 mortis
758 1377 194 49 imminentis
910 1377 111 49 quae
980 1377 97 49 est
1035 1377 152 49 vltimum
1132 1377 69 49 ma-

397 1413 125 53 lorum
480 1413 125 53 pene:
563 1413 97 53 cum
619 1413 166 53 naturali
743 1413 221 53 inclinatione
923 1413 138 53 partis
1020 1413 180 53 sensitiue
1145 1413 55 53 ac

403 1459 139 47 fugam
495 1459 155 47 mortis
604 1459 108 47 vel
666 1459 217 47 voluntatis
836 1459 201 47 inquantum
991 1459 170 47 natura.
1100 1459 108 47 Etiam

398 1482 116 64 dolor
475 1482 90 64 non
527 1482 103 64 erat
591 1482 116 64 solum
668 1482 141 64 prpoter
771 1482 129 64 mortem
861 1482 154 64 proriam:
977 1482 90 64 sed
1028 1482 154 64 propoter
1131 1482 77 64 deso

404 1530 158 53 lationem
522 1530 171 53 iustorum:
654 1530 105 53 quae
720 1530 79 53 eu
759 1530 132 53 secuti
852 1530 145 53 fuerat:
957 1530 79 53 et
996 1530 79 53 in
1036 1530 92 53 eum
1075 1530 132 53 credide-

404 1561 109 55 rant
472 1561 163 55 secundum
594 1561 122 55 illud
676 1561 163 55 Matthei.
798 1561 122 55 xxvi.
879 1561 122 55 omnes
961 1561 95 55 vos
1015 1561 176 55 scandalum
1137 1561 68 55 pa-

405 1611 147 42 tiemini
512 1611 80 42 in
552 1611 80 42 me
592 1611 120 42 nocte
672 1611 120 42 ista.
752 1611 160 42 scriptum
873 1611 94 42 est
926 1611 107 42 enim
993 1611 67 42 /
1020 1611 174 42 percutiam
1140 1611 67 42 pa-

407 1645 133 51 storem
500 1645 80 51 et
540 1645 213 51 dispergentur
713 1645 107 51 oues
780 1645 147 51 gregis.
887 1645 173 51 zacharie.
1020 1645 120 51 xiii.
1100 1645 80 51 et
1127 1645 80 51 pro-

402 1691 119 44 pter
477 1691 209 44 negationem
641 1691 134 44 Petri
730 1691 89 44 in
775 1691 134 44 trina
864 1691 209 44 negatione:
1028 1691 164 44 propter
1132 1691 75 44 in-

401 1720 245 53 gratitudinem
600 1720 138 53 Iude:
692 1720 169 53 propter
815 1720 215 53 eiectionem
983 1720 92 53 et
1014 1720 199 53 damnationem

409 1758 133 52 populi
502 1758 146 52 iudaici
608 1758 67 52 /
635 1758 80 52 et
675 1758 333 52 subuersionenciuitatis
968 1758 67 52 /
994 1758 80 52 et
1034 1758 133 52 protur
1114 1758 93 52 deli-

410 1796 107 50 cta
471 1796 153 50 humana
578 1796 138 50 magis
670 1796 123 50 quam
747 1796 169 50 propter
869 1796 107 50 sua
931 1796 184 50 vulnera.
1053 1796 169 50 Propterea

405 1839 161 45 dicitur.
526 1839 148 45 Tristis
633 1839 94 45 est
687 1839 121 45 anima
767 1839 94 45 mea
821 1839 121 45 vsque
902 1839 81 45 ad
942 1839 134 45 morte:
1036 1839 94 45 sed
1090 1839 94 45 non
1130 1839 81 45 pro-

415 1875 110 50 pter
484 1875 151 50 mortem:
594 1875 165 50 insinuas
718 1875 110 50 quod
787 1875 110 50 erat
855 1875 193 50 potissimum
1007 1875 151 50 propter
1117 1875 110 50 alia
1172 1875 41 50 a

401 1906 145 50 morte.
503 1906 73 50 ⁋
532 1906 116 50 Etia
605 1906 189 50 tristitia
750 1906 102 50 non
808 1906 102 50 est
866 1906 116 50 orta
938 1906 87 50 in
982 1906 145 50 chriso
1069 1906 145 50 naturali

405 1943 216 52 necessitate:
580 1943 94 52 sed
634 1943 189 52 spoentanea
782 1943 189 52 libertate.
930 1943 121 52 patet
1011 1943 108 52 Aug.
1078 1943 135 52 xiiii.
1159 1943 54 52 de

416 1985 126 46 ciui.
500 1985 112 46 dei.
570 1985 112 46 cap.
640 1985 98 46 ix.
696 1985 84 46 Et
738 1985 126 46 super
822 1985 126 46 Joan.
906 1985 168 46 homilia.
1032 1985 98 46 ix.
1088 1985 84 46 et
1116 1985 98 46 Dama-

418 2028 122 43 scenum
503 2028 98 43 lib.
564 2028 98 43 iii.
625 2028 98 43 hanc
686 2028 171 43 tristitiam
820 2028 98 43 quae
881 2028 85 43 est
930 2028 110 43 malum
1003 2028 110 43 pene:
1077 2028 73 43 et
1113 2028 85 43 non
1150 2028 73 43 cul-

417 2065 85 46 pe:
466 2065 134 46 christs
563 2065 110 46 nasci
636 2065 122 46 libere
722 2065 146 46 permisit
832 2065 73 46 et
868 2065 134 46 voluit:
966 2065 73 46 vt
1003 2065 98 46 vear
1064 2065 122 46 itatem
1137 2065 73 46 huma

417 2106 148 42 nitatis
524 2106 81 42 in
565 2106 121 42 seipo
645 2106 202 42 oependeret:
807 2106 94 42 tam
861 2106 94 42 quo
915 2106 81 42 ad
955 2106 135 42 corpus
1049 2106 108 42 quam
1117 2106 94 42 quo
1157 2106 54 42 ad

424 2142 163 43 animam:
542 2142 89 43 et
587 2142 89 43 in
631 2142 89 43 se
675 2142 118 43 duas
749 2142 207 43 voluntates
912 2142 118 43 esse
986 2142 163 43 propter
1089 2142 133 43 futuros

407 2172 205 46 hereticos
565 2172 126 46 quos
644 2172 237 46 praeuiderat
834 2172 190 46 tenturos
976 2172 221 46 oppositum.
1150 2172 79 46 ⁋
1166 2172 63 46 In

418 2213 126 46 super
502 2213 84 46 vt
544 2213 126 46 daret
628 2213 168 46 exemplum
754 2213 182 46 posteris:
895 2213 84 46 vt
937 2213 98 46 non
993 2213 210 46 desperarent
1147 2213 70 46 nec

421 2256 190 40 defiderent
571 2256 81 40 se
611 2256 109 40 esse
679 2256 163 40 relictos
801 2256 68 40 a
829 2256 95 40 deo
883 2256 81 40 si
923 2256 109 40 sile
991 2256 190 40 contingat:
1127 2256 95 40 cate-

425 2295 133 44 gorice
518 2295 199 44 simpliciter
677 2295 133 44 voluit
770 2295 120 44 mori:
850 2295 93 44 ibi
903 2295 106 44 enim
970 2295 106 44 erat
1036 2295 120 44 ratio
1102 2295 120 44 aduoca-

425 2331 112 43 trix
495 2331 84 43 ex
537 2331 126 43 parte
621 2331 253 43 sensualitatis.
832 2331 70 43 ⁋
860 2331 98 43 Vel
916 2331 112 43 sic.
986 2331 98 43 non
1043 2331 126 43 sicut
1127 2331 98 43 ego
1169 2331 56 43 vo

425 2359 94 50 lo.
478 2359 81 50 i.
519 2359 94 50 non
572 2359 121 50 sicut
653 2359 121 50 velle
733 2359 121 50 solet
814 2359 148 50 coniter
922 2359 188 50 infirmitas
1069 2359 148 50 humana:
1163 2359 54 50 vo

418 2407 126 44 luntas
507 2407 139 44 propria
608 2407 76 44 et
646 2407 101 44 amor
709 2407 152 44 pruatus.
823 2407 139 44 secudum
924 2407 114 44 illud
1000 2407 101 44 Joa.
1063 2407 88 44 vi.
1113 2407 101 44 quia
1164 2407 63 44 de-

425 2447 138 41 scendi
522 2447 83 41 de
563 2447 110 41 celo
632 2447 97 41 non
688 2447 83 41 vt
729 2447 138 41 faciam
826 2447 193 41 voluntatem
977 2447 124 41 meam:
1060 2447 97 41 sed
1102 2447 124 41 volunta

422 2475 90 51 tem
474 2475 103 51 eius
538 2475 90 51 qui
589 2475 116 51 misit
667 2475 90 51 me.
718 2475 77 51 et
757 2475 129 51 JIoan.
847 2475 77 51 v.
885 2475 90 51 non
937 2475 116 51 quiro
1014 2475 180 51 voluntatem
1143 2475 77 51 meam

423 2519 93 43 sed
476 2519 185 43 voluntatem
621 2519 106 43 eius
687 2519 93 43 qui
740 2519 119 43 misit
820 2519 93 43 me.
873 2519 93 43 Nec
926 2519 159 43 sequitur
1045 2519 106 43 quod
1111 2519 106 43 erat
1164 2519 66 43 re-

434 2560 126 39 bellio
522 2560 113 39 inter
598 2560 126 39 carnem
686 2560 75 39 et
723 2560 163 39 sporitum:
849 2560 126 39 quando
937 2560 126 39 speius
1025 2560 176 39 categorice
1151 2560 75 39 vole

438 2598 95 44 bat
493 2598 150 44 volitum
602 2598 68 44 a
629 2598 109 44 deo:
697 2598 82 44 et
738 2598 109 44 caro
806 2598 177 44 appetebat
942 2598 163 44 secundum
1051 2598 177 44 inclinatio-

435 2634 90 41 nem
487 2634 141 41 inditam
589 2634 77 41 ei
628 2634 64 41 a
654 2634 103 41 deo:
718 2634 103 41 quae
782 2634 116 41 solet
859 2634 180 41 contingere
1001 2634 116 41 inter
1078 2634 154 41 homines.
1181 2634 51 41 Et

433 2671 99 62 hoc
489 2671 99 62 est
546 2671 113 62 quod
616 2671 141 62 beatus
714 2671 99 62 Au.
771 2671 141 62 dicit.
869 2671 99 62 non
925 2671 155 62 adhesit
1038 2671 113 62 mihi
1108 2671 99 62 cor
1151 2671 84 62 pra

1242 234 125 56 uum:
1321 234 125 56 quod
1399 234 235 56 declinantem
1587 234 78 56 a
1618 234 94 56 me
1665 234 188 56 malignum
1806 234 110 56 non
1853 234 219 56 cognoscebam.

1252 286 138 47 Paulus
1349 286 152 47 christi
1460 286 124 47 miles
1542 286 166 47 exultat:
1667 286 111 47 quia
1736 286 194 47 moriturus:
1888 286 152 47 dicens.
1985 286 69 47 ii.

1249 328 92 40 ad
1295 328 123 40 Thi.
1372 328 138 40 iiii.
1464 328 138 40 bonum
1556 328 184 40 certamen
1694 328 184 40 certaui:
1833 328 154 40 cursum
1925 328 138 40 consum-

1257 358 105 48 maui:
1328 358 105 48 fidem
1398 358 141 48 seruaui.
1503 358 70 48 et
1538 358 129 48 iterum:
1632 358 105 48 cupio
1703 358 152 48 dissolui:
1820 358 70 48 et
1855 358 94 48 esse
1913 358 82 48 cum
1949 358 105 48 christo

1247 403 78 37 ad
1286 403 117 37 Phil.
1364 403 78 37 i.
1403 403 78 37 et
1442 403 143 37 christs
1545 403 143 37 tristis
1649 403 104 37 est.
1714 403 91 37 cum
1766 403 91 37 quo
1818 403 130 37 paulus
1908 403 78 37 se
1947 403 104 37 esse
1999 403 52 37 fu

1251 436 95 46 turu
1310 436 142 46 letatur.
1417 436 119 46 domins
1500 436 71 46 et
1536 436 154 46 imperator
1654 436 130 46 tristis
1749 436 95 46 est:
1808 436 95 46 quia
1867 436 166 46 moriturus:
1986 436 71 46 ergo

1254 474 120 43 melior
1338 474 96 43 suus
1398 474 96 43 quam
1458 474 132 43 domins:
1555 474 144 43 sufficit
1663 474 108 43 seruo
1735 474 72 43 si
1771 474 84 43 sit
1819 474 108 43 sicut
1892 474 132 43 domins.
1988 474 96 43 quid

1252 510 98 49 ergo
1313 510 98 49 erit
1374 510 98 49 ista
1435 510 85 49 vox
1483 510 98 49 nisi
1544 510 110 49 sonus
1617 510 195 49 infirmitatis
1776 510 134 49 nostre.
1873 510 110 49 istud
1947 510 98 49 ergo
1995 510 49 49 de

1255 552 82 42 non
1302 552 129 42 propter
1396 552 82 42 se:
1443 552 82 42 sed
1490 552 129 42 propter
1584 552 82 42 nos
1631 552 117 42 dixit.
1713 552 117 42 Postur
1796 552 70 42 si
1831 552 106 42 fieri
1901 552 117 42 potest
1972 552 82 42 trant

1247 587 113 43 eat
1311 587 81 43 a
1344 587 97 43 me
1392 587 145 43 calix
1489 587 145 43 iste.
1586 587 145 43 primo
1683 587 178 43 Eneidos
1812 587 129 43 Maro
1893 587 113 43 non
1941 587 113 43 solum

1243 623 129 40 virum
1329 623 144 40 fortem
1429 623 201 40 describes:
1587 623 101 40 sed
1645 623 129 40 virum
1731 623 101 40 quo
1788 623 172 40 meliorem
1903 623 158 40 effingere

1239 662 102 46 non
1298 662 145 46 potat:
1399 662 160 46 dicebat
1515 662 131 46 eneam
1603 662 160 46 timorem
1719 662 189 46 naturalem
1864 662 145 46 hatere
1951 662 102 46 primo

1253 699 175 45 Eneidos
1381 699 207 45 inquiens.
1540 699 191 45 Extemplo
1683 699 128 45 Enee
1763 699 207 45 soluuntur
1907 699 143 45 frigore

1243 737 162 44 menbra.
1361 737 103 44 vbi
1420 737 162 44 Seruius
1538 737 103 44 eum
1597 737 177 44 exponens
1729 737 133 44 dicit
1817 737 103 44 eum
1876 737 147 44 fuisse
1965 737 88 44 timo

1249 776 82 43 re
1290 776 192 43 percussum:
1441 776 164 43 saluator
1564 776 123 43 nostr
1646 776 110 43 ista
1715 776 178 43 assumpsit
1852 776 151 43 volens:
1961 776 82 43 vt
1989 776 68 43 iam

1257 818 146 38 diximus:
1366 818 146 38 igister.
1476 818 61 38 ⁋
1500 818 85 38 Sed
1549 818 122 38 contra
1634 818 134 38 quartam
1731 818 195 38 conclusionem
1877 818 183 38 argumentabero

1253 852 102 45 sic.
1317 852 114 45 sicut
1393 852 76 45 se
1431 852 114 45 habet
1507 852 191 45 intellectus
1660 852 76 45 ad
1698 852 140 45 regulam
1800 852 165 45 vritatis:
1927 852 89 45 sic
1965 852 89 45 volun

1250 891 96 47 tas
1305 891 82 47 ad
1346 891 151 47 regulam
1456 891 233 47 rectitudinis.
1648 891 110 47 ille
1717 891 110 47 enim
1786 891 206 47 intellectus
1950 891 96 47 est
1991 891 69 47 fal

1257 927 90 47 sus
1308 927 90 47 qui
1360 927 128 47 deuiat
1449 927 64 47 a
1475 927 115 47 prima
1551 927 77 47 ve
1590 927 128 47 itate:
1679 927 102 47 ergo
1743 927 153 47 voluntas
1858 927 90 47 est
1910 927 141 47 obliqua
1999 927 64 47 qua

1243 962 74 47 a
1273 962 133 47 prima
1362 962 192 47 voluntate
1510 962 163 47 deuiat.
1628 962 74 47 ⁋
1658 962 192 47 Preterea:
1805 962 133 47 illud
1894 962 104 47 est
1953 962 89 47 de
1983 962 74 47 iu-

1250 1002 79 43 re
1289 1002 131 43 diuino
1381 1002 105 43 quod
1447 1002 105 43 deus
1512 1002 118 43 vult:
1591 1002 131 43 volens
1683 1002 131 43 contra
1775 1002 144 43 volitum
1879 1002 66 43 a
1906 1002 92 43 deo
1958 1002 118 43 vulta

1251 1039 87 47 ius
1300 1039 149 47 diuinum:
1412 1039 99 47 ergo
1474 1039 136 47 peccat:
1573 1039 149 47 igister.
1685 1039 62 47 ⁋
1709 1039 74 47 Ad
1747 1039 124 47 primum
1833 1039 112 47 dico:
1908 1039 99 47 quod
1970 1039 87 47 non
2007 1039 62 47 est

1249 1077 111 39 sile
1318 1077 83 39 de
1360 1077 194 39 intellectu
1513 1077 83 39 et
1554 1077 194 39 voluntate:
1707 1077 166 39 assensus
1831 1077 111 39 enim
1887 1077 180 39 intellectus

1260 1116 171 45 frequenter
1394 1116 86 45 non
1443 1116 86 45 est
1492 1116 73 45 in
1529 1116 147 45 partante
1638 1116 134 45 nostra:
1736 1116 73 45 et
1773 1116 73 45 si
1809 1116 98 45 vnum
1871 1116 183 45 oppositorum
2005 1116 61 45 sit

1268 1156 122 40 verum
1350 1156 163 40 reliquum
1472 1156 95 40 est
1527 1156 150 40 falsum:
1636 1156 68 40 v
1663 1156 109 40 itas
1731 1156 82 40 et
1771 1156 163 40 falsitas
1880 1156 177 40 intellectus

1255 1191 172 44 attenditur
1390 1191 111 44 penes
1464 1191 86 44 sic
1513 1191 98 44 esse
1574 1191 74 44 in
1611 1191 74 44 re
1648 1191 86 44 vel
1697 1191 86 44 non
1746 1191 98 44 esse
1808 1191 147 44 secundum
1918 1191 98 44 Ari.
1980 1191 74 44 in
2004 1191 74 44 lib.

1249 1231 285 48 praedicamentorum.
1494 1231 95 48 ca.
1548 1231 82 48 de
1589 1231 231 48 praedicamento
1780 1231 204 48 substantie.
1943 1231 95 48 vbi
1983 1231 82 48 ait.

1264 1262 72 45 ab
1300 1262 72 45 eo
1336 1262 95 45 quod
1395 1262 83 45 res
1443 1262 83 45 est
1491 1262 83 45 vel
1538 1262 83 45 non
1586 1262 83 45 est
1634 1262 119 45 oratio
1717 1262 131 45 diciter
1813 1262 95 45 vera
1872 1262 83 45 vel
1920 1262 119 45 falsa.
2003 1262 95 45 modo

1257 1303 99 47 stat
1319 1303 99 47 quod
1380 1303 87 47 duo
1430 1303 87 47 sic
1480 1303 74 47 se
1517 1303 136 47 habeant
1616 1303 99 47 quod
1678 1303 99 47 vnus
1740 1303 99 47 vult
1802 1303 74 47 a:
1839 1303 74 47 et
1876 1303 111 47 alter
1950 1303 111 47 habet
2012 1303 62 47 nol

1260 1343 79 46 le
1299 1343 119 46 circa
1378 1343 79 46 a:
1418 1343 119 46 tamen
1497 1343 145 46 vterque
1602 1343 119 46 actus
1681 1343 105 46 erit
1747 1343 132 46 bonus.
1839 1343 66 46 ⁋
1866 1343 79 46 Et
1905 1343 79 46 si
1945 1343 119 46 dicas
2010 1343 53 46 a-

1256 1383 147 40 micorum
1363 1383 94 40 est
1416 1383 107 40 idem
1483 1383 120 40 velle
1563 1383 67 40 a
1590 1383 134 40 nolle.
1684 1383 120 40 Verum
1764 1383 107 40 est:
1831 1383 94 40 vbi
1885 1383 174 40 displicet
2005 1383 67 40 al-

1254 1418 114 43 teri
1325 1418 86 43 si
1368 1418 128 43 velit
1453 1418 200 43 oppositum:
1610 1418 114 43 modo
1682 1418 114 43 deus
1753 1418 100 43 non
1810 1418 114 43 vult
1882 1418 100 43 nos
1924 1418 143 43 obligare

1262 1454 108 46 nisi
1330 1454 81 46 ad
1371 1454 176 46 praecepta
1506 1454 81 46 et
1547 1454 230 46 obligationes.
1737 1454 68 46 ⁋
1764 1454 81 46 Ad
1805 1454 163 46 secundum
1926 1454 122 46 disti
1994 1454 68 46 gui

1258 1492 113 51 tur:
1329 1492 99 51 vel
1385 1492 85 51 si
1428 1492 113 51 deus
1499 1492 113 51 vult
1569 1492 156 51 aliquem
1683 1492 184 51 obligare:
1824 1492 127 51 verum
1909 1492 113 51 est:
1966 1492 99 51 alias

1264 1531 85 45 non
1312 1531 145 45 oportet.
1421 1531 61 45 ⁋
1445 1531 133 45 Secundo
1542 1531 169 45 arguister:
1676 1531 157 45 priponens
1797 1531 169 45 voluntatem
1930 1531 97 45 suam
1978 1531 97 45 volun-

1260 1567 116 46 tati
1333 1567 131 46 diuie
1420 1567 160 46 peccat:
1537 1567 116 46 deus
1610 1567 131 46 autem
1697 1567 116 46 vult
1770 1567 131 46 vrbem
1857 1567 116 46 capi
1930 1567 87 46 ab
1959 1567 116 46 hosti-

1267 1608 98 42 bus:
1328 1608 73 42 et
1365 1608 73 42 tu
1401 1608 86 42 non
1450 1608 86 42 vis
1499 1608 159 42 positiue:
1622 1608 147 42 igister.
1732 1608 61 42 ⁋
1756 1608 184 42 Respondetur
1903 1608 110 42 verum
1976 1608 98 42 est.
2025 1608 37 42 s

1267 1646 177 48 praeponat
1404 1646 177 48 voluntate
1540 1646 164 48 propriam
1663 1646 177 48 voluntati
1799 1646 136 48 diuine
1881 1646 191 48 praecipienti

1272 1681 105 46 vel
1332 1681 224 46 prohibenti.
1511 1681 75 46 ⁋
1541 1681 150 46 Tertio
1646 1681 195 46 arguitur:
1796 1681 150 46 sortes
1900 1681 120 46 vult
1975 1681 75 46 a
1990 1681 75 46 non

1269 1715 111 47 esse:
1342 1715 74 47 et
1379 1715 98 47 deus
1441 1715 98 47 vult
1502 1715 61 47 a
1527 1715 111 47 esse:
1601 1715 86 47 aut
1650 1715 98 47 ergo
1711 1715 123 47 vestra
1797 1715 74 47 et
1834 1715 111 47 recta
1908 1715 111 47 ratio
1970 1715 98 47 humana

1271 1755 130 50 dictat
1362 1755 65 50 a
1388 1755 91 50 non
1439 1755 104 50 esse
1504 1755 207 50 producendum:
1673 1755 91 50 aut
1724 1755 181 50 oppositum.
1867 1755 78 50 si
1906 1755 142 50 primum:
1996 1755 78 50 ergo

1263 1793 145 46 iudicium
1372 1793 121 46 diuini
1457 1793 182 46 intellectus
1602 1793 85 46 non
1651 1793 85 46 est
1699 1793 133 46 rectum.
1796 1793 73 46 si
1833 1793 158 46 secundum:
1954 1793 97 46 ergo
2002 1793 73 46 sor-

1276 1838 94 37 tes
1329 1838 107 37 vult
1396 1838 134 37 contra
1490 1838 161 37 dictamen
1610 1838 120 37 recte
1690 1838 174 37 rationis:
1824 1838 107 37 ergo
1891 1838 94 37 non
1945 1838 120 37 iuste
2011 1838 54 37 er

1265 1873 177 43 studiose.
1401 1873 68 43 ⁋
1429 1873 82 43 Ad
1469 1873 150 43 tertium
1578 1873 204 43 conceditur:
1741 1873 109 43 quod
1809 1873 122 43 ratio
1891 1873 150 43 dictans
1999 1873 68 43 a
2013 1873 68 43 es-

1275 1906 80 47 se
1315 1906 201 47 producendum
1475 1906 94 47 est
1529 1906 120 47 vesra
1609 1906 80 47 et
1649 1906 134 47 recta:
1743 1906 107 47 siue
1810 1906 107 47 ipsa
1876 1906 94 47 sit
1930 1906 107 47 nota
1983 1906 94 47 intel

1270 1947 141 45 lectui
1368 1947 141 45 humano
1467 1947 113 45 siue
1537 1947 113 45 non:
1608 1947 98 45 sed
1664 1947 98 45 non
1720 1947 98 45 est
1776 1947 127 45 ratio
1861 1947 211 45 praeceptiua
2016 1947 70 45 vel

1267 1986 192 44 prohibitiua
1421 1986 128 44 homin:
1511 1986 115 44 sicut
1587 1986 115 44 ratio
1664 1986 141 44 dictans
1767 1986 102 44 quod
1831 1986 115 44 pater
1908 1986 102 44 meus
1972 1986 90 44 est
2010 1986 64 44 mo-

1266 2021 160 45 riturus
1383 2021 73 45 ⁋
1412 2021 87 45 Et
1456 2021 102 45 cum
1514 2021 160 45 infers:
1630 2021 116 45 ergo
1703 2021 145 45 sortes
1805 2021 116 45 vult
1877 2021 145 45 contra
1965 2021 116 45 dicta-

1271 2060 88 46 men
1322 2060 163 46 rationis.
1447 2060 201 46 Respondetur:
1610 2060 100 46 quod
1673 2060 88 46 non
1723 2060 88 46 est
1773 2060 125 46 contra
1861 2060 151 46 dictamen
1974 2060 113 46 recte
2037 2060 50 46 ra

1270 2093 142 49 tionis
1369 2093 185 49 dictantis
1511 2093 85 49 de
1554 2093 128 49 velle
1639 2093 156 49 sortis.
1753 2093 100 49 Nec
1810 2093 142 49 contra
1909 2093 171 49 dictamen
2023 2093 57 49 ra

1269 2136 153 44 tionis
1376 2136 107 44 cui
1437 2136 92 44 in
1482 2136 168 44 volendo
1604 2136 153 44 debeat
1711 2136 214 44 conformari
1879 2136 183 44 voluntas
2001 2136 76 44 sor

1275 2169 101 47 tis:
1339 2169 101 47 bene
1402 2169 114 47 verum
1478 2169 89 47 est
1528 2169 114 47 tamen
1604 2169 101 47 quod
1667 2169 202 47 materialiter
1832 2169 76 47 et
1870 2169 164 47 obiectiue
1983 2169 89 47 estia

1283 2207 178 51 dictamen
1417 2207 178 51 cuiusdam
1551 2207 178 51 rationis
1685 2207 149 51 recte:
1789 2207 104 51 sed
1848 2207 104 51 hoc
1908 2207 104 51 non
1952 2207 134 51 impedit

1277 2246 229 46 rectitudinem
1462 2246 214 46 nolitionis.
1634 2246 71 46 ⁋
1663 2246 143 46 Quarto
1763 2246 171 46 arguitur
1891 2246 114 46 sic.
1948 2246 129 46 aliquod

1277 2291 173 43 preceptum
1410 2291 107 43 deus
1476 2291 107 43 dat:
1543 2291 80 43 et
1583 2291 120 43 tamen
1663 2291 93 43 non
1716 2291 107 43 vult
1783 2291 120 43 illud
1863 2291 186 43 adimpleri.
1996 2291 93 43 patet

1283 2326 87 42 de
1327 2326 189 42 praecepto
1472 2326 116 42 dato
1545 2326 145 42 Abrahe
1647 2326 87 42 de
1691 2326 189 42 immolando
1836 2326 145 42 filio:
1938 2326 116 42 quod
1996 2326 87 42 deus

1275 2359 132 49 noluit
1367 2359 105 49 esse
1433 2359 197 49 obseruatum.
1590 2359 118 49 patet
1669 2359 105 49 Gen.
1735 2359 118 49 xxii.
1814 2359 66 49 ⁋
1840 2359 210 49 Respondetur:
1998 2359 79 49 quod

1280 2396 147 48 triplex
1387 2396 94 48 est
1440 2396 188 48 preceptum:
1588 2396 147 48 quoddam
1695 2396 147 48 obligat
1802 2396 80 48 ad
1843 2396 121 48 illud
1923 2396 107 48 quod
1977 2396 107 48 praeci

1280 2439 162 46 pitur:
1393 2439 97 46 vt
1442 2439 211 46 preceptum
1604 2439 97 46 de
1652 2439 227 46 dilectione
1831 2439 113 46 dei
1896 2439 97 46 et
1928 2439 162 46 proximi.

1280 2472 144 48 Aliud
1376 2472 176 48 obligat
1503 2472 207 48 immediate
1663 2472 96 48 ad
1711 2472 239 48 intentionem
1887 2472 207 48 praecipien-

1286 2509 87 50 tis:
1341 2509 65 50 et
1373 2509 120 50 mediate
1461 2509 65 50 ad
1493 2509 98 50 illud
1559 2509 87 50 quod
1613 2509 174 50 praecipitur:
1755 2509 87 50 quia
1809 2509 131 50 scilicet
1908 2509 98 50 illud
1973 2509 87 50 quod
2017 2509 76 50 prae-

1288 2544 141 56 cipiens
1391 2544 154 56 intendit
1506 2544 90 56 non
1558 2544 128 56 potest
1648 2544 141 56 impleri
1750 2544 103 56 sine
1814 2544 77 56 eo
1853 2544 103 56 quod
1904 2544 180 56 praecipitur:

1275 2582 109 51 vel
1338 2582 124 51 sine
1415 2582 187 51 conamine
1555 2582 93 51 ad
1602 2582 140 51 illud
1695 2582 218 51 implendum:
1866 2582 140 51 sicut
1944 2582 140 51 pceptum

1283 2626 164 52 Abrahe
1397 2626 164 52 factum
1512 2626 147 52 primo
1610 2626 180 52 obligat
1741 2626 98 52 ad
1790 2626 229 52 intentione
1953 2626 131 52 preci-

1281 2660 164 62 pientis:
1405 2660 164 62 scilicet
1528 2660 82 62 ad
1569 2660 206 62 ostendendam
1734 2660 206 62 obedientiam
1898 2660 82 62 vt
1939 2660 110 62 illa
1994 2660 96 62 aliis
