2391 3306
288 204 191 70 veritates
435 204 118 70 sunt
509 204 191 70 principia
656 204 220 70 theologica.
832 204 147 70 quando
935 204 88 70 ad
979 204 118 70 ipsa
1038 204 73 70 fit

292 264 177 48 vltinata
425 264 192 48 resolutio
573 264 207 48 theologici
735 264 207 48 discursus:
897 264 89 48 et
942 264 162 48 singule
1045 264 59 48 co

282 303 197 48 clusiones
434 303 213 48 theologice
601 303 91 48 ex
646 303 106 48 eis
707 303 213 48 deducutur.
874 303 76 48 ⁋
905 303 167 48 Secundo
1011 303 91 48 pat-

289 347 115 44 quod
360 347 229 44 conclusiones
546 347 158 44 proprie
661 347 201 44 theologice
819 347 72 44 /
847 347 229 44 distinguendo
1019 347 86 44 con-

293 387 182 34 clusiones
433 387 140 34 contra
531 387 182 34 principia
671 387 112 34 sunt
740 387 182 34 veritates
880 387 98 34 non
936 387 168 34 contente
1048 387 56 34 es

302 416 135 49 paesse
396 416 81 49 in
436 416 121 49 sacro
517 416 148 49 canone:
625 416 94 49 sed
678 416 81 49 ex
719 416 94 49 eis
773 416 215 49 deduncuntur.
948 416 81 49 vt
974 416 135 49 christus

287 454 143 47 habet
382 454 159 47 neruos
493 454 95 47 et
541 454 111 47 hac
604 454 190 47 deduciu:
747 454 190 47 christus
890 454 111 47 est
953 454 111 47 ho.
1017 454 79 47 ⁋
1033 454 63 47 De

302 494 94 49 tio
355 494 121 49 patet
436 494 108 49 quod
504 494 135 49 nullus
598 494 175 49 discursus
733 494 81 49 ex
774 494 256 49 propositionibus
976 494 135 49 probabi-

287 533 140 41 libus
381 533 109 41 est
443 533 249 41 theologicus.
645 533 140 41 Istud
739 533 187 41 comniter
879 533 171 41 ponitur
988 533 124 41 contra

300 571 169 45 Aureolum:
430 571 78 45 et
469 571 117 45 bene.
547 571 130 45 patet:
638 571 104 45 quia
703 571 169 45 processus
832 571 78 45 ex
871 571 208 45 probabilibus
1040 571 65 45 /
1053 571 65 45 vel

297 613 89 41 ex
342 613 104 41 vna
401 613 89 41 de
445 613 119 41 fide
519 613 89 41 et
564 613 148 41 altera
668 613 193 41 probabili
816 613 74 41 /
845 613 104 41 vel
905 613 89 41 ex
949 613 104 41 vna
993 613 119 41 euiden

295 647 84 46 te
337 647 84 46 et
379 647 140 46 altera
477 647 126 46 solum
561 647 196 46 probabili:
716 647 154 46 generat
828 647 168 46 praecise
940 647 168 46 opinionem:

291 687 126 43 quia
370 687 204 43 conclusio
527 687 220 43 insequitur
700 687 220 43 debiliorem
873 687 173 43 partem.
999 687 79 43 ⁋
1015 687 94 43 Quar

298 723 82 45 to
339 723 124 45 patet
422 723 110 45 quod
490 723 165 45 assensus
614 723 178 45 discursus
751 723 192 45 theologici
902 723 96 45 est
957 723 137 45 fides.
1039 723 69 45 nam

290 764 81 41 si
330 764 107 41 quis
397 764 175 41 assentiat
531 764 134 41 alicui
625 764 202 41 conclusioni
787 764 148 41 propter
894 764 175 41 primissas
1015 764 94 41 credi

299 800 98 46 tas
355 800 182 46 praecise:
495 800 126 46 talis
578 800 168 46 assensus
704 800 98 46 non
760 800 112 46 erit
830 800 126 46 maior
913 800 154 46 assensu
1011 800 98 46 prae-

292 833 157 49 missarum.
413 833 97 49 modo
473 833 145 49 assensus
582 833 182 49 primissarum
728 833 85 49 est
776 833 121 49 fides.
861 833 133 49 igitur.
958 833 97 49 Dixi
1006 833 109 49 (ppotos

300 875 170 47 priemissas
433 875 170 47 creditas):
567 875 97 47 quia
628 875 97 47 stat
688 875 121 47 crebro
773 875 97 47 quod
834 875 170 47 consequens
967 875 85 47 sit
1004 875 109 47 euidens

292 914 81 44 vbi
339 914 162 44 antecedens
466 914 151 44 ineuidens
582 914 93 44 est.
640 914 81 44 sed
686 914 93 44 tunc
744 914 151 44 euidentia
860 914 185 44 conclusionis
999 914 104 44 aliunde

289 950 206 39 venitquama
451 950 206 39 certitudie
614 950 236 39 primissarum.
805 950 88 39 Et
850 950 88 39 ex
894 950 103 39 hoc
938 950 177 39 corollarie

291 995 153 41 sequitur
406 995 102 41 quod
469 995 178 41 nullatenus
610 995 153 41 assensus
724 995 204 41 conclusionis
890 995 76 41 in
928 995 153 41 discursu
1030 995 76 41 thec

290 1027 131 43 logico
382 1027 92 43 est
434 1027 170 43 scientia.
565 1027 92 43 Nec
617 1027 118 43 iuuat
696 1027 131 43 dicere
788 1027 65 43 (
814 1027 92 43 qud
866 1027 131 43 aliqui
958 1027 144 43 dicunt.
1050 1027 52 43 es

299 1066 169 41 scientia
425 1066 155 41 proprie
538 1066 141 41 dicta:
636 1066 84 41 et
678 1066 225 41 subalternata
861 1066 112 41 scie
931 1066 98 41 dei
988 1066 84 41 et
1016 1066 84 41 btor

296 1103 147 41 Notitia
402 1103 107 41 enim
469 1103 147 41 euidens
576 1103 200 41 primissarum
736 1103 80 41 in
776 1103 107 41 alio
842 1103 67 41 /
869 1103 93 41 non
922 1103 147 41 generat
1016 1103 93 41 scien

282 1139 120 41 tiam
357 1139 90 41 in
402 1139 105 41 me.
462 1139 105 41 Non
522 1139 135 41 valet
612 1139 135 41 eorum
702 1139 180 41 analogia
836 1139 90 41 de
881 1139 240 41 arithimetico
1061 1139 45 41 a

295 1180 160 43 musico.
412 1180 102 43 nam
470 1180 87 43 si
513 1180 116 43 vnus
586 1180 102 43 ari
644 1180 218 43 thrimeticus
818 1180 116 43 puta
890 1180 160 43 hericus
992 1180 116 43 euidem

285 1221 102 44 ter
344 1221 189 44 cognoscat
489 1221 203 44 principia:
649 1221 87 44 et
692 1221 189 44 Alexander
838 1221 145 44 credat
939 1221 116 44 illa
997 1221 102 44 prier

291 1255 134 47 cipia:
384 1255 147 47 numquam
491 1255 94 47 per
545 1255 94 47 hoc
598 1255 174 47 alexander
732 1255 94 47 fit
785 1255 147 47 musicus
892 1255 147 47 sciens:
999 1255 94 47 hoc
1039 1255 67 47 est

298 1295 122 50 hiuns
380 1295 122 50 sciam
461 1295 162 50 musices:
582 1295 108 50 bene
650 1295 95 50 ant
704 1295 122 50 habet
785 1295 149 50 musicam
893 1295 203 50 creditiuam.
1042 1295 54 50 Se

302 1331 92 52 cus
355 1331 119 52 esset
434 1331 79 52 si
473 1331 132 52 haetet
566 1331 172 52 principia
698 1331 106 52 scie
764 1331 172 52 suprioris
896 1331 79 52 in
936 1331 132 52 seipo.
1028 1331 66 52 ⁋
1041 1331 53 52 Sd

293 1361 140 53 dices.
391 1361 154 53 habitus
503 1361 84 53 in
544 1361 279 53 discipuloaliquam
782 1361 182 53 scientiam
921 1361 154 53 humanam
1033 1361 98 53 add

298 1408 138 44 scente
395 1408 165 44 sufficit
519 1408 83 44 ad
560 1408 234 44 denoinationem
753 1408 124 44 scie:
835 1408 110 44 esto
904 1408 179 44 principia
1028 1408 83 44 sint

301 1446 90 39 in
346 1446 165 39 doctore
466 1446 195 39 euidenter
616 1446 135 39 nota:
706 1446 165 39 credita
827 1446 135 39 autem
917 1446 75 39 a
932 1446 180 39 discipulo.

305 1485 112 42 Unde
375 1485 154 42 dicitur
487 1485 126 42 primo
571 1485 210 42 elenchorum.
739 1485 126 42 Optet
823 1485 210 42 addiscentem
977 1485 126 42 credere

303 1520 67 48 ⁋
329 1520 81 48 Et
370 1520 216 48 confirmatur.
545 1520 162 48 secundum
667 1520 216 48 Aristotelem.
842 1520 94 48 vi.
896 1520 189 48 Ethicorum:
1031 1520 81 48 prin

303 1559 117 46 cipia
381 1559 156 46 scientie
498 1559 208 46 sufficienter
667 1559 208 46 cognoscuntur
835 1559 91 46 per
887 1559 130 46 sensum
978 1559 65 46 /
1004 1559 91 46 vel
1043 1559 65 46 per

293 1598 199 40 inductionem
452 1598 93 40 vel
505 1598 93 40 per
558 1598 146 40 aliquam
665 1598 120 40 aliam
744 1598 133 40 fidem.
837 1598 133 40 igitur
930 1598 80 40 ad
957 1598 146 40 scientiam

302 1636 119 44 pprie
381 1636 132 44 dictam
473 1636 158 44 sufficit
591 1636 105 44 quod
657 1636 79 44 de
697 1636 171 44 principio
828 1636 105 44 eius
894 1636 158 44 habeatur
1000 1636 105 44 fides.

294 1677 75 43 ⁋
324 1677 224 43 Philosophus
503 1677 119 43 esse
577 1677 149 43 voluit
682 1677 149 43 dicere
786 1677 149 43 aliqui
890 1677 194 43 credenda.
1024 1677 75 43 mod

282 1712 195 44 credulitas
435 1712 167 44 disponit
561 1712 84 44 ad
603 1712 195 44 scientiam.
756 1712 84 44 Ad
798 1712 251 44 confirmationem
993 1712 112 44 dicitu

289 1751 110 42 quod
358 1751 206 42 aristoteles
523 1751 165 42 extendit
647 1751 165 42 terminum
770 1751 179 42 scientia.
908 1751 96 42 hoc
963 1751 124 42 etiam
1031 1751 69 42 non

300 1795 115 39 valet
377 1795 102 39 quod
441 1795 141 39 dicitur
544 1795 77 39 de
582 1795 154 39 scientia
697 1795 218 39 subalternata:
876 1795 141 39 nunquam
979 1795 102 39 enim
1030 1795 77 39 scia

299 1826 226 45 subalternata
482 1826 99 45 est
539 1826 113 45 scie
609 1826 240 45 subalternanti
807 1826 282 45 incompossibilis.
1032 1826 71 45 mod

302 1864 115 46 fides
379 1864 77 46 et
417 1864 153 46 scientia
532 1864 153 46 respectu
648 1864 141 46 eiusdem
750 1864 64 46 /
775 1864 115 46 etiam
852 1864 153 46 secundum
955 1864 153 46 opinantem.

301 1909 100 40 non
358 1909 86 40 se
401 1909 243 40 compatiuntur.
601 1909 129 40 patet
687 1909 129 40 maior
773 1909 186 40 inductiue
916 1909 86 40 in
959 1909 143 40 aliis.
1045 1909 57 40 In

304 1938 123 43 super
386 1938 96 43 non
441 1938 109 43 sunt
510 1938 123 43 eadem
592 1938 178 43 principia
729 1938 82 43 in
770 1938 164 43 scientia
879 1938 219 43 subalternante:

304 1978 244 46 subalternata:
505 1978 115 46 quia
577 1978 187 46 principia
721 1978 115 46 scie
793 1978 230 46 subalternate
980 1978 115 46 sunt
1037 1978 72 46 con

298 2017 172 45 clusiones
430 2017 158 45 scientie
549 2017 251 45 subalternantis.
760 2017 79 45 vt
799 2017 119 45 patet
879 2017 106 45 dudi
931 2017 172 45 perspectiua

294 2056 197 44 geometria
445 2056 76 44 /
476 2056 242 44 arithimetica
673 2056 76 44 /
703 2056 152 44 musica
809 2056 76 44 /
839 2056 91 44 et
885 2056 212 44 similibus.
1036 2056 76 44 Sed

297 2099 175 40 theologie
431 2099 242 40 comprehensoris
633 2099 81 40 et
673 2099 161 40 viatoris
794 2099 108 40 sunt
861 2099 94 40 per
915 2099 81 40 se
955 2099 121 40 eadem
1022 2099 81 40 prin

294 2135 146 40 cipia:
396 2135 102 40 set
455 2135 87 40 ab
498 2135 102 40 vno
557 2135 189 40 euidenter
702 2135 175 40 cognita:
833 2135 87 40 et
877 2135 87 40 ab
921 2135 117 40 alio
979 2135 131 40 credita

302 2169 146 40 igitur.
408 2169 66 40 ⁋
434 2169 93 40 Sed
487 2169 159 40 arguitur
606 2169 132 40 contra
699 2169 119 40 illud
778 2169 106 40 quod
844 2169 132 40 dictum
937 2169 93 40 est
990 2169 79 40 de
1016 2169 93 40 prin-

303 2212 152 43 cipiis
409 2212 198 43 theologie
561 2212 76 43 /
591 2212 182 43 secundum
728 2212 228 43 philosophum
911 2212 137 43 primo
986 2212 122 43 Topico

302 2244 102 44 rum:
366 2244 166 44 principia
493 2244 102 44 sunt
557 2244 102 44 quae
621 2244 89 44 non
672 2244 89 44 per
723 2244 102 44 alia
786 2244 89 44 sed
837 2244 89 44 per
888 2244 127 44 seipsa
978 2244 115 44 fidem
1041 2244 64 44 ha-

297 2284 139 40 bent.
389 2284 108 40 sed
451 2284 247 40 auctoritates
652 2284 93 40 in
698 2284 139 40 sacro
791 2284 155 40 canone
899 2284 185 40 contente
1023 2284 77 40 not

308 2324 108 44 per
369 2324 170 44 seipsas
493 2324 108 44 sed
555 2324 108 44 per
617 2324 139 44 aliud
710 2324 139 44 fidem
803 2324 170 44 habent:
926 2324 124 44 puta
1004 2324 108 44 per
1050 2324 62 44 au

300 2366 208 39 ctoritatem
464 2366 178 39 ecclesie
597 2366 74 39 /
627 2366 134 39 iuxta
716 2366 134 39 illud
806 2366 134 39 Augu.
895 2366 149 39 contra
984 2366 119 39 epslam

298 2399 229 46 fundamenti.
481 2399 122 46 cap.
557 2399 183 46 secundo.
694 2399 107 46 Ego
755 2399 198 46 euangelio
908 2399 107 46 non
969 2399 137 46 credo
1045 2399 61 46 ni

300 2440 94 41 si
347 2440 125 41 quia
425 2440 187 41 ecclesie
565 2440 203 41 catholice
721 2440 218 41 comonerent
877 2440 234 41 auctoritates.

300 2479 77 41 ⁋
330 2479 123 41 Item
408 2479 108 41 sic
469 2479 247 41 argumentatur
670 2479 185 41 Aureolus
809 2479 185 41 probando
947 2479 123 41 quod
1009 2479 108 41 arti-

297 2511 116 44 culi
370 2511 131 44 fidei
457 2511 102 44 non
516 2511 116 44 sunt
588 2511 189 44 principia
734 2511 204 44 theologie.
894 2511 131 44 nulla
967 2511 145 44 scientia

294 2550 184 45 procedit
432 2550 92 45 ad
478 2550 107 45 sua
539 2550 138 45 prima
631 2550 199 45 principia
784 2550 245 45 concludenda:
983 2550 107 45 sed
1029 2550 77 45 po-

296 2594 126 39 tius
375 2594 95 39 ex
423 2594 111 39 eis
486 2594 95 39 ad
533 2594 142 39 alia.
628 2594 111 39 sed
691 2594 205 39 theologia
849 2594 190 39 procedit
991 2594 95 39 ad
1023 2594 79 39 con

301 2626 178 46 cladendos
439 2626 192 46 articulos:
589 2626 82 46 et
631 2626 178 46 similiter
768 2626 110 46 alia
837 2626 110 46 quae
905 2626 165 46 expresse
1029 2626 82 46 in
1056 2626 55 46 sa

310 2666 102 42 cra
369 2666 189 42 scriptura
514 2666 233 42 continentur.
703 2666 116 42 Unde
776 2666 131 42 omnes
864 2666 175 42 doctores
980 2666 131 42 theolo

1171 217 90 63 gi
1216 217 164 63 formant
1335 217 224 63 quaestiones
1515 217 90 63 de
1560 217 194 63 articulis
1709 217 135 63 fidei
1799 217 90 63 et
1829 217 164 63 contentia

1163 273 91 48 in
1208 273 137 48 sacro
1300 273 167 48 canone:
1421 273 91 48 vt
1467 273 137 48 vtrum
1558 273 122 48 deus
1634 273 106 48 sit
1695 273 152 48 tantum
1801 273 122 48 vnus
1877 273 76 48 /
1893 273 106 48 vtrum

1164 314 192 43 oimpotens
1312 314 74 43 /
1341 314 192 43 immensus:
1489 314 89 43 et
1533 314 89 43 ad
1578 314 103 43 eas
1637 314 148 43 declar
1740 314 133 43 andas
1829 314 89 43 et
1858 314 133 43 conclu-

1171 345 132 58 dendas
1263 345 185 58 procedunt.
1409 345 66 58 ⁋
1436 345 79 58 Ad
1475 345 132 58 primum
1568 345 132 58 diter:
1661 345 106 58 quod
1727 345 93 58 non
1780 345 93 58 est
1820 345 172 58 intelligen-

1177 382 85 50 dum
1226 382 97 50 quod
1286 382 158 50 principia
1408 382 85 50 non
1457 382 122 50 habent
1542 382 110 50 fidem
1615 382 85 50 per
1664 382 110 50 aliud
1737 382 61 50 /
1762 382 85 50 sic
1810 382 97 50 quod
1871 382 110 50 nihil
1932 382 49 50 al

1164 419 132 59 ipsis
1252 419 205 59 principiis
1413 419 102 59 sit
1472 419 88 59 ca
1515 419 219 59 assentiendi
1691 419 117 59 eis.
1764 419 102 59 Nam
1823 419 102 59 hoc
1881 419 102 59 est
1925 419 73 59 fal

1167 458 119 48 sum:
1241 458 89 48 vt
1286 458 134 48 patet
1375 458 89 48 in
1420 458 208 48 principiis
1583 458 119 48 quae
1657 458 208 48 assumuntur
1821 458 89 48 ex
1850 458 149 48 experien

1170 497 122 50 tiis
1246 497 243 50 singularium:
1443 497 152 50 quarum
1550 497 182 50 assensus
1686 497 137 50 causa
1777 497 106 50 est
1823 497 167 50 experimen

1164 538 124 47 tum:
1242 538 140 47 cuius
1335 538 140 47 cause
1429 538 140 47 etiam
1522 538 171 47 fuerunt
1646 538 233 47 experientie
1833 538 140 47 multe
1910 538 78 47 sin

1172 579 182 40 gularium:
1312 579 84 40 vt
1354 579 154 40 dicitur
1466 579 154 40 secundo
1578 579 224 40 Posteriorum.
1760 579 84 40 et
1802 579 84 40 in
1844 579 126 40 primo
1914 579 70 40 Me-

1165 615 211 43 taphysice.
1331 615 105 43 Sed
1391 615 256 43 intelligendum
1602 615 105 43 est
1662 615 120 43 quod
1737 615 105 43 non
1797 615 151 43 habent
1888 615 105 43 fidem

1169 651 98 52 per
1225 651 112 52 alia
1295 651 182 52 principia
1434 651 84 52 ex
1476 651 140 52 quibus
1574 651 112 52 ipsa
1644 651 251 52 demonstrantur.
1853 651 84 52 et
1895 651 98 52 sic
1937 651 56 52 ne

1168 694 138 46 gatur
1260 694 154 46 maior.
1367 694 92 46 Et
1413 694 92 46 ad
1460 694 215 46 Augustinum
1629 694 123 46 dico
1705 694 123 46 quod
1782 694 108 46 non
1844 694 138 46 dixit
1921 694 61 46 se

1174 731 162 49 credere
1292 731 191 49 euangelio
1439 731 103 49 per
1497 731 176 49 assensum
1630 731 117 49 quem
1703 731 162 49 habebat
1820 731 88 49 ad
1850 731 132 49 aliquod

1166 768 126 44 aliud
1250 768 196 44 principium
1405 768 98 44 per
1461 768 112 44 quod
1531 768 168 44 euageliu
1657 768 253 44 demonstraretur
1868 768 98 44 vel
1910 768 84 44 syl-

1162 799 188 58 logistice
1306 799 202 58 probaretur
1465 799 144 58 verum:
1566 799 101 58 sed
1624 799 130 58 solum
1711 799 87 58 ex
1754 799 217 58 auctoritate
1913 799 72 58 ece

1169 838 144 45 clesie
1269 838 158 45 tanquam
1384 838 86 45 ex
1427 838 115 45 casa
1499 838 158 45 mouente
1614 838 129 45 ipsum
1701 838 86 45 ad
1744 838 129 45 fidem
1816 838 158 45 euangelit

1172 879 81 53 ⁋
1204 879 97 53 Ad
1253 879 146 53 aliud
1350 879 178 53 negatur
1480 879 162 53 minor.
1594 879 97 53 Si
1642 879 114 53 aut
1707 879 195 53 theologo
1853 879 178 53 aliquid

1169 920 112 42 tale
1239 920 168 42 negetur:
1365 920 98 42 non
1420 920 140 42 restat
1518 920 84 42 ei
1560 920 168 42 vlterior
1686 920 182 42 probatio:
1825 920 112 42 nisi
1881 920 126 42 oendere

1172 952 127 45 illud
1257 952 170 45 scriptum
1384 952 85 45 in
1426 952 156 45 canone.
1540 952 170 45 Doctores
1667 952 141 45 namque
1766 952 127 45 tales
1837 952 141 45 propoteo

1164 995 106 51 nes
1224 995 182 51 conantes
1361 995 167 51 probare
1482 995 106 51 non
1543 995 167 51 faciunt
1664 995 106 51 hoc
1724 995 91 51 ex
1770 995 182 51 discursu
1891 995 91 51 theo

1168 1027 165 51 logico
1284 1027 116 51 sed
1350 1027 165 51 potius
1466 1027 248 51 Metaphysico
1665 1027 116 51 vel
1731 1027 199 51 physico.
1880 1027 99 51 Et
1913 1027 66 51 ex

1172 1067 96 50 his
1227 1067 123 50 patet
1309 1067 150 50 solutio
1418 1067 218 50 quaestionis:
1596 1067 123 50 licet
1678 1067 96 50 non
1732 1067 164 50 ponantur
1841 1067 137 50 formali-

1169 1110 121 46 ter
1238 1110 276 46 conclusiones
1462 1110 121 46 cum
1531 1110 138 46 suis
1600 1110 310 46 impugnationibus:

1318 1143 143 51 VUinto
1418 1143 129 51 circa
1503 1143 114 51 hunc
1575 1143 171 51 prologum
1704 1143 186 51 queritur:
1846 1143 86 51 an
1875 1143 100 51 fides

1319 1184 67 53 t
1345 1184 80 53 et
1386 1184 161 53 scientia
1506 1184 80 53 se
1546 1184 228 53 compatiantur.
1734 1184 147 53 Proprie
1841 1184 121 53 fidem
1908 1184 67 53 ca-

1319 1210 146 65 impimus
1425 1210 80 65 vt
1465 1210 213 65 distinguitur
1638 1210 133 65 contra
1731 1210 120 65 alios
1811 1210 120 65 actus
1891 1210 67 65 a
1904 1210 80 65 habi

1317 1256 111 55 utus
1386 1256 194 55 veridicos.
1539 1256 69 55 ⁋
1566 1256 208 55 Respondetur
1733 1256 97 55 per
1774 1256 208 55 conclusiones.

1187 1302 118 42 Ppria
1266 1302 105 42 est.
1331 1302 118 42 Actus
1410 1302 118 42 fidei
1489 1302 79 42 et
1528 1302 105 42 scie
1594 1302 92 42 non
1647 1302 79 42 se
1686 1302 210 42 compatiuntur
1857 1302 79 42 in
1883 1302 92 42 eodem

1159 1333 190 54 subiecto
1302 1333 190 54 respectu
1444 1333 174 54 eiusdem
1571 1333 174 54 obiecti
1698 1333 190 54 propinq.
1825 1333 158 54 Obiectum

1168 1378 125 41 autem
1252 1378 181 41 propinquu
1391 1378 223 41 conclusionem
1572 1378 125 41 ipsam
1655 1378 167 41 appello.
1780 1378 111 41 Quod
1850 1378 83 41 de
1878 1378 97 41 eodem

1161 1419 169 42 obiecto
1283 1419 153 42 remoto
1391 1419 92 42 vt
1437 1419 92 42 de
1483 1419 184 42 subiecto
1620 1419 215 42 pradicato:
1789 1419 92 42 et
1835 1419 92 42 de
1866 1419 107 42 rebus

1163 1453 213 47 significatis
1336 1453 93 47 per
1389 1453 107 47 illa
1456 1453 147 47 extrema
1563 1453 133 47 possit
1656 1453 107 47 esse
1723 1453 107 47 scia
1789 1453 80 47 et
1829 1453 133 47 fides:
1909 1453 67 47 non

1166 1489 88 43 est
1217 1489 164 43 quaestio.
1343 1489 63 43 ⁋
1368 1489 139 43 Secunda
1469 1489 164 43 conclusio
1595 1489 113 43 Fides
1671 1489 126 43 infusa
1759 1489 176 43 compatitur
1885 1489 88 43 scien

1160 1522 111 49 tiam
1230 1522 83 49 et
1271 1522 125 49 actum
1355 1522 70 49 a
1383 1522 167 49 habitum.
1508 1522 70 49 ⁋
1536 1522 139 49 Tertia
1633 1522 195 49 conclusio.
1786 1522 153 49 Habitus
1884 1522 97 49 scien

1159 1566 150 43 tificus
1268 1566 177 43 cquisitus
1405 1566 82 43 et
1446 1566 123 43 fides
1527 1566 164 43 cquisita
1650 1566 95 43 non
1704 1566 82 43 se
1745 1566 218 43 compatiuntur
1909 1566 68 43 re-

1173 1601 141 42 pectu
1267 1601 172 42 eiusdem
1393 1601 172 42 obiecti
1518 1601 204 42 proinqui.
1675 1601 78 42 ⁋
1706 1601 157 42 Quarta
1801 1601 172 42 conclusio

1177 1642 150 44 abitus
1282 1642 135 44 fidei
1372 1642 180 44 cquisite
1506 1642 105 44 non
1566 1642 180 44 repugnat
1701 1642 135 44 actui
1776 1642 209 44 scientifico:

1163 1679 108 40 nec
1224 1679 200 40 ediuerso.
1378 1679 77 40 ⁋
1409 1679 138 40 Prima
1501 1679 200 40 conclusio
1655 1679 185 40 probatur
1793 1679 108 40 per
1840 1679 138 40 argumen

1168 1714 96 44 tum
1223 1714 151 44 commune
1333 1714 83 44 in
1375 1714 96 44 hac
1430 1714 138 44 parte.
1526 1714 96 44 nam
1581 1714 83 44 si
1622 1714 83 44 de
1664 1714 124 44 eodem
1746 1714 151 44 obiecto
1856 1714 124 44 esset
1925 1714 55 44 fi

1160 1758 101 41 des
1217 1758 87 41 et
1261 1758 188 41 scientia:
1405 1758 130 41 eadem
1491 1758 202 41 propositio
1650 1758 130 41 eidem
1737 1758 130 41 esset
1809 1758 173 41 euidenter.

1165 1795 118 43 nota
1239 1795 88 43 et
1283 1795 221 43 ineuidenter
1460 1795 133 43 nota.
1548 1795 191 43 euidenter
1695 1795 118 43 nota
1769 1795 103 43 per
1813 1795 162 43 scientiam

1167 1828 223 53 ineuidenter
1346 1828 119 53 nota
1420 1828 104 53 per
1480 1828 149 53 fidem.
1584 1828 104 53 hoc
1643 1828 134 53 autem
1733 1828 179 53 includit
1852 1828 119 53 contra

1159 1868 238 43 dictionem.
1346 1868 187 43 igitur.
1482 1868 119 43 hoc
1550 1868 238 43 argumentum
1738 1868 153 43 dices
1840 1868 119 43 non
1891 1868 85 43 vr-

1158 1903 131 49 gere:
1246 1903 87 49 et
1290 1903 175 49 concedes
1421 1903 117 49 quod
1494 1903 131 49 eadem
1581 1903 190 49 conclusio
1727 1903 102 49 est
1785 1903 190 49 euidenter
1917 1903 58 49 no

1163 1945 87 39 ta
1206 1945 101 39 vno
1264 1945 159 39 assensu
1379 1945 115 39 puta
1451 1945 187 39 scientia:
1595 1945 87 39 et
1638 1945 130 39 eadem
1725 1945 187 39 conclusio
1855 1945 115 39 aliquo

1166 1983 152 38 assensu
1277 1983 97 38 est
1332 1983 207 38 ineuidenter
1498 1983 124 38 nota.
1580 1983 207 38 quemadmodum
1746 1983 110 38 iste
1815 1983 97 38 non
1857 1983 110 38 contra

1171 2019 168 46 dicunt:
1293 2019 107 46 hec
1354 2019 198 46 conclusio
1506 2019 107 46 ome
1567 2019 229 46 Rhabarbarum
1750 2019 107 46 est
1796 2019 183 46 purgatiuum

1164 2058 178 40 cholere:
1298 2058 119 40 isto
1372 2058 164 40 assensu
1491 2058 104 40 est
1551 2058 193 40 euidenter
1699 2058 119 40 nota
1774 2058 74 40 /
1789 2058 193 40 demonstran-

1165 2094 91 45 do
1210 2094 182 45 assensum
1347 2094 258 45 scientificum:
1560 2094 91 45 et
1605 2094 106 45 hec
1666 2094 304 45 conclusioseandem
1909 2094 61 45 de

1157 2138 237 36 monstrando)
1347 2138 110 36 non
1410 2138 110 36 est
1473 2138 126 36 isto
1552 2138 174 36 assensu
1678 2138 205 36 euidenter
1836 2138 126 36 nota
1899 2138 79 36 de-

1169 2172 229 41 monstrando
1348 2172 196 41 assensum
1495 2172 163 41 fidei.
1610 2172 82 41 ⁋
1642 2172 114 41 Sed
1708 2172 163 41 contra
1822 2172 114 41 hoc
1871 2172 98 41 argu

1160 2211 107 44 tur.
1227 2211 107 44 bene
1294 2211 175 44 sequitur:
1428 2211 94 44 hoc
1482 2211 94 44 est
1536 2211 161 44 creditum
1657 2211 81 44 ab
1697 2211 121 44 isto:
1778 2211 134 44 igitur
1872 2211 94 44 non
1912 2211 67 44 est

1172 2248 158 42 euidens
1286 2248 129 42 isti.
1372 2248 72 42 ⁋
1401 2248 172 42 Secundo.
1530 2248 244 42 exresponsione
1731 2248 172 42 sequitur
1860 2248 115 42 quod
1918 2248 57 42 de

1162 2285 143 47 primis
1262 2285 200 47 principiis
1419 2285 86 47 et
1461 2285 271 47 propositionibus
1690 2285 100 47 per
1747 2285 86 47 se
1790 2285 128 47 notis
1861 2285 114 47 potest

1161 2325 149 39 haberi
1265 2325 134 39 fides
1354 2325 149 39 poprie
1458 2325 149 39 dicta:
1563 2325 89 39 et
1607 2325 134 39 simul
1696 2325 164 39 aliquid
1815 2325 134 39 esset
1890 2325 74 39 no-

1161 2363 112 47 tum
1225 2363 209 47 euidenter
1386 2363 193 47 mediante
1530 2363 177 47 notitia
1659 2363 225 47 intuitiua.
1835 2363 96 47 et
1868 2363 112 47 credi

1163 2401 91 42 tum
1215 2401 91 42 per
1267 2401 130 42 fidem.
1358 2401 104 42 quod
1423 2401 91 42 est
1475 2401 143 42 falsum:
1580 2401 78 42 et
1619 2401 130 42 contra
1710 2401 117 42 omnes
1788 2401 143 42 sanctos
1892 2401 78 42 et
1918 2401 52 42 do

1169 2436 131 47 ctos
1251 2436 99 47 de
1300 2436 230 47 hacmateria
1481 2436 230 47 loquentes.
1661 2436 148 47 Dices
1760 2436 115 47 has
1809 2436 164 47 obiectio

1174 2478 87 38 nes
1223 2478 87 38 non
1273 2478 149 38 vincere.
1385 2478 87 38 nam
1435 2478 112 38 prima
1509 2478 199 38 consequentia
1671 2478 87 38 est
1720 2478 124 38 nulla:
1807 2478 87 38 sed
1845 2478 124 38 inferen-

1171 2513 87 45 dum
1220 2513 100 45 est:
1283 2513 87 45 non
1333 2513 87 45 est
1383 2513 137 45 euidens
1483 2513 100 45 isti
1545 2513 87 45 per
1595 2513 125 45 fidem.
1683 2513 75 45 Ad
1720 2513 150 45 secundam
1833 2513 137 45 negabis
1920 2513 50 45 se

1166 2552 135 40 quaelam.
1267 2552 124 40 aliquae
1358 2552 102 40 autem
1425 2552 90 40 sunt
1482 2552 169 40 prositiones
1617 2552 113 40 quarum
1696 2552 135 40 assensus
1798 2552 147 40 euidentes
1899 2552 68 40 cau-

1170 2602 121 42 antur
1250 2602 81 42 ex
1291 2602 148 42 notitia
1398 2602 175 42 intuitiua
1533 2602 121 42 rerum
1614 2602 242 42 significatarum
1816 2602 94 42 per
1856 2602 108 42 extre-

1164 2631 95 50 ma.
1219 2631 81 50 de
1259 2631 162 50 qualibus
1381 2631 189 50 nullatenus
1530 2631 149 50 habetur
1638 2631 135 50 fides.
1733 2631 122 50 Secus
1814 2631 95 50 est
1868 2631 81 50 de
1895 2631 68 50 pro

1165 2669 217 48 positionibus
1342 2669 244 48 dubitabilibus:
1545 2669 122 48 sicut
1626 2669 95 48 est
1680 2669 176 48 conclusio
1816 2669 136 48 scita.
1897 2669 68 48 Co
