2412 3307
325 226 97 58 na:
381 226 83 58 et
422 226 111 58 quod
492 226 139 58 corpus
589 226 153 58 christi
701 226 195 58 continetur
854 226 97 58 sub
909 226 181 58 speciebus
1035 226 97 58 panis

322 266 82 48 et
363 266 123 48 vini:
446 266 110 48 quam
514 266 151 48 credere
623 266 110 48 quod
692 266 110 48 deus
760 266 110 48 est.
829 266 82 48 De
870 266 123 48 dicto
952 266 123 48 autem
1020 266 110 48 Gerso-

328 302 96 50 nis
383 302 96 50 non
438 302 96 50 est
493 302 178 50 curandum.
629 302 151 50 Negetur
739 302 110 50 ipse
807 302 96 50 cum
862 302 96 50 sua
917 302 205 50 assertione:
1068 302 68 50 cum

332 340 82 53 et
373 340 96 53 hic
428 340 110 53 sint
497 340 219 53 auctoritates
675 340 82 53 et
716 340 164 53 doctores
839 340 192 53 communitur
990 340 110 53 hanc
1045 340 82 53 par-

327 384 91 43 tem
379 384 78 43 et
418 384 233 43 rationabiliter
612 384 155 43 teneant.
729 384 78 43 Et
767 384 117 43 btuns
845 384 104 43 Tho.
910 384 104 43 quem
975 384 142 43 allegat
1065 384 65 43 pro

331 426 66 45 se
364 426 66 45 in
397 426 121 45 secunda
486 426 121 45 secunde
574 426 77 45 est
618 426 66 45 in
651 426 144 45 oppositum
762 426 110 45 contra
839 426 88 45 eum.
894 426 66 45 vt
927 426 99 45 patet
982 426 144 45 aduertenti-

327 452 76 54 ⁋
357 452 152 54 Tertio
464 452 198 54 arguitur.
616 452 137 54 Lumen
708 452 152 54 stelle
814 452 91 54 et
860 452 137 54 solis
951 452 122 54 sunt
1027 452 91 54 in
1058 452 76 54 ea-

331 492 105 50 dem
391 492 135 50 parte
481 492 150 50 medii:
586 492 90 50 et
631 492 225 50 constituunt
811 492 120 50 vnum
886 492 150 50 lumen:
991 492 120 50 ergo
1051 492 75 50 si-

329 527 107 49 mul
390 527 215 49 auctoritas
559 527 92 49 et
605 527 245 49 demonstratio
804 527 199 49 causabunt
957 527 123 49 vnum
1019 527 107 49 assen

326 573 138 42 sum.
412 573 86 42 ⁋
446 573 276 42 Respondetur.
671 573 121 42 hoc
740 573 241 42 argumentum
929 573 121 42 est
981 573 155 42 nullum:

320 603 109 57 nam
383 603 186 57 problema
522 603 109 57 est
584 603 93 57 in
631 603 248 57 philosophia:
833 603 93 57 an
880 603 186 57 quelibet
1004 603 124 57 stella

328 649 149 41 capiat
433 649 134 41 lumen
522 649 75 41 a
552 649 134 41 sole:
642 649 90 41 vt
687 649 179 41 probamus
821 649 90 41 de
866 649 120 41 luna
941 649 105 41 per
1001 649 105 41 sua
1045 649 90 41 cor-

336 677 100 49 nua
393 677 172 49 proiecta
522 677 86 49 in
564 677 186 49 oppositum
707 677 129 49 solis
793 677 71 49 /
822 677 86 49 et
865 677 186 49 eclypsim:
1008 677 100 49 sed
1051 677 71 49 il-

328 720 102 46 lo
379 720 187 46 admisso
515 720 136 46 quod
600 720 238 46 argumentum
786 720 255 46 imaginatur:
973 720 153 46 concedo

340 750 112 59 quod
410 750 112 59 illa
480 750 139 59 lumina
577 750 84 59 se
619 750 181 59 intendunt
758 750 84 59 et
800 750 112 59 sunt
870 750 195 59 qualitates
1009 750 126 59 eiusdem

337 793 151 47 peciei:
447 793 124 47 secus
530 793 96 47 est
585 793 83 47 de
626 793 110 47 fide
695 793 83 47 et
723 793 151 47 scientia.

334 823 80 56 ⁋
366 823 159 56 Quarto
477 823 207 56 arguitur.
637 823 159 56 Opinio
748 823 80 56 a
780 823 191 56 scientia
923 823 96 56 se
955 823 175 56 compatium

340 865 106 45 tur:
406 865 93 45 sed
459 865 132 45 opinio
551 865 93 45 est
604 865 198 45 tenebrosior
763 865 119 45 fide:
842 865 106 45 ergo
908 865 119 45 fides
988 865 79 45 et
1014 865 106 45 scien-

333 907 88 43 tia
384 907 76 43 se
422 907 214 43 compatiuntur.
598 907 201 43 consequentia
761 907 113 43 tenet
837 907 88 43 cum
887 907 138 43 minore:
988 907 76 43 et
1013 907 101 43 proba-

334 939 101 49 tur
391 939 144 49 maior:
492 939 115 49 quia
564 939 86 49 si
607 939 115 49 non:
679 939 101 49 hoc
737 939 144 49 maxime
838 939 130 49 esset
924 939 158 49 propter
1025 939 101 49 formi

334 977 128 52 dinem
419 977 157 52 annexam
534 977 186 52 opinioni.
676 977 100 52 sed
733 977 100 52 hoc
790 977 114 52 non:
862 977 114 52 quia
933 977 100 52 vel
990 977 114 52 illa
1047 977 86 52 for-

341 1017 113 45 nido
411 1017 225 45 distinguitur
595 1017 85 45 ab
637 1017 169 45 opinione
764 1017 70 45 /
792 1017 99 45 vel
848 1017 99 45 est
905 1017 113 45 ipsa
975 1017 155 45 opinio.
1074 1017 56 45 Si

335 1055 143 51 primum
435 1055 72 51 /
464 1055 129 51 sicut
550 1055 143 51 aliqui
650 1055 143 51 dicunt
750 1055 201 51 formidinem
908 1055 115 51 esse
965 1055 158 51 passionem

331 1092 229 47 intellectus
514 1092 229 47 naturaliter
698 1092 245 47 consequentem
897 1092 214 47 opinionem:
1050 1092 76 47 si-

335 1125 107 47 cut
396 1125 213 47 delectatio
563 1125 228 47 naturaliter
746 1125 228 47 consequitur
928 1125 137 47 actum
1004 1125 122 47 volun-

333 1171 152 42 tatis:
439 1171 121 42 deus
515 1171 152 42 potest
621 1171 197 42 destruere
772 1171 212 42 formidinem
939 1171 167 42 relicta
1045 1171 91 42 opi-

334 1205 140 41 nione:
432 1205 84 41 et
474 1205 98 41 sic
530 1205 168 41 assensus
657 1205 70 41 /
685 1205 140 41 opinio
783 1205 70 41 a
811 1205 168 41 scientia
923 1205 197 41 compatiuntur

339 1236 90 46 se
384 1236 90 46 in
429 1236 150 46 eodem.
534 1236 105 46 Sed
594 1236 135 46 dices
684 1236 105 46 hoc
745 1236 120 46 esse
820 1236 90 46 ex
865 1236 180 46 miraculo
985 1236 135 46 presup-

330 1276 147 46 posito.
436 1276 160 46 Arguitur
556 1276 133 46 aliter
649 1276 67 46 /
676 1276 107 46 siue
743 1276 147 46 dicatur
849 1276 107 46 quod
916 1276 147 46 formido
1009 1276 120 46 identi-

338 1308 151 53 ficetur
448 1308 165 53 opinioni
572 1308 110 53 siue
640 1308 96 53 sit
695 1308 137 53 passio
792 1308 165 53 sequens:
915 1308 110 53 vnum
970 1308 165 53 argumentum

339 1359 170 43 topicum
462 1359 201 43 corrumpit
617 1359 170 43 aliquid
741 1359 232 43 formidinis.
926 1359 186 43 Secundum
1050 1359 77 43 ar-

330 1384 178 51 gumentum
464 1384 164 51 topicum
583 1384 208 51 adducibile
746 1384 104 51 est
806 1384 134 51 tante
895 1384 193 51 efficacie
1029 1384 104 51 quan-

333 1420 88 52 te
377 1420 161 52 primum:
494 1420 117 52 ergo
567 1420 146 52 tantum
670 1420 205 52 corrumpit:
831 1420 88 52 et
874 1420 117 52 tota
948 1420 161 52 formido
1050 1420 73 52 non

330 1468 108 39 est
391 1468 201 39 infinita:
546 1468 124 39 ergo
624 1468 155 39 tandem
732 1468 232 39 corrumpetur
918 1468 124 39 tota
980 1468 155 39 formido.

334 1497 108 46 Non
395 1497 108 46 est
457 1497 186 46 dicendum
597 1497 124 46 quod
674 1497 186 46 secundum
813 1497 217 46 argumentum
968 1497 170 46 subduplum

334 1538 191 46 corrumpit
481 1538 88 46 ad
525 1538 161 46 primum:
643 1538 88 46 et
687 1538 161 46 tertium
804 1538 250 46 subquadruplum
1010 1538 88 46 ad
1039 1538 88 46 pri-

341 1578 105 39 mum:
406 1578 79 39 et
446 1578 92 39 sic
498 1578 105 39 sine
564 1578 118 39 statu
642 1578 183 39 geometrice
786 1578 79 39 et
826 1578 92 39 non
878 1578 223 39 arithimetice:
1048 1578 79 39 quia

339 1608 121 51 stat
414 1608 196 51 quodlibet
565 1608 121 51 esse
641 1608 166 51 equalis
762 1608 166 51 vigoris
882 1608 106 51 cum
943 1608 136 51 alio.
1018 1608 106 51 Forte

331 1653 141 38 dicis.
430 1653 141 38 opinio
529 1653 198 38 intendetur
684 1653 85 38 in
726 1653 113 38 illo
797 1653 127 38 casu:
882 1653 85 38 et
924 1653 155 38 formido
1023 1653 113 38 inten-

329 1684 139 49 detur:
426 1684 152 49 tenendo
537 1684 111 49 quod
606 1684 152 49 formido
717 1684 97 49 est
773 1684 152 49 opinio:
884 1684 83 49 et
925 1684 180 49 augebitur
1050 1684 83 49 opi-

334 1727 112 40 nio:
404 1727 84 40 et
446 1727 196 40 remittetur
599 1727 168 40 formido.
725 1727 126 40 Sicut
809 1727 84 40 in
851 1727 140 40 simili
948 1727 154 40 dicimus
1046 1727 84 40 quod

328 1757 192 48 similitudo
479 1757 164 48 augetur:
602 1757 82 48 et
643 1757 192 48 remittitur
794 1757 192 48 silitundo:
945 1757 178 48 intensior
1068 1757 55 48 es

340 1792 183 46 suspitio:
480 1792 84 46 et
523 1792 197 46 remittitur
677 1792 197 46 dubitatio.
832 1792 112 46 Item
902 1792 211 46 continentia
1057 1792 70 46 per

344 1831 80 45 se
384 1831 159 45 attenuat
503 1831 225 45 difficultatem
688 1831 80 45 in
728 1831 119 45 actu:
808 1831 80 45 et
848 1831 225 45 delectationem
1033 1831 80 45 in
1060 1831 66 45 pra

338 1871 88 45 ius
389 1871 250 45 concupiscentiis.
601 1871 75 45 et
639 1871 113 45 tamen
714 1871 88 45 cum
764 1871 138 45 augetur
864 1871 188 45 continentia
1014 1871 63 45 /
1039 1871 88 45 non
1076 1871 63 45 au-

331 1905 140 50 getur
425 1905 233 50 difficultas
611 1905 93 50 in
658 1905 140 50 actu.
751 1905 140 50 Istas
844 1905 124 50 duas
906 1905 233 50 similitudines

342 1947 103 45 dat
401 1947 148 45 quidam
505 1947 162 45 doctor:
623 1947 103 45 sed
682 1947 118 45 quia
755 1947 133 45 videt
844 1947 133 45 illud
932 1947 192 45 argumento
1065 1947 74 45 non

335 1981 188 48 sufficere
479 1981 101 48 per
537 1981 231 48 corruptionem
725 1981 202 48 formidinis
884 1981 145 48 dicit:
985 1981 87 48 si
1014 1981 116 48 tolla-

344 2026 100 40 tur
401 2026 157 40 formido
515 2026 71 40 /
544 2026 186 40 similiter
687 2026 86 40 et
730 2026 143 40 opinio
830 2026 200 40 auferetur.
973 2026 157 40 Similiter

339 2057 107 43 cum
400 2057 214 43 excluditur
568 2057 229 43 difficultas
751 2057 76 43 a
782 2057 244 43 continentia:
965 2057 168 43 remouetur

339 2094 121 47 ipsa
414 2094 241 47 continentia:
610 2094 90 47 et
656 2094 196 47 inducitur
806 2094 241 47 temperantia.
987 2094 136 47 Secundo

339 2130 112 44 dicit
413 2130 100 44 quod
476 2130 162 44 quaelibet
600 2130 112 44 ratio
675 2130 174 44 probabilis
812 2130 137 44 aliquid
912 2130 174 44 formidinis
1036 2130 100 44 affert

343 2173 145 37 secum.
445 2173 102 37 has
503 2173 203 37 solutiones
663 2173 203 37 insequitur
822 2173 145 37 quidam
924 2173 131 37 alius
996 2173 131 37 doctor.

340 2205 96 47 sed
395 2205 123 47 nulla
477 2205 123 47 earum
559 2205 192 47 satisfacit
710 2205 192 47 argumento.
861 2205 123 47 eadem
943 2205 137 47 namque
1025 2205 96 47 diffi

329 2246 144 43 cultas
429 2246 187 43 imbibitur
573 2246 86 43 in
616 2246 201 43 instantiis
774 2246 115 43 quas
846 2246 187 43 enituntur
989 2246 129 43 dare:
1061 2246 72 43 si-

344 2276 93 46 cut
397 2276 79 46 in
436 2276 79 46 re
476 2276 79 46 de
516 2276 93 46 qua
569 2276 145 46 agitur.
674 2276 145 46 questio
780 2276 132 46 igiter
873 2276 145 46 remanet
979 2276 145 46 sublata
1071 2276 53 46 to

334 2320 88 39 ta
378 2320 234 39 difficultate
568 2320 88 39 in
612 2320 234 39 continentia:
802 2320 117 39 quis
875 2320 161 39 habitus
978 2320 146 39 remaneat

345 2353 105 43 Stat
411 2353 105 43 quod
476 2353 118 43 actus
555 2353 144 43 eiusdem
660 2353 144 43 speciei
765 2353 223 43 specialissime
949 2353 184 43 entitatiue
1080 2353 53 43 se

334 2399 150 40 quantur
443 2399 109 40 post
512 2399 218 40 corruptionem
689 2399 245 40 difficultatis:
894 2399 82 40 et
934 2399 109 40 tunc
1003 2399 109 40 erit
1057 2399 82 40 tem-

347 2429 171 42 perantia
475 2429 142 42 gradus
575 2429 157 42 eiusdem
689 2429 157 42 speciei
802 2429 100 42 cum
859 2429 214 42 continentia
1016 2429 114 42 gradu.

346 2462 183 49 Similiter
486 2462 155 49 auferat
599 2462 155 49 octauum
711 2462 197 49 argumentum
866 2462 155 49 topicum
978 2462 126 49 totam
1049 2462 84 49 for-

335 2504 166 44 midinem:
460 2504 83 44 et
501 2504 111 44 tunc
570 2504 124 44 nouum
653 2504 194 44 argumentum
805 2504 152 44 topicum
916 2504 166 44 producit
1026 2504 97 44 assen

344 2538 94 46 sum
397 2538 94 46 non
451 2538 216 46 fomidolosum:
627 2538 94 46 qui
681 2538 108 46 erit
748 2538 148 46 eiusdem
856 2538 148 46 speciei
951 2538 175 46 specialissi

341 2583 81 38 me
382 2583 95 38 cum
436 2583 176 38 opinione.
571 2583 95 38 Non
626 2583 108 38 stes
693 2583 81 38 in
734 2583 108 38 illo
801 2583 108 38 quod
869 2583 176 38 argumenta
991 2583 135 38 diuersa-

341 2614 90 45 rum
393 2614 154 45 rationum
508 2614 90 45 non
560 2614 167 45 intendunt
689 2614 180 45 opinionem:
830 2614 90 45 nam
882 2614 167 45 adducatur
1010 2614 103 45 idem
1062 2614 64 45 ar-

344 2651 161 53 gumentum
464 2651 148 53 topicum
572 2651 94 53 cum
625 2651 188 53 intensione
773 2651 215 53 premissarum:
947 2651 134 53 tandem
1028 2651 107 53 formi

1180 215 87 57 do
1224 215 116 57 tota
1297 215 218 57 extinguetur
1472 215 87 57 Et
1515 215 175 57 queritur
1646 215 116 57 quem
1719 215 175 57 assensum
1835 215 146 57 producet

1180 261 134 47 nouum
1270 261 224 47 argumentum.
1448 261 104 47 hic
1508 261 134 47 nulla
1598 261 104 47 est
1657 261 119 47 fuga
1732 261 119 47 nisi
1806 261 104 47 vna
1866 261 119 47 quam
1925 261 75 47 te-

1190 295 96 54 net
1245 295 137 54 quidam
1341 295 137 54 doctor
1437 295 82 54 in
1478 295 96 54 sua
1533 295 219 54 metaphysica:
1711 295 110 54 quod
1779 295 137 54 opinio
1875 295 69 54 a
1889 295 96 54 scien

1184 336 92 47 tia
1237 336 105 47 sunt
1302 336 145 47 eiusdem
1408 336 158 47 speciei:
1527 336 79 47 at
1566 336 158 47 assensus
1685 336 158 47 remissus
1804 336 92 47 est
1856 336 132 47 opinio
1935 336 40 47 /

1192 371 103 47 tum
1251 371 132 47 magna
1339 371 117 47 vero
1412 371 205 47 intensione
1574 371 176 47 graduali
1705 371 103 47 est
1764 371 191 47 scientia.
1911 371 73 47 ⁋
1925 371 59 47 Ex

1173 412 131 42 istis
1261 412 88 42 he
1305 412 233 42 conclusiones
1494 412 146 42 absone
1597 412 204 42 sequuntur.
1757 412 175 42 Scientia
1874 412 102 42 copo-

1184 444 146 50 nitur
1281 444 97 50 ex
1330 444 259 50 opinionibus.
1540 444 211 50 argumenta
1702 444 162 50 topica
1800 444 178 50 producunt

1173 483 208 45 scientiam.
1336 483 163 45 Notitia
1455 483 163 45 euidens
1574 483 208 45 producitur
1737 483 89 45 ab
1782 483 163 45 assensu
1886 483 89 45 ine-

1187 520 158 46 uidenti.
1306 520 172 46 Similiter
1438 520 106 46 alia
1504 520 145 46 solutio
1609 520 92 46 non
1662 520 132 46 valet:
1755 520 106 46 quia
1821 520 119 46 licet
1887 520 92 46 quod-

1180 560 153 41 libet
1282 560 238 41 argumentum
1469 560 187 41 adducit
1604 560 238 41 formidinem
1791 560 187 41 annexam
1910 560 68 41 et

1178 595 141 44 nouam:
1277 595 127 44 tamen
1361 595 113 44 tota
1432 595 155 44 formido
1544 595 183 44 precedens
1685 595 211 44 corrumpetur
1854 595 99 44 per
1896 595 85 44 mul-

1181 633 240 44 tiplicationem
1378 633 240 44 argumentorum:
1576 633 85 44 et
1618 633 99 44 ita
1675 633 155 44 dabitur
1788 633 155 44 aliquis
1886 633 99 44 assen

1179 666 103 49 sus
1238 666 132 49 omnis
1326 666 205 49 formidinis
1487 666 161 49 expers:
1604 666 88 49 et
1648 666 103 49 sic
1707 666 88 49 de
1751 666 176 49 opinione
1868 666 117 49 genita

1173 717 103 40 per
1232 717 177 40 postrema
1365 717 206 40 argumenta:
1527 717 206 40 posteriora
1689 717 88 40 ei
1733 717 192 40 argumenta
1866 717 118 40 semper

1182 755 216 35 corrumpunt
1351 755 170 35 priorem
1475 755 231 35 formidinem:
1660 755 108 35 nam
1722 755 123 35 post
1783 755 201 35 multiplica-

1184 780 93 47 tio
1237 780 93 47 est
1290 780 212 47 argumentorum
1462 780 212 47 (experientia
1634 780 133 47 teste)
1727 780 119 47 minus
1807 780 199 47 formidamus:

1183 815 140 46 saltem
1281 815 168 46 infinita
1406 815 168 46 argumeta
1532 815 126 46 omnem
1616 815 182 46 opinionem
1756 815 168 46 tollent.
1867 815 112 46 Dices.

1188 856 167 45 nfinita
1309 856 197 45 argumenta
1461 856 152 45 topica
1567 856 182 45 generant
1703 856 197 45 scientis:
1855 856 106 45 sed
1900 856 76 45 non

1178 889 165 46 finita.
1298 889 226 46 quemadmodum
1479 889 180 46 infinita
1614 889 180 46 grauitas
1749 889 135 46 facit
1840 889 120 46 vnum
1900 889 75 46 cor

1179 928 104 50 pus
1238 928 207 50 descendere
1401 928 89 50 in
1445 928 178 50 instanti
1579 928 104 50 per
1638 928 163 50 plenum:
1756 928 104 50 vbi
1815 928 148 50 finita
1904 928 74 50 non

1195 973 149 43 otest:
1299 973 253 43 quantumcunque
1508 973 179 43 tollatur
1642 973 89 43 de
1687 973 238 43 resistentia.
1866 973 119 43 Contra

1181 1009 111 39 hoc
1244 1009 158 39 insto.
1355 1009 127 39 tunc
1434 1009 206 39 argumenta
1593 1009 158 39 topica
1703 1009 237 39 producerent
1877 1009 111 39 assen

1179 1044 104 41 sum
1239 1044 209 41 euidentem:
1403 1044 90 41 et
1448 1044 104 41 sic
1507 1044 119 41 alia
1582 1044 179 41 infinita
1716 1044 224 41 producerent
1881 1044 104 41 noti-

1189 1081 116 43 tiam
1261 1081 116 43 adeo
1333 1081 145 43 claram
1435 1081 87 43 vt
1478 1081 130 43 primi
1565 1081 203 43 principii:
1724 1081 116 43 quod
1797 1081 101 43 est
1840 1081 145 43 absonum.

1190 1115 72 49 ⁋
1218 1115 143 49 Satius
1319 1115 158 49 videtur
1433 1115 115 49 esse
1505 1115 172 49 dicendum
1634 1115 115 49 quod
1706 1115 143 49 opinio
1806 1115 100 49 non
1863 1115 115 49 stat
1921 1115 57 49 in

1180 1154 126 49 eodem
1264 1154 210 49 intellectum
1432 1154 168 49 respectu
1558 1154 154 49 eiusdem
1671 1154 154 49 obiecti
1783 1154 182 49 propinqui
1909 1154 70 49 cum

1181 1189 179 45 scientia:
1319 1189 179 45 propterea
1456 1189 110 45 quia
1525 1189 96 45 est
1580 1189 165 45 assensus
1704 1189 165 45 meuides:
1828 1189 83 45 et
1869 1189 96 45 est
1910 1189 69 45 cum

1183 1222 206 54 formidine.
1345 1222 88 54 i.
1389 1222 147 54 potest
1492 1222 132 54 tolli
1581 1222 103 54 per
1640 1222 177 54 rationem
1772 1222 88 54 in
1801 1222 177 54 oppositum:

1179 1277 131 36 etiam
1267 1277 146 36 stante
1369 1277 131 36 causa
1457 1277 204 36 productiua
1617 1277 131 36 eius:
1705 1277 88 36 et
1749 1277 102 36 hoc
1807 1277 102 36 est
1851 1277 131 36 opinio-

1182 1301 110 48 nem
1245 1301 126 48 esse
1324 1301 110 48 cum
1387 1301 205 48 formidine
1544 1301 94 48 de
1591 1301 205 48 opposito.
1749 1301 173 48 Possunt
1859 1301 110 48 autem

1182 1341 104 48 esse
1247 1341 156 48 rationes
1364 1341 182 48 productiue
1507 1341 156 48 assensus
1625 1341 169 48 oppositi:
1755 1341 104 48 quod
1820 1341 91 48 non
1859 1341 117 48 contin-

1192 1378 87 50 git
1241 1378 75 50 de
1279 1378 137 50 assensu
1378 1378 162 50 euidenti:
1503 1378 100 50 quia
1565 1378 112 50 nulla
1640 1378 75 50 ro
1677 1378 124 50 potest
1764 1378 174 50 corrumpere
1888 1378 100 50 assen-

1194 1421 79 36 um
1233 1421 185 36 euidentem.
1378 1421 92 36 Sic
1431 1421 79 36 de
1471 1421 119 36 fide:
1550 1421 92 36 nam
1603 1421 132 36 stante
1695 1421 105 36 actu
1761 1421 185 36 voluntatis
1906 1421 79 36 et
1932 1421 53 36 mo

1183 1448 93 48 tiuo
1241 1448 93 48 quae
1299 1448 150 48 producunt
1415 1448 104 48 fidem
1484 1448 58 48 /
1507 1448 127 48 motiuum
1600 1448 116 48 nullum
1681 1448 104 48 praet
1751 1448 104 48 illam
1820 1448 104 48 fidem
1878 1448 104 48 enerua-

1193 1484 75 52 re:
1236 1484 86 52 quod
1290 1484 108 52 patet:
1365 1484 86 52 quia
1419 1484 86 52 tunc
1473 1484 118 52 aliquis
1559 1484 140 52 cogeretur
1667 1484 86 52 esse
1721 1484 151 52 infidelis:
1839 1484 86 52 quod
1893 1484 75 52 non
1925 1484 54 52 est

1192 1520 163 48 dicendu.
1314 1520 95 48 Sed
1369 1520 108 48 actu
1437 1520 149 48 volendi
1545 1520 176 48 destructo
1681 1520 108 48 homo
1748 1520 136 48 potest
1830 1520 149 48 assentire

1187 1559 170 52 opposito.
1318 1559 79 52 vt
1357 1559 118 52 patet
1436 1559 79 52 in
1475 1559 183 52 hereticis.
1619 1559 131 52 Opinio
1710 1559 105 52 ergo
1776 1559 92 52 est
1828 1559 92 52 cum
1867 1559 118 52 formidi

1183 1600 75 47 ne
1220 1600 75 47 de
1257 1600 162 47 opposito.
1381 1600 75 47 i.
1419 1600 112 47 ratio
1493 1600 75 47 in
1531 1600 162 47 oppositum
1655 1600 124 47 potest
1742 1600 137 47 tollere
1829 1600 149 47 opinionem:

1185 1633 96 50 quod
1245 1633 120 50 crebro
1329 1633 120 50 facit.
1413 1633 72 50 Et
1449 1633 96 50 tunc
1509 1633 120 50 quando
1594 1633 168 50 arguebatur
1726 1633 60 50 a
1750 1633 168 50 principio:
1882 1633 72 50 si
1906 1633 72 50 opi-

1192 1678 86 39 nio
1241 1678 61 39 e
1265 1678 110 39 fides
1339 1678 86 39 non
1388 1678 147 39 praesent
1498 1678 73 39 se
1534 1678 147 39 compati:
1645 1678 86 39 hoc
1694 1678 122 39 maxime
1779 1678 86 39 est
1828 1678 98 39 quia
1877 1678 98 39 opinio

1188 1708 119 48 habet
1267 1708 158 48 annnexam
1386 1708 198 48 formidinem:
1544 1708 185 48 conceditur
1689 1708 79 48 ad
1728 1708 132 48 sensum
1821 1708 132 48 datum.
1913 1708 92 48 sed

1193 1744 103 50 illa
1257 1744 141 50 formido
1360 1744 128 50 potest
1450 1744 128 50 tolli.
1540 1744 90 50 hoc
1591 1744 116 50 autem
1668 1744 90 50 est
1719 1744 116 50 verum
1796 1744 77 50 de
1822 1744 154 50 actualibus

1189 1788 168 44 rationibus
1321 1788 72 44 in
1357 1788 168 44 oppositum:
1489 1788 120 44 semper
1573 1788 96 44 enim
1634 1788 96 44 dari
1694 1788 144 44 praesent
1802 1788 120 44 motiua
1886 1788 72 44 in
1910 1788 72 44 oppo

1185 1817 125 56 situm.
1272 1817 75 56 et
1309 1817 75 56 ex
1347 1817 175 56 debilitate
1484 1817 150 56 assensus
1597 1817 100 56 quae
1659 1817 87 56 est
1709 1817 125 56 opinio
1797 1817 62 56 /
1822 1817 137 56 opinans
1909 1817 75 56 fre-

1197 1866 125 40 uenter
1285 1866 113 40 putat
1361 1866 151 40 rationes
1474 1866 113 40 posse
1549 1866 100 40 dari
1612 1866 75 40 in
1649 1866 176 40 oppositum.
1787 1866 151 40 Interdum
1888 1866 100 40 siqui-

1194 1900 87 39 dem
1243 1900 124 39 adhesi
1330 1900 161 39 aliquibus
1453 1900 223 39 conclusionibus
1639 1900 136 39 iudicio
1738 1900 136 39 topico:
1837 1900 74 39 et
1874 1900 74 39 ob
1898 1900 87 39 alias

1200 1937 197 40 upuenientes
1358 1937 158 40 rationes
1476 1937 132 40 adhesi
1568 1937 171 40 opposito:
1700 1937 79 40 et
1739 1937 92 40 ita
1792 1937 79 40 in
1831 1937 118 40 aliis
1897 1937 79 40 con-

1187 1968 143 46 tingit.
1291 1968 104 46 tunc
1356 1968 130 46 quando
1447 1968 117 46 habeo
1525 1968 156 46 assensum
1642 1968 143 46 topicum
1746 1968 78 46 de
1785 1968 78 46 a.
1811 1968 169 46 conclusione

1185 2012 72 45 si
1221 2012 157 45 adducatur
1342 2012 109 45 ratio
1414 2012 133 45 eiusdem
1511 2012 145 45 rationis
1620 2012 85 45 cum
1668 2012 97 45 illa
1728 2012 60 45 /
1753 2012 133 45 generat
1837 2012 145 45 opinionem:

1193 2049 78 47 et
1232 2049 78 47 si
1271 2049 131 47 fuerit
1363 2049 144 47 maioris
1467 2049 196 47 actiuitatis
1624 2049 104 47 quam
1689 2049 196 47 praecedens:
1832 2049 144 47 opinionem

1196 2086 96 47 uam
1251 2086 151 47 inuenit
1361 2086 123 47 auget
1443 2086 219 47 gradualitur.
1621 2086 82 47 De
1663 2086 206 47 diminutione
1827 2086 123 47 autem
1896 2086 82 47 for-

1187 2115 152 50 midinis
1298 2115 125 50 nihil
1381 2115 83 50 ad
1422 2115 208 50 propositum:
1589 2115 180 50 argumenta
1727 2115 138 50 namque
1824 2115 138 50 topica
1907 2115 69 50 non

1182 2155 151 52 proprie
1292 2155 178 52 diminuunt
1429 2155 206 52 formidinem:
1594 2155 96 52 sed
1649 2155 137 52 augent
1745 2155 178 52 assensum.
1882 2155 82 52 et
1909 2155 69 52 da-

1181 2188 77 55 to
1220 2188 103 55 quod
1284 2188 154 55 assensus
1399 2188 128 55 fuerit
1489 2188 167 55 infinitus
1617 2188 205 55 gradualiter:
1784 2188 128 55 semper
1873 2188 90 55 est
1912 2188 64 55 te-

1193 2226 155 53 nebrosus
1309 2226 103 53 quem
1374 2226 155 53 scientia
1490 2226 90 53 non
1542 2226 194 53 compatitur.
1697 2226 90 53 Qui
1749 2226 78 53 vo
1787 2226 155 53 opinatur
1904 2226 65 53 /
1916 2226 65 53 non

1185 2267 161 51 assentit
1305 2267 147 51 quoquam
1412 2267 121 51 pacto
1493 2267 94 51 suo
1546 2267 174 51 opposito:
1680 2267 107 51 quia
1747 2267 107 51 tunc
1814 2267 134 51 haeret
1895 2267 80 51 iudi

1190 2300 75 50 cia
1233 2300 138 50 contraria
1339 2300 64 50 in
1371 2300 160 50 intellectu.
1499 2300 75 50 Nec
1542 2300 128 50 assentit
1637 2300 85 50 quod
1691 2300 85 50 prit
1744 2300 75 50 ita
1786 2300 85 50 esse
1840 2300 96 50 sicut
1893 2300 85 50 signi-

1183 2338 116 57 ficatur
1268 2338 74 57 per
1310 2338 148 57 oppositum:
1426 2338 84 57 quia
1479 2338 84 57 stat
1532 2338 127 57 obiectum
1627 2338 137 57 opinionis
1732 2338 84 57 esse
1785 2338 179 57 propositionem
1922 2338 53 57 ne-

1189 2383 197 46 cessariam.
1344 2383 127 46 Nihil
1428 2383 85 46 ei
1471 2383 155 46 iudicat
1583 2383 85 46 de
1626 2383 183 46 opposito:
1767 2383 99 46 nec
1823 2383 155 46 dubitat
1922 2383 56 46 de

1188 2412 166 56 opposito.
1316 2412 153 56 dubitato
1431 2412 115 56 autem
1508 2412 90 56 vno
1559 2412 230 56 condictoriorum
1751 2412 166 56 dubitatur
1879 2412 77 56 et
1904 2412 77 56 reli

1193 2448 99 54 quum
1255 2448 62 54 /
1279 2448 74 54 ex
1317 2448 186 54 reflexiuas.
1465 2448 74 54 vt
1503 2448 124 54 liquat
1590 2448 87 54 per
1639 2448 99 54 vnam
1701 2448 136 54 regulam
1788 2448 186 54 obligationum.

1198 2484 71 58 ⁋
1226 2484 141 58 Quinto
1325 2484 184 58 arguitur.
1466 2484 198 58 qualitates
1622 2484 184 58 contrarie
1763 2484 155 58 possunt
1876 2484 85 58 se
1904 2484 71 58 con

1195 2524 111 46 bati
1265 2524 83 46 in
1306 2524 167 46 gradibus
1432 2524 181 46 remissis:
1571 2524 83 46 vt
1612 2524 125 46 patet
1696 2524 83 46 in
1738 2524 223 46 qualitatibus
1905 2524 83 46 cor-

1199 2566 185 41 oralibus.
1341 2566 114 41 ergo
1412 2566 71 41 a
1441 2566 228 41 spirituales:
1626 2566 128 41 tenet
1711 2566 242 41 consequentia:
1897 2566 85 41 quia

1192 2595 102 59 non
1251 2595 131 59 minus
1338 2595 189 59 repugnant
1483 2595 203 59 qualitates
1642 2595 218 59 spirituales
1816 2595 116 59 quam
1874 2595 102 59 quali

1185 2642 131 58 tates
1273 2642 189 58 corporee.
1418 2642 73 58 ⁋
1447 2642 174 58 Preterea
1577 2642 87 58 si
1621 2642 116 58 idem
1694 2642 160 58 ponatur
1810 2642 87 58 in
1839 2642 145 58 diuersis
