<?xml version="1.0" encoding="UTF-8"?>
<alto xmlns:xsi="http://www.w3.org/2001/XMLSchema-instance"
      xmlns="http://www.loc.gov/standards/alto/ns-v2#"
      xmlns:page="http://schema.primaresearch.org/PAGE/gts/pagecontent/2013-07-15"
      xsi:schemaLocation="http://www.loc.gov/standards/alto/ns-v2# http://www.loc.gov/standards/alto/alto.xsd">
   <Description>
      <MeasurementUnit>pixel</MeasurementUnit>
      <OCRProcessing ID="IdOcr">
         <ocrProcessingStep>
            <processingDateTime>2020-07-28T08:34:54.476-04:00</processingDateTime>
            <processingSoftware>
               <softwareCreator>READ COOP</softwareCreator>
               <softwareName>Transkribus</softwareName>
            </processingSoftware>
         </ocrProcessingStep>
      </OCRProcessing>
   </Description>
   <Tags/>
   <Layout>
      <Page ID="Page1" PHYSICAL_IMG_NR="1" HEIGHT="3313" WIDTH="2384">
         <TopMargin HEIGHT="0" WIDTH="2384" VPOS="0" HPOS="0"/>
         <LeftMargin HEIGHT="3313" WIDTH="0" VPOS="0" HPOS="0"/>
         <RightMargin HEIGHT="3313" WIDTH="0" VPOS="0" HPOS="2384"/>
         <BottomMargin HEIGHT="0" WIDTH="2384" VPOS="3313" HPOS="0"/>
         <PrintSpace HEIGHT="3313" WIDTH="2384" VPOS="0" HPOS="0">
            <TextBlock ID="TextRegion_1595115480490_537"
                       HEIGHT="2514"
                       WIDTH="826"
                       VPOS="186"
                       HPOS="425">
               <Shape>
                  <Polygon POINTS="425,186 1251,186 1251,2700 425,2700"/>
               </Shape>
               <TextLine ID="r1l2"
                         BASELINE="270"
                         HEIGHT="56"
                         WIDTH="800"
                         VPOS="214"
                         HPOS="423">
                  <String HEIGHT="56"
                          WIDTH="151"
                          VPOS="214"
                          HPOS="408"
                          CONTENT="locis:"/>
                  <SP HEIGHT="56" WIDTH="15" VPOS="214" HPOS="559"/>
                  <String HEIGHT="56" WIDTH="91" VPOS="214" HPOS="514" CONTENT="in"/>
                  <SP HEIGHT="56" WIDTH="15" VPOS="214" HPOS="604"/>
                  <String HEIGHT="56" WIDTH="106" VPOS="214" HPOS="559" CONTENT="vno"/>
                  <SP HEIGHT="56" WIDTH="15" VPOS="214" HPOS="665"/>
                  <String HEIGHT="56"
                          WIDTH="121"
                          VPOS="214"
                          HPOS="619"
                          CONTENT="loco"/>
                  <SP HEIGHT="56" WIDTH="15" VPOS="214" HPOS="740"/>
                  <String HEIGHT="56"
                          WIDTH="151"
                          VPOS="214"
                          HPOS="695"
                          CONTENT="habeat"/>
                  <SP HEIGHT="56" WIDTH="15" VPOS="214" HPOS="846"/>
                  <String HEIGHT="56"
                          WIDTH="181"
                          VPOS="214"
                          HPOS="800"
                          CONTENT="notitiam"/>
                  <SP HEIGHT="56" WIDTH="15" VPOS="214" HPOS="981"/>
                  <String HEIGHT="56"
                          WIDTH="211"
                          VPOS="214"
                          HPOS="936"
                          CONTENT="intuitiuam"/>
                  <SP HEIGHT="56" WIDTH="15" VPOS="214" HPOS="1148"/>
                  <String HEIGHT="56"
                          WIDTH="136"
                          VPOS="214"
                          HPOS="1087"
                          CONTENT="claram:"/>
               </TextLine>
               <TextLine ID="r1l4"
                         BASELINE="309"
                         HEIGHT="39"
                         WIDTH="775"
                         VPOS="270"
                         HPOS="435">
                  <String HEIGHT="39" WIDTH="85" VPOS="270" HPOS="421" CONTENT="et"/>
                  <SP HEIGHT="39" WIDTH="14" VPOS="270" HPOS="505"/>
                  <String HEIGHT="39" WIDTH="85" VPOS="270" HPOS="463" CONTENT="in"/>
                  <SP HEIGHT="39" WIDTH="14" VPOS="270" HPOS="548"/>
                  <String HEIGHT="39"
                          WIDTH="113"
                          VPOS="270"
                          HPOS="505"
                          CONTENT="alio"/>
                  <SP HEIGHT="39" WIDTH="14" VPOS="270" HPOS="618"/>
                  <String HEIGHT="39"
                          WIDTH="113"
                          VPOS="270"
                          HPOS="576"
                          CONTENT="loco"/>
                  <SP HEIGHT="39" WIDTH="14" VPOS="270" HPOS="689"/>
                  <String HEIGHT="39"
                          WIDTH="183"
                          VPOS="270"
                          HPOS="646"
                          CONTENT="obscuram:"/>
                  <SP HEIGHT="39" WIDTH="14" VPOS="270" HPOS="830"/>
                  <String HEIGHT="39" WIDTH="99" VPOS="270" HPOS="787" CONTENT="iam"/>
                  <SP HEIGHT="39" WIDTH="14" VPOS="270" HPOS="886"/>
                  <String HEIGHT="39"
                          WIDTH="127"
                          VPOS="270"
                          HPOS="844"
                          CONTENT="simul"/>
                  <SP HEIGHT="39" WIDTH="14" VPOS="270" HPOS="970"/>
                  <String HEIGHT="39"
                          WIDTH="155"
                          VPOS="270"
                          HPOS="928"
                          CONTENT="habebit"/>
                  <SP HEIGHT="39" WIDTH="14" VPOS="270" HPOS="1083"/>
                  <String HEIGHT="39"
                          WIDTH="155"
                          VPOS="270"
                          HPOS="1041"
                          CONTENT="iudicia"/>
                  <SP HEIGHT="39" WIDTH="14" VPOS="270" HPOS="1196"/>
                  <String HEIGHT="39" WIDTH="70" VPOS="270" HPOS="1140" CONTENT="con"/>
               </TextLine>
               <TextLine ID="r1l6"
                         BASELINE="355"
                         HEIGHT="51"
                         WIDTH="784"
                         VPOS="304"
                         HPOS="432">
                  <String HEIGHT="51"
                          WIDTH="140"
                          VPOS="304"
                          HPOS="418"
                          CONTENT="traria"/>
                  <SP HEIGHT="51" WIDTH="14" VPOS="304" HPOS="558"/>
                  <String HEIGHT="51" WIDTH="70" VPOS="304" HPOS="516" CONTENT="/"/>
                  <SP HEIGHT="51" WIDTH="14" VPOS="304" HPOS="586"/>
                  <String HEIGHT="51"
                          WIDTH="182"
                          VPOS="304"
                          HPOS="544"
                          CONTENT="iudicando"/>
                  <SP HEIGHT="51" WIDTH="14" VPOS="304" HPOS="726"/>
                  <String HEIGHT="51" WIDTH="98" VPOS="304" HPOS="684" CONTENT="hoc"/>
                  <SP HEIGHT="51" WIDTH="14" VPOS="304" HPOS="782"/>
                  <String HEIGHT="51"
                          WIDTH="112"
                          VPOS="304"
                          HPOS="740"
                          CONTENT="esse"/>
                  <SP HEIGHT="51" WIDTH="14" VPOS="304" HPOS="852"/>
                  <String HEIGHT="51"
                          WIDTH="140"
                          VPOS="304"
                          HPOS="810"
                          CONTENT="sortem"/>
                  <SP HEIGHT="51" WIDTH="14" VPOS="304" HPOS="950"/>
                  <String HEIGHT="51" WIDTH="84" VPOS="304" HPOS="908" CONTENT="in"/>
                  <SP HEIGHT="51" WIDTH="14" VPOS="304" HPOS="992"/>
                  <String HEIGHT="51"
                          WIDTH="112"
                          VPOS="304"
                          HPOS="950"
                          CONTENT="loco"/>
                  <SP HEIGHT="51" WIDTH="14" VPOS="304" HPOS="1062"/>
                  <String HEIGHT="51"
                          WIDTH="140"
                          VPOS="304"
                          HPOS="1020"
                          CONTENT="claro:"/>
                  <SP HEIGHT="51" WIDTH="14" VPOS="304" HPOS="1160"/>
                  <String HEIGHT="51" WIDTH="84" VPOS="304" HPOS="1118" CONTENT="et"/>
                  <SP HEIGHT="51" WIDTH="14" VPOS="304" HPOS="1202"/>
                  <String HEIGHT="51" WIDTH="70" VPOS="304" HPOS="1146" CONTENT="hoc"/>
               </TextLine>
               <TextLine ID="r1l8"
                         BASELINE="392"
                         HEIGHT="43"
                         WIDTH="774"
                         VPOS="349"
                         HPOS="436">
                  <String HEIGHT="43" WIDTH="106" VPOS="349" HPOS="421" CONTENT="non"/>
                  <SP HEIGHT="43" WIDTH="15" VPOS="349" HPOS="527"/>
                  <String HEIGHT="43"
                          WIDTH="121"
                          VPOS="349"
                          HPOS="482"
                          CONTENT="esse"/>
                  <SP HEIGHT="43" WIDTH="15" VPOS="349" HPOS="603"/>
                  <String HEIGHT="43"
                          WIDTH="152"
                          VPOS="349"
                          HPOS="557"
                          CONTENT="sortem"/>
                  <SP HEIGHT="43" WIDTH="15" VPOS="349" HPOS="709"/>
                  <String HEIGHT="43" WIDTH="91" VPOS="349" HPOS="664" CONTENT="in"/>
                  <SP HEIGHT="43" WIDTH="15" VPOS="349" HPOS="755"/>
                  <String HEIGHT="43"
                          WIDTH="121"
                          VPOS="349"
                          HPOS="709"
                          CONTENT="loco"/>
                  <SP HEIGHT="43" WIDTH="15" VPOS="349" HPOS="831"/>
                  <String HEIGHT="43"
                          WIDTH="167"
                          VPOS="349"
                          HPOS="785"
                          CONTENT="obscuro"/>
                  <SP HEIGHT="43" WIDTH="15" VPOS="349" HPOS="952"/>
                  <String HEIGHT="43"
                          WIDTH="167"
                          VPOS="349"
                          HPOS="906"
                          CONTENT="propter"/>
                  <SP HEIGHT="43" WIDTH="15" VPOS="349" HPOS="1073"/>
                  <String HEIGHT="43"
                          WIDTH="152"
                          VPOS="349"
                          HPOS="1028"
                          CONTENT="vestes"/>
                  <SP HEIGHT="43" WIDTH="15" VPOS="349" HPOS="1180"/>
                  <String HEIGHT="43"
                          WIDTH="91"
                          VPOS="349"
                          HPOS="1119"
                          CONTENT="pla"
                          SUBS_TYPE="HypPart1"
                          SUBS_CONTENT="platonis:"/>
                  <HYP CONTENT="-"/>
               </TextLine>
               <TextLine ID="r1l10"
                         BASELINE="427"
                         HEIGHT="48"
                         WIDTH="791"
                         VPOS="379"
                         HPOS="420">
                  <String HEIGHT="48"
                          WIDTH="141"
                          VPOS="379"
                          HPOS="406"
                          CONTENT="tonis:"
                          SUBS_TYPE="HypPart2"
                          SUBS_CONTENT="platonis:"/>
                  <SP HEIGHT="48" WIDTH="14" VPOS="379" HPOS="547"/>
                  <String HEIGHT="48" WIDTH="99" VPOS="379" HPOS="505" CONTENT="vel"/>
                  <SP HEIGHT="48" WIDTH="14" VPOS="379" HPOS="604"/>
                  <String HEIGHT="48"
                          WIDTH="141"
                          VPOS="379"
                          HPOS="561"
                          CONTENT="pelles"/>
                  <SP HEIGHT="48" WIDTH="14" VPOS="379" HPOS="703"/>
                  <String HEIGHT="48"
                          WIDTH="127"
                          VPOS="379"
                          HPOS="660"
                          CONTENT="vrsi."/>
                  <SP HEIGHT="48" WIDTH="14" VPOS="379" HPOS="787"/>
                  <String HEIGHT="48"
                          WIDTH="155"
                          VPOS="379"
                          HPOS="745"
                          CONTENT="igitur."/>
                  <SP HEIGHT="48" WIDTH="14" VPOS="379" HPOS="900"/>
                  <String HEIGHT="48" WIDTH="71" VPOS="379" HPOS="858" CONTENT="⁋"/>
                  <SP HEIGHT="48" WIDTH="14" VPOS="379" HPOS="929"/>
                  <String HEIGHT="48" WIDTH="85" VPOS="379" HPOS="886" CONTENT="Si"/>
                  <SP HEIGHT="48" WIDTH="14" VPOS="379" HPOS="971"/>
                  <String HEIGHT="48" WIDTH="99" VPOS="379" HPOS="929" CONTENT="hoc"/>
                  <SP HEIGHT="48" WIDTH="14" VPOS="379" HPOS="1027"/>
                  <String HEIGHT="48"
                          WIDTH="170"
                          VPOS="379"
                          HPOS="985"
                          CONTENT="concedas"/>
                  <SP HEIGHT="48" WIDTH="14" VPOS="379" HPOS="1155"/>
                  <String HEIGHT="48"
                          WIDTH="113"
                          VPOS="379"
                          HPOS="1098"
                          CONTENT="quondo"/>
               </TextLine>
               <TextLine ID="r1l12"
                         BASELINE="457"
                         HEIGHT="41"
                         WIDTH="782"
                         VPOS="416"
                         HPOS="429">
                  <String HEIGHT="41"
                          WIDTH="123"
                          VPOS="416"
                          HPOS="415"
                          CONTENT="anima"/>
                  <SP HEIGHT="41" WIDTH="14" VPOS="416" HPOS="539"/>
                  <String HEIGHT="41" WIDTH="96" VPOS="416" HPOS="498" CONTENT="est"/>
                  <SP HEIGHT="41" WIDTH="14" VPOS="416" HPOS="594"/>
                  <String HEIGHT="41" WIDTH="82" VPOS="416" HPOS="552" CONTENT="in"/>
                  <SP HEIGHT="41" WIDTH="14" VPOS="416" HPOS="635"/>
                  <String HEIGHT="41"
                          WIDTH="137"
                          VPOS="416"
                          HPOS="594"
                          CONTENT="duobus"/>
                  <SP HEIGHT="41" WIDTH="14" VPOS="416" HPOS="731"/>
                  <String HEIGHT="41"
                          WIDTH="137"
                          VPOS="416"
                          HPOS="690"
                          CONTENT="locis:"/>
                  <SP HEIGHT="41" WIDTH="14" VPOS="416" HPOS="827"/>
                  <String HEIGHT="41" WIDTH="82" VPOS="416" HPOS="786" CONTENT="id"/>
                  <SP HEIGHT="41" WIDTH="14" VPOS="416" HPOS="868"/>
                  <String HEIGHT="41"
                          WIDTH="110"
                          VPOS="416"
                          HPOS="827"
                          CONTENT="idem"/>
                  <SP HEIGHT="41" WIDTH="14" VPOS="416" HPOS="937"/>
                  <String HEIGHT="41"
                          WIDTH="123"
                          VPOS="416"
                          HPOS="895"
                          CONTENT="debes"/>
                  <SP HEIGHT="41" WIDTH="14" VPOS="416" HPOS="1019"/>
                  <String HEIGHT="41"
                          WIDTH="165"
                          VPOS="416"
                          HPOS="978"
                          CONTENT="cocedere"/>
                  <SP HEIGHT="41" WIDTH="14" VPOS="416" HPOS="1142"/>
                  <String HEIGHT="41"
                          WIDTH="110"
                          VPOS="416"
                          HPOS="1101"
                          CONTENT="nunc"/>
                  <SP HEIGHT="41" WIDTH="14" VPOS="416" HPOS="1211"/>
                  <String HEIGHT="41" WIDTH="55" VPOS="416" HPOS="1156" CONTENT="de"/>
               </TextLine>
               <TextLine ID="r1l14"
                         BASELINE="498"
                         HEIGHT="44"
                         WIDTH="785"
                         VPOS="454"
                         HPOS="429">
                  <String HEIGHT="44"
                          WIDTH="114"
                          VPOS="454"
                          HPOS="416"
                          CONTENT="lege:"/>
                  <SP HEIGHT="44" WIDTH="13" VPOS="454" HPOS="530"/>
                  <String HEIGHT="44" WIDTH="89" VPOS="454" HPOS="492" CONTENT="cum"/>
                  <SP HEIGHT="44" WIDTH="13" VPOS="454" HPOS="581"/>
                  <String HEIGHT="44"
                          WIDTH="114"
                          VPOS="454"
                          HPOS="543"
                          CONTENT="eadem"/>
                  <SP HEIGHT="44" WIDTH="13" VPOS="454" HPOS="657"/>
                  <String HEIGHT="44"
                          WIDTH="114"
                          VPOS="454"
                          HPOS="619"
                          CONTENT="anima"/>
                  <SP HEIGHT="44" WIDTH="13" VPOS="454" HPOS="733"/>
                  <String HEIGHT="44" WIDTH="89" VPOS="454" HPOS="695" CONTENT="sit"/>
                  <SP HEIGHT="44" WIDTH="13" VPOS="454" HPOS="784"/>
                  <String HEIGHT="44" WIDTH="76" VPOS="454" HPOS="746" CONTENT="in"/>
                  <SP HEIGHT="44" WIDTH="13" VPOS="454" HPOS="822"/>
                  <String HEIGHT="44"
                          WIDTH="101"
                          VPOS="454"
                          HPOS="784"
                          CONTENT="pede"/>
                  <SP HEIGHT="44" WIDTH="13" VPOS="454" HPOS="885"/>
                  <String HEIGHT="44" WIDTH="63" VPOS="454" HPOS="847" CONTENT="/"/>
                  <SP HEIGHT="44" WIDTH="13" VPOS="454" HPOS="910"/>
                  <String HEIGHT="44" WIDTH="76" VPOS="454" HPOS="872" CONTENT="et"/>
                  <SP HEIGHT="44" WIDTH="13" VPOS="454" HPOS="948"/>
                  <String HEIGHT="44" WIDTH="76" VPOS="454" HPOS="910" CONTENT="in"/>
                  <SP HEIGHT="44" WIDTH="13" VPOS="454" HPOS="986"/>
                  <String HEIGHT="44"
                          WIDTH="127"
                          VPOS="454"
                          HPOS="948"
                          CONTENT="capite"/>
                  <SP HEIGHT="44" WIDTH="13" VPOS="454" HPOS="1075"/>
                  <String HEIGHT="44" WIDTH="63" VPOS="454" HPOS="1037" CONTENT="/"/>
                  <SP HEIGHT="44" WIDTH="13" VPOS="454" HPOS="1100"/>
                  <String HEIGHT="44" WIDTH="76" VPOS="454" HPOS="1062" CONTENT="et"/>
                  <SP HEIGHT="44" WIDTH="13" VPOS="454" HPOS="1138"/>
                  <String HEIGHT="44" WIDTH="76" VPOS="454" HPOS="1100" CONTENT="in"/>
                  <SP HEIGHT="44" WIDTH="13" VPOS="454" HPOS="1176"/>
                  <String HEIGHT="44"
                          WIDTH="89"
                          VPOS="454"
                          HPOS="1125"
                          CONTENT="diuer"/>
               </TextLine>
               <TextLine ID="r1l16"
                         BASELINE="530"
                         HEIGHT="38"
                         WIDTH="793"
                         VPOS="492"
                         HPOS="426">
                  <String HEIGHT="38" WIDTH="96" VPOS="492" HPOS="412" CONTENT="sis"/>
                  <SP HEIGHT="38" WIDTH="14" VPOS="492" HPOS="508"/>
                  <String HEIGHT="38"
                          WIDTH="164"
                          VPOS="492"
                          HPOS="467"
                          CONTENT="partibus"/>
                  <SP HEIGHT="38" WIDTH="14" VPOS="492" HPOS="631"/>
                  <String HEIGHT="38"
                          WIDTH="164"
                          VPOS="492"
                          HPOS="590"
                          CONTENT="capitis."/>
                  <SP HEIGHT="38" WIDTH="14" VPOS="492" HPOS="754"/>
                  <String HEIGHT="38"
                          WIDTH="178"
                          VPOS="492"
                          HPOS="713"
                          CONTENT="Identidem"/>
                  <SP HEIGHT="38" WIDTH="14" VPOS="492" HPOS="891"/>
                  <String HEIGHT="38" WIDTH="82" VPOS="492" HPOS="850" CONTENT="de"/>
                  <SP HEIGHT="38" WIDTH="14" VPOS="492" HPOS="932"/>
                  <String HEIGHT="38"
                          WIDTH="123"
                          VPOS="492"
                          HPOS="891"
                          CONTENT="anima"/>
                  <SP HEIGHT="38" WIDTH="14" VPOS="492" HPOS="1014"/>
                  <String HEIGHT="38"
                          WIDTH="164"
                          VPOS="492"
                          HPOS="973"
                          CONTENT="separata"/>
                  <SP HEIGHT="38" WIDTH="14" VPOS="492" HPOS="1137"/>
                  <String HEIGHT="38" WIDTH="68" VPOS="492" HPOS="1096" CONTENT="/"/>
                  <SP HEIGHT="38" WIDTH="14" VPOS="492" HPOS="1164"/>
                  <String HEIGHT="38" WIDTH="82" VPOS="492" HPOS="1123" CONTENT="et"/>
                  <SP HEIGHT="38" WIDTH="14" VPOS="492" HPOS="1205"/>
                  <String HEIGHT="38"
                          WIDTH="68"
                          VPOS="492"
                          HPOS="1151"
                          CONTENT="an"
                          SUBS_TYPE="HypPart1"
                          SUBS_CONTENT="angelo"/>
                  <HYP CONTENT="-"/>
               </TextLine>
               <TextLine ID="r1l18"
                         BASELINE="576"
                         HEIGHT="48"
                         WIDTH="784"
                         VPOS="528"
                         HPOS="426">
                  <String HEIGHT="48"
                          WIDTH="110"
                          VPOS="528"
                          HPOS="412"
                          CONTENT="gelo"
                          SUBS_TYPE="HypPart2"
                          SUBS_CONTENT="angelo"/>
                  <SP HEIGHT="48" WIDTH="14" VPOS="528" HPOS="522"/>
                  <String HEIGHT="48" WIDTH="96" VPOS="528" HPOS="481" CONTENT="qui"/>
                  <SP HEIGHT="48" WIDTH="14" VPOS="528" HPOS="577"/>
                  <String HEIGHT="48" WIDTH="96" VPOS="528" HPOS="536" CONTENT="est"/>
                  <SP HEIGHT="48" WIDTH="14" VPOS="528" HPOS="632"/>
                  <String HEIGHT="48" WIDTH="83" VPOS="528" HPOS="591" CONTENT="in"/>
                  <SP HEIGHT="48" WIDTH="14" VPOS="528" HPOS="674"/>
                  <String HEIGHT="48"
                          WIDTH="165"
                          VPOS="528"
                          HPOS="632"
                          CONTENT="pluribus"/>
                  <SP HEIGHT="48" WIDTH="14" VPOS="528" HPOS="797"/>
                  <String HEIGHT="48"
                          WIDTH="165"
                          VPOS="528"
                          HPOS="756"
                          CONTENT="partibus"/>
                  <SP HEIGHT="48" WIDTH="14" VPOS="528" HPOS="921"/>
                  <String HEIGHT="48" WIDTH="96" VPOS="528" HPOS="880" CONTENT="sui"/>
                  <SP HEIGHT="48" WIDTH="14" VPOS="528" HPOS="976"/>
                  <String HEIGHT="48"
                          WIDTH="124"
                          VPOS="528"
                          HPOS="935"
                          CONTENT="loci."/>
                  <SP HEIGHT="48" WIDTH="14" VPOS="528" HPOS="1059"/>
                  <String HEIGHT="48"
                          WIDTH="206"
                          VPOS="528"
                          HPOS="1004"
                          CONTENT="Insuperscien"
                          SUBS_TYPE="HypPart1"
                          SUBS_CONTENT="Insuperscientia"/>
                  <HYP CONTENT="-"/>
               </TextLine>
               <TextLine ID="r1l20"
                         BASELINE="608"
                         HEIGHT="35"
                         WIDTH="771"
                         VPOS="573"
                         HPOS="433">
                  <String HEIGHT="35"
                          WIDTH="102"
                          VPOS="573"
                          HPOS="418"
                          CONTENT="tia"
                          SUBS_TYPE="HypPart2"
                          SUBS_CONTENT="Insuperscientia"/>
                  <SP HEIGHT="35" WIDTH="15" VPOS="573" HPOS="520"/>
                  <String HEIGHT="35"
                          WIDTH="189"
                          VPOS="573"
                          HPOS="477"
                          CONTENT="corrumpit"/>
                  <SP HEIGHT="35" WIDTH="15" VPOS="573" HPOS="666"/>
                  <String HEIGHT="35"
                          WIDTH="189"
                          VPOS="573"
                          HPOS="622"
                          CONTENT="opinionem"/>
                  <SP HEIGHT="35" WIDTH="15" VPOS="573" HPOS="811"/>
                  <String HEIGHT="35" WIDTH="87" VPOS="573" HPOS="768" CONTENT="ab"/>
                  <SP HEIGHT="35" WIDTH="15" VPOS="573" HPOS="855"/>
                  <String HEIGHT="35"
                          WIDTH="218"
                          VPOS="573"
                          HPOS="811"
                          CONTENT="intellectum"/>
                  <SP HEIGHT="35" WIDTH="15" VPOS="573" HPOS="1029"/>
                  <String HEIGHT="35"
                          WIDTH="189"
                          VPOS="573"
                          HPOS="986"
                          CONTENT="platonis:"/>
                  <SP HEIGHT="35" WIDTH="15" VPOS="573" HPOS="1175"/>
                  <String HEIGHT="35"
                          WIDTH="87"
                          VPOS="573"
                          HPOS="1117"
                          CONTENT="ergo"/>
               </TextLine>
               <TextLine ID="r1l22"
                         BASELINE="648"
                         HEIGHT="46"
                         WIDTH="771"
                         VPOS="602"
                         HPOS="439">
                  <String HEIGHT="46" WIDTH="104" VPOS="602" HPOS="424" CONTENT="lla"/>
                  <SP HEIGHT="46" WIDTH="15" VPOS="602" HPOS="528"/>
                  <String HEIGHT="46"
                          WIDTH="178"
                          VPOS="602"
                          HPOS="483"
                          CONTENT="scientia"/>
                  <SP HEIGHT="46" WIDTH="15" VPOS="602" HPOS="661"/>
                  <String HEIGHT="46" WIDTH="104" VPOS="602" HPOS="617" CONTENT="est"/>
                  <SP HEIGHT="46" WIDTH="15" VPOS="602" HPOS="721"/>
                  <String HEIGHT="46"
                          WIDTH="133"
                          VPOS="602"
                          HPOS="676"
                          CONTENT="simul"/>
                  <SP HEIGHT="46" WIDTH="15" VPOS="602" HPOS="810"/>
                  <String HEIGHT="46" WIDTH="89" VPOS="602" HPOS="765" CONTENT="in"/>
                  <SP HEIGHT="46" WIDTH="15" VPOS="602" HPOS="854"/>
                  <String HEIGHT="46"
                          WIDTH="133"
                          VPOS="602"
                          HPOS="810"
                          CONTENT="anima"/>
                  <SP HEIGHT="46" WIDTH="15" VPOS="602" HPOS="943"/>
                  <String HEIGHT="46"
                          WIDTH="178"
                          VPOS="602"
                          HPOS="899"
                          CONTENT="platonis"/>
                  <SP HEIGHT="46" WIDTH="15" VPOS="602" HPOS="1077"/>
                  <String HEIGHT="46"
                          WIDTH="104"
                          VPOS="602"
                          HPOS="1032"
                          CONTENT="cum"/>
                  <SP HEIGHT="46" WIDTH="15" VPOS="602" HPOS="1136"/>
                  <String HEIGHT="46"
                          WIDTH="133"
                          VPOS="602"
                          HPOS="1077"
                          CONTENT="opinio"
                          SUBS_TYPE="HypPart1"
                          SUBS_CONTENT="opinione."/>
                  <HYP CONTENT="-"/>
               </TextLine>
               <TextLine ID="r1l24"
                         BASELINE="686"
                         HEIGHT="48"
                         WIDTH="784"
                         VPOS="638"
                         HPOS="432">
                  <String HEIGHT="48"
                          WIDTH="90"
                          VPOS="638"
                          HPOS="419"
                          CONTENT="ne."
                          SUBS_TYPE="HypPart2"
                          SUBS_CONTENT="opinione."/>
                  <SP HEIGHT="48" WIDTH="13" VPOS="638" HPOS="509"/>
                  <String HEIGHT="48"
                          WIDTH="129"
                          VPOS="638"
                          HPOS="471"
                          CONTENT="patet:"/>
                  <SP HEIGHT="48" WIDTH="13" VPOS="638" HPOS="599"/>
                  <String HEIGHT="48"
                          WIDTH="103"
                          VPOS="638"
                          HPOS="561"
                          CONTENT="quia"/>
                  <SP HEIGHT="48" WIDTH="13" VPOS="638" HPOS="663"/>
                  <String HEIGHT="48" WIDTH="77" VPOS="638" HPOS="625" CONTENT="si"/>
                  <SP HEIGHT="48" WIDTH="13" VPOS="638" HPOS="702"/>
                  <String HEIGHT="48" WIDTH="90" VPOS="638" HPOS="663" CONTENT="est"/>
                  <SP HEIGHT="48" WIDTH="13" VPOS="638" HPOS="753"/>
                  <String HEIGHT="48"
                          WIDTH="167"
                          VPOS="638"
                          HPOS="715"
                          CONTENT="posterius"/>
                  <SP HEIGHT="48" WIDTH="13" VPOS="638" HPOS="882"/>
                  <String HEIGHT="48" WIDTH="77" VPOS="638" HPOS="843" CONTENT="in"/>
                  <SP HEIGHT="48" WIDTH="13" VPOS="638" HPOS="920"/>
                  <String HEIGHT="48"
                          WIDTH="193"
                          VPOS="638"
                          HPOS="882"
                          CONTENT="intellectum"/>
                  <SP HEIGHT="48" WIDTH="13" VPOS="638" HPOS="1075"/>
                  <String HEIGHT="48"
                          WIDTH="154"
                          VPOS="638"
                          HPOS="1036"
                          CONTENT="platonis"/>
                  <SP HEIGHT="48" WIDTH="13" VPOS="638" HPOS="1190"/>
                  <String HEIGHT="48"
                          WIDTH="77"
                          VPOS="638"
                          HPOS="1139"
                          CONTENT="quam"/>
               </TextLine>
               <TextLine ID="r1l26"
                         BASELINE="717"
                         HEIGHT="41"
                         WIDTH="781"
                         VPOS="676"
                         HPOS="430">
                  <String HEIGHT="41"
                          WIDTH="135"
                          VPOS="676"
                          HPOS="417"
                          CONTENT="opinio"/>
                  <SP HEIGHT="41" WIDTH="13" VPOS="676" HPOS="551"/>
                  <String HEIGHT="41" WIDTH="67" VPOS="676" HPOS="511" CONTENT="/"/>
                  <SP HEIGHT="41" WIDTH="13" VPOS="676" HPOS="578"/>
                  <String HEIGHT="41" WIDTH="94" VPOS="676" HPOS="538" CONTENT="sic"/>
                  <SP HEIGHT="41" WIDTH="13" VPOS="676" HPOS="632"/>
                  <String HEIGHT="41"
                          WIDTH="108"
                          VPOS="676"
                          HPOS="592"
                          CONTENT="quod"/>
                  <SP HEIGHT="41" WIDTH="13" VPOS="676" HPOS="699"/>
                  <String HEIGHT="41"
                          WIDTH="135"
                          VPOS="676"
                          HPOS="659"
                          CONTENT="primum"/>
                  <SP HEIGHT="41" WIDTH="13" VPOS="676" HPOS="794"/>
                  <String HEIGHT="41" WIDTH="94" VPOS="676" HPOS="753" CONTENT="non"/>
                  <SP HEIGHT="41" WIDTH="13" VPOS="676" HPOS="847"/>
                  <String HEIGHT="41"
                          WIDTH="108"
                          VPOS="676"
                          HPOS="807"
                          CONTENT="esse"/>
                  <SP HEIGHT="41" WIDTH="13" VPOS="676" HPOS="915"/>
                  <String HEIGHT="41"
                          WIDTH="175"
                          VPOS="676"
                          HPOS="874"
                          CONTENT="opinionis"/>
                  <SP HEIGHT="41" WIDTH="13" VPOS="676" HPOS="1049"/>
                  <String HEIGHT="41" WIDTH="94" VPOS="676" HPOS="1009" CONTENT="sit"/>
                  <SP HEIGHT="41" WIDTH="13" VPOS="676" HPOS="1103"/>
                  <String HEIGHT="41"
                          WIDTH="135"
                          VPOS="676"
                          HPOS="1063"
                          CONTENT="primum"/>
                  <SP HEIGHT="41" WIDTH="13" VPOS="676" HPOS="1198"/>
                  <String HEIGHT="41"
                          WIDTH="67"
                          VPOS="676"
                          HPOS="1144"
                          CONTENT="in"
                          SUBS_TYPE="HypPart1"
                          SUBS_CONTENT="instans"/>
                  <HYP CONTENT="-"/>
               </TextLine>
               <TextLine ID="r1l28"
                         BASELINE="755"
                         HEIGHT="41"
                         WIDTH="776"
                         VPOS="714"
                         HPOS="435">
                  <String HEIGHT="41"
                          WIDTH="120"
                          VPOS="714"
                          HPOS="422"
                          CONTENT="stans"
                          SUBS_TYPE="HypPart2"
                          SUBS_CONTENT="instans"/>
                  <SP HEIGHT="41" WIDTH="13" VPOS="714" HPOS="542"/>
                  <String HEIGHT="41"
                          WIDTH="107"
                          VPOS="714"
                          HPOS="502"
                          CONTENT="esse"/>
                  <SP HEIGHT="41" WIDTH="13" VPOS="714" HPOS="609"/>
                  <String HEIGHT="41"
                          WIDTH="174"
                          VPOS="714"
                          HPOS="569"
                          CONTENT="scientie:"/>
                  <SP HEIGHT="41" WIDTH="13" VPOS="714" HPOS="743"/>
                  <String HEIGHT="41"
                          WIDTH="107"
                          VPOS="714"
                          HPOS="703"
                          CONTENT="ergo"/>
                  <SP HEIGHT="41" WIDTH="13" VPOS="714" HPOS="810"/>
                  <String HEIGHT="41"
                          WIDTH="147"
                          VPOS="714"
                          HPOS="769"
                          CONTENT="aliquid"/>
                  <SP HEIGHT="41" WIDTH="13" VPOS="714" HPOS="917"/>
                  <String HEIGHT="41"
                          WIDTH="174"
                          VPOS="714"
                          HPOS="877"
                          CONTENT="posterius"/>
                  <SP HEIGHT="41" WIDTH="13" VPOS="714" HPOS="1050"/>
                  <String HEIGHT="41"
                          WIDTH="134"
                          VPOS="714"
                          HPOS="1010"
                          CONTENT="aliquo"/>
                  <SP HEIGHT="41" WIDTH="13" VPOS="714" HPOS="1144"/>
                  <String HEIGHT="41"
                          WIDTH="120"
                          VPOS="714"
                          HPOS="1091"
                          CONTENT="corrum"
                          SUBS_TYPE="HypPart1"
                          SUBS_CONTENT="corrumpit"/>
                  <HYP CONTENT="-"/>
               </TextLine>
               <TextLine ID="r1l30"
                         BASELINE="796"
                         HEIGHT="46"
                         WIDTH="778"
                         VPOS="750"
                         HPOS="432">
                  <String HEIGHT="46"
                          WIDTH="103"
                          VPOS="750"
                          HPOS="417"
                          CONTENT="pit"
                          SUBS_TYPE="HypPart2"
                          SUBS_CONTENT="corrumpit"/>
                  <SP HEIGHT="46" WIDTH="15" VPOS="750" HPOS="520"/>
                  <String HEIGHT="46"
                          WIDTH="132"
                          VPOS="750"
                          HPOS="476"
                          CONTENT="illud"/>
                  <SP HEIGHT="46" WIDTH="15" VPOS="750" HPOS="608"/>
                  <String HEIGHT="46"
                          WIDTH="117"
                          VPOS="750"
                          HPOS="564"
                          CONTENT="quod"/>
                  <SP HEIGHT="46" WIDTH="15" VPOS="750" HPOS="682"/>
                  <String HEIGHT="46"
                          WIDTH="161"
                          VPOS="750"
                          HPOS="638"
                          CONTENT="nunquam"/>
                  <SP HEIGHT="46" WIDTH="15" VPOS="750" HPOS="799"/>
                  <String HEIGHT="46"
                          WIDTH="132"
                          VPOS="750"
                          HPOS="755"
                          CONTENT="simul"/>
                  <SP HEIGHT="46" WIDTH="15" VPOS="750" HPOS="887"/>
                  <String HEIGHT="46"
                          WIDTH="132"
                          VPOS="750"
                          HPOS="843"
                          CONTENT="secum"/>
                  <SP HEIGHT="46" WIDTH="15" VPOS="750" HPOS="975"/>
                  <String HEIGHT="46"
                          WIDTH="132"
                          VPOS="750"
                          HPOS="931"
                          CONTENT="fuit."/>
                  <SP HEIGHT="46" WIDTH="15" VPOS="750" HPOS="1063"/>
                  <String HEIGHT="46" WIDTH="73" VPOS="750" HPOS="1019" CONTENT="⁋"/>
                  <SP HEIGHT="46" WIDTH="15" VPOS="750" HPOS="1093"/>
                  <String HEIGHT="46" WIDTH="88" VPOS="750" HPOS="1049" CONTENT="Ad"/>
                  <SP HEIGHT="46" WIDTH="15" VPOS="750" HPOS="1137"/>
                  <String HEIGHT="46"
                          WIDTH="132"
                          VPOS="750"
                          HPOS="1078"
                          CONTENT="quintum"/>
               </TextLine>
               <TextLine ID="r1l32"
                         BASELINE="832"
                         HEIGHT="50"
                         WIDTH="784"
                         VPOS="782"
                         HPOS="436">
                  <String HEIGHT="50"
                          WIDTH="154"
                          VPOS="782"
                          HPOS="422"
                          CONTENT="negatur"/>
                  <SP HEIGHT="50" WIDTH="14" VPOS="782" HPOS="576"/>
                  <String HEIGHT="50"
                          WIDTH="196"
                          VPOS="782"
                          HPOS="534"
                          CONTENT="antecedens"/>
                  <SP HEIGHT="50" WIDTH="14" VPOS="782" HPOS="730"/>
                  <String HEIGHT="50" WIDTH="70" VPOS="782" HPOS="688" CONTENT="/"/>
                  <SP HEIGHT="50" WIDTH="14" VPOS="782" HPOS="758"/>
                  <String HEIGHT="50"
                          WIDTH="196"
                          VPOS="782"
                          HPOS="716"
                          CONTENT="consequens"/>
                  <SP HEIGHT="50" WIDTH="14" VPOS="782" HPOS="912"/>
                  <String HEIGHT="50" WIDTH="98" VPOS="782" HPOS="870" CONTENT="cum"/>
                  <SP HEIGHT="50" WIDTH="14" VPOS="782" HPOS="968"/>
                  <String HEIGHT="50"
                          WIDTH="238"
                          VPOS="782"
                          HPOS="926"
                          CONTENT="consequentia."/>
                  <SP HEIGHT="50" WIDTH="14" VPOS="782" HPOS="1164"/>
                  <String HEIGHT="50" WIDTH="84" VPOS="782" HPOS="1122" CONTENT="De"/>
                  <SP HEIGHT="50" WIDTH="14" VPOS="782" HPOS="1206"/>
                  <String HEIGHT="50"
                          WIDTH="70"
                          VPOS="782"
                          HPOS="1150"
                          CONTENT="ne"
                          SUBS_TYPE="HypPart1"
                          SUBS_CONTENT="negatione"/>
                  <HYP CONTENT="-"/>
               </TextLine>
               <TextLine ID="r1l34"
                         BASELINE="872"
                         HEIGHT="42"
                         WIDTH="778"
                         VPOS="830"
                         HPOS="426">
                  <String HEIGHT="42"
                          WIDTH="156"
                          VPOS="830"
                          HPOS="412"
                          CONTENT="gatione"
                          SUBS_TYPE="HypPart2"
                          SUBS_CONTENT="negatione"/>
                  <SP HEIGHT="42" WIDTH="14" VPOS="830" HPOS="567"/>
                  <String HEIGHT="42"
                          WIDTH="226"
                          VPOS="830"
                          HPOS="525"
                          CONTENT="antecedentis"/>
                  <SP HEIGHT="42" WIDTH="14" VPOS="830" HPOS="751"/>
                  <String HEIGHT="42"
                          WIDTH="156"
                          VPOS="830"
                          HPOS="709"
                          CONTENT="patebit"/>
                  <SP HEIGHT="42" WIDTH="14" VPOS="830" HPOS="865"/>
                  <String HEIGHT="42" WIDTH="99" VPOS="830" HPOS="822" CONTENT="in."/>
                  <SP HEIGHT="42" WIDTH="14" VPOS="830" HPOS="921"/>
                  <String HEIGHT="42"
                          WIDTH="127"
                          VPOS="830"
                          HPOS="879"
                          CONTENT="xvii."/>
                  <SP HEIGHT="42" WIDTH="14" VPOS="830" HPOS="1006"/>
                  <String HEIGHT="42"
                          WIDTH="127"
                          VPOS="830"
                          HPOS="964"
                          CONTENT="dist."/>
                  <SP HEIGHT="42" WIDTH="14" VPOS="830" HPOS="1091"/>
                  <String HEIGHT="42"
                          WIDTH="127"
                          VPOS="830"
                          HPOS="1048"
                          CONTENT="huius"/>
                  <SP HEIGHT="42" WIDTH="14" VPOS="830" HPOS="1176"/>
                  <String HEIGHT="42"
                          WIDTH="85"
                          VPOS="830"
                          HPOS="1119"
                          CONTENT="infe"/>
               </TextLine>
               <TextLine ID="r1l36"
                         BASELINE="905"
                         HEIGHT="45"
                         WIDTH="782"
                         VPOS="860"
                         HPOS="435">
                  <String HEIGHT="45"
                          WIDTH="119"
                          VPOS="860"
                          HPOS="422"
                          CONTENT="rius."/>
                  <SP HEIGHT="45" WIDTH="13" VPOS="860" HPOS="541"/>
                  <String HEIGHT="45"
                          WIDTH="212"
                          VPOS="860"
                          HPOS="501"
                          CONTENT="consequentia"/>
                  <SP HEIGHT="45" WIDTH="13" VPOS="860" HPOS="713"/>
                  <String HEIGHT="45"
                          WIDTH="119"
                          VPOS="860"
                          HPOS="674"
                          CONTENT="etiam"/>
                  <SP HEIGHT="45" WIDTH="13" VPOS="860" HPOS="793"/>
                  <String HEIGHT="45"
                          WIDTH="119"
                          VPOS="860"
                          HPOS="753"
                          CONTENT="nihil"/>
                  <SP HEIGHT="45" WIDTH="13" VPOS="860" HPOS="872"/>
                  <String HEIGHT="45"
                          WIDTH="133"
                          VPOS="860"
                          HPOS="833"
                          CONTENT="valet."/>
                  <SP HEIGHT="45" WIDTH="13" VPOS="860" HPOS="965"/>
                  <String HEIGHT="45"
                          WIDTH="186"
                          VPOS="860"
                          HPOS="925"
                          CONTENT="Consequens"/>
                  <SP HEIGHT="45" WIDTH="13" VPOS="860" HPOS="1111"/>
                  <String HEIGHT="45"
                          WIDTH="119"
                          VPOS="860"
                          HPOS="1071"
                          CONTENT="autem"/>
                  <SP HEIGHT="45" WIDTH="13" VPOS="860" HPOS="1190"/>
                  <String HEIGHT="45"
                          WIDTH="80"
                          VPOS="860"
                          HPOS="1137"
                          CONTENT="nega"/>
               </TextLine>
               <TextLine ID="r1l38"
                         BASELINE="943"
                         HEIGHT="38"
                         WIDTH="794"
                         VPOS="905"
                         HPOS="423">
                  <String HEIGHT="38" WIDTH="107" VPOS="905" HPOS="408" CONTENT="tur"/>
                  <SP HEIGHT="38" WIDTH="15" VPOS="905" HPOS="515"/>
                  <String HEIGHT="38" WIDTH="76" VPOS="905" HPOS="469" CONTENT="a"/>
                  <SP HEIGHT="38" WIDTH="15" VPOS="905" HPOS="545"/>
                  <String HEIGHT="38"
                          WIDTH="183"
                          VPOS="905"
                          HPOS="499"
                          CONTENT="pluribus"/>
                  <SP HEIGHT="38" WIDTH="15" VPOS="905" HPOS="683"/>
                  <String HEIGHT="38"
                          WIDTH="214"
                          VPOS="905"
                          HPOS="637"
                          CONTENT="tenentibus"/>
                  <SP HEIGHT="38" WIDTH="15" VPOS="905" HPOS="851"/>
                  <String HEIGHT="38"
                          WIDTH="214"
                          VPOS="905"
                          HPOS="805"
                          CONTENT="antecedens"/>
                  <SP HEIGHT="38" WIDTH="15" VPOS="905" HPOS="1019"/>
                  <String HEIGHT="38"
                          WIDTH="168"
                          VPOS="905"
                          HPOS="973"
                          CONTENT="propter"/>
                  <SP HEIGHT="38" WIDTH="15" VPOS="905" HPOS="1141"/>
                  <String HEIGHT="38"
                          WIDTH="137"
                          VPOS="905"
                          HPOS="1080"
                          CONTENT="euiden"
                          SUBS_TYPE="HypPart1"
                          SUBS_CONTENT="euidentem"/>
                  <HYP CONTENT="-"/>
               </TextLine>
               <TextLine ID="r1l40"
                         BASELINE="977"
                         HEIGHT="43"
                         WIDTH="784"
                         VPOS="934"
                         HPOS="430">
                  <String HEIGHT="43"
                          WIDTH="100"
                          VPOS="934"
                          HPOS="416"
                          CONTENT="tem"
                          SUBS_TYPE="HypPart2"
                          SUBS_CONTENT="euidentem"/>
                  <SP HEIGHT="43" WIDTH="14" VPOS="934" HPOS="516"/>
                  <String HEIGHT="43"
                          WIDTH="171"
                          VPOS="934"
                          HPOS="473"
                          CONTENT="notitiam"/>
                  <SP HEIGHT="43" WIDTH="14" VPOS="934" HPOS="644"/>
                  <String HEIGHT="43" WIDTH="100" VPOS="934" HPOS="601" CONTENT="que"/>
                  <SP HEIGHT="43" WIDTH="14" VPOS="934" HPOS="701"/>
                  <String HEIGHT="43"
                          WIDTH="214"
                          VPOS="934"
                          HPOS="658"
                          CONTENT="enigmaticam"/>
                  <SP HEIGHT="43" WIDTH="14" VPOS="934" HPOS="872"/>
                  <String HEIGHT="43"
                          WIDTH="171"
                          VPOS="934"
                          HPOS="829"
                          CONTENT="respectu"/>
                  <SP HEIGHT="43" WIDTH="14" VPOS="934" HPOS="1000"/>
                  <String HEIGHT="43"
                          WIDTH="157"
                          VPOS="934"
                          HPOS="957"
                          CONTENT="eiusdem"/>
                  <SP HEIGHT="43" WIDTH="14" VPOS="934" HPOS="1114"/>
                  <String HEIGHT="43"
                          WIDTH="157"
                          VPOS="934"
                          HPOS="1057"
                          CONTENT="expellit."/>
               </TextLine>
               <TextLine ID="r1l42"
                         BASELINE="1018"
                         HEIGHT="50"
                         WIDTH="775"
                         VPOS="968"
                         HPOS="442">
                  <String HEIGHT="50" WIDTH="68" VPOS="968" HPOS="428" CONTENT="⁋"/>
                  <SP HEIGHT="50" WIDTH="14" VPOS="968" HPOS="496"/>
                  <String HEIGHT="50" WIDTH="82" VPOS="968" HPOS="456" CONTENT="Ad"/>
                  <SP HEIGHT="50" WIDTH="14" VPOS="968" HPOS="537"/>
                  <String HEIGHT="50"
                          WIDTH="136"
                          VPOS="968"
                          HPOS="496"
                          CONTENT="aliud."/>
                  <SP HEIGHT="50" WIDTH="14" VPOS="968" HPOS="632"/>
                  <String HEIGHT="50"
                          WIDTH="122"
                          VPOS="968"
                          HPOS="592"
                          CONTENT="forte"/>
                  <SP HEIGHT="50" WIDTH="14" VPOS="968" HPOS="714"/>
                  <String HEIGHT="50"
                          WIDTH="109"
                          VPOS="968"
                          HPOS="673"
                          CONTENT="ille"/>
                  <SP HEIGHT="50" WIDTH="14" VPOS="968" HPOS="782"/>
                  <String HEIGHT="50"
                          WIDTH="231"
                          VPOS="968"
                          HPOS="741"
                          CONTENT="propositiones"/>
                  <SP HEIGHT="50" WIDTH="14" VPOS="968" HPOS="972"/>
                  <String HEIGHT="50" WIDTH="95" VPOS="968" HPOS="931" CONTENT="non"/>
                  <SP HEIGHT="50" WIDTH="14" VPOS="968" HPOS="1027"/>
                  <String HEIGHT="50"
                          WIDTH="231"
                          VPOS="968"
                          HPOS="986"
                          CONTENT="contradicunt:"/>
                  <SP HEIGHT="50" WIDTH="14" VPOS="968" HPOS="1217"/>
                  <String HEIGHT="50" WIDTH="54" VPOS="968" HPOS="1163" CONTENT="et"/>
               </TextLine>
               <TextLine ID="r1l44"
                         BASELINE="1058"
                         HEIGHT="43"
                         WIDTH="773"
                         VPOS="1015"
                         HPOS="438">
                  <String HEIGHT="43" WIDTH="98" VPOS="1015" HPOS="424" CONTENT="per"/>
                  <SP HEIGHT="43" WIDTH="14" VPOS="1015" HPOS="522"/>
                  <String HEIGHT="43"
                          WIDTH="197"
                          VPOS="1015"
                          HPOS="480"
                          CONTENT="consequens"/>
                  <SP HEIGHT="43" WIDTH="14" VPOS="1015" HPOS="677"/>
                  <String HEIGHT="43"
                          WIDTH="112"
                          VPOS="1015"
                          HPOS="635"
                          CONTENT="illa"/>
                  <SP HEIGHT="43" WIDTH="14" VPOS="1015" HPOS="747"/>
                  <String HEIGHT="43"
                          WIDTH="155"
                          VPOS="1015"
                          HPOS="705"
                          CONTENT="indicia"/>
                  <SP HEIGHT="43" WIDTH="14" VPOS="1015" HPOS="860"/>
                  <String HEIGHT="43" WIDTH="98" VPOS="1015" HPOS="817" CONTENT="non"/>
                  <SP HEIGHT="43" WIDTH="14" VPOS="1015" HPOS="916"/>
                  <String HEIGHT="43"
                          WIDTH="112"
                          VPOS="1015"
                          HPOS="874"
                          CONTENT="sunt"/>
                  <SP HEIGHT="43" WIDTH="14" VPOS="1015" HPOS="986"/>
                  <String HEIGHT="43"
                          WIDTH="197"
                          VPOS="1015"
                          HPOS="944"
                          CONTENT="contraria."/>
                  <SP HEIGHT="43" WIDTH="14" VPOS="1015" HPOS="1141"/>
                  <String HEIGHT="43"
                          WIDTH="126"
                          VPOS="1015"
                          HPOS="1085"
                          CONTENT="extrema"/>
               </TextLine>
               <TextLine ID="r1l46"
                         BASELINE="1090"
                         HEIGHT="40"
                         WIDTH="778"
                         VPOS="1050"
                         HPOS="430">
                  <String HEIGHT="40"
                          WIDTH="122"
                          VPOS="1050"
                          HPOS="415"
                          CONTENT="enim"/>
                  <SP HEIGHT="40" WIDTH="15" VPOS="1050" HPOS="537"/>
                  <String HEIGHT="40"
                          WIDTH="153"
                          VPOS="1050"
                          HPOS="491"
                          CONTENT="illaru"/>
                  <SP HEIGHT="40" WIDTH="15" VPOS="1050" HPOS="644"/>
                  <String HEIGHT="40"
                          WIDTH="259"
                          VPOS="1050"
                          HPOS="598"
                          CONTENT="propositionum"/>
                  <SP HEIGHT="40" WIDTH="15" VPOS="1050" HPOS="857"/>
                  <String HEIGHT="40"
                          WIDTH="107"
                          VPOS="1050"
                          HPOS="811"
                          CONTENT="non"/>
                  <SP HEIGHT="40" WIDTH="15" VPOS="1050" HPOS="918"/>
                  <String HEIGHT="40"
                          WIDTH="122"
                          VPOS="1050"
                          HPOS="872"
                          CONTENT="sunt"/>
                  <SP HEIGHT="40" WIDTH="15" VPOS="1050" HPOS="994"/>
                  <String HEIGHT="40"
                          WIDTH="198"
                          VPOS="1050"
                          HPOS="949"
                          CONTENT="synonyma:"/>
                  <SP HEIGHT="40" WIDTH="15" VPOS="1050" HPOS="1147"/>
                  <String HEIGHT="40" WIDTH="92" VPOS="1050" HPOS="1101" CONTENT="et"/>
                  <SP HEIGHT="40" WIDTH="15" VPOS="1050" HPOS="1193"/>
                  <String HEIGHT="40"
                          WIDTH="76"
                          VPOS="1050"
                          HPOS="1132"
                          CONTENT="non"/>
               </TextLine>
               <TextLine ID="r1l48"
                         BASELINE="1128"
                         HEIGHT="38"
                         WIDTH="790"
                         VPOS="1090"
                         HPOS="421">
                  <String HEIGHT="38"
                          WIDTH="214"
                          VPOS="1090"
                          HPOS="408"
                          CONTENT="representant"/>
                  <SP HEIGHT="38" WIDTH="13" VPOS="1090" HPOS="622"/>
                  <String HEIGHT="38"
                          WIDTH="134"
                          VPOS="1090"
                          HPOS="582"
                          CONTENT="sortem"/>
                  <SP HEIGHT="38" WIDTH="13" VPOS="1090" HPOS="716"/>
                  <String HEIGHT="38"
                          WIDTH="121"
                          VPOS="1090"
                          HPOS="675"
                          CONTENT="eodem"/>
                  <SP HEIGHT="38" WIDTH="13" VPOS="1090" HPOS="796"/>
                  <String HEIGHT="38"
                          WIDTH="121"
                          VPOS="1090"
                          HPOS="756"
                          CONTENT="modo:"/>
                  <SP HEIGHT="38" WIDTH="13" VPOS="1090" HPOS="876"/>
                  <String HEIGHT="38"
                          WIDTH="107"
                          VPOS="1090"
                          HPOS="836"
                          CONTENT="quia"/>
                  <SP HEIGHT="38" WIDTH="13" VPOS="1090" HPOS="943"/>
                  <String HEIGHT="38"
                          WIDTH="107"
                          VPOS="1090"
                          HPOS="903"
                          CONTENT="dato"/>
                  <SP HEIGHT="38" WIDTH="13" VPOS="1090" HPOS="1010"/>
                  <String HEIGHT="38"
                          WIDTH="107"
                          VPOS="1090"
                          HPOS="970"
                          CONTENT="quod"/>
                  <SP HEIGHT="38" WIDTH="13" VPOS="1090" HPOS="1077"/>
                  <String HEIGHT="38"
                          WIDTH="107"
                          VPOS="1090"
                          HPOS="1037"
                          CONTENT="sint"/>
                  <SP HEIGHT="38" WIDTH="13" VPOS="1090" HPOS="1144"/>
                  <String HEIGHT="38"
                          WIDTH="121"
                          VPOS="1090"
                          HPOS="1090"
                          CONTENT="eiusdem"/>
               </TextLine>
               <TextLine ID="r1l50"
                         BASELINE="1163"
                         HEIGHT="41"
                         WIDTH="776"
                         VPOS="1122"
                         HPOS="432">
                  <String HEIGHT="41"
                          WIDTH="167"
                          VPOS="1122"
                          HPOS="417"
                          CONTENT="speciei"/>
                  <SP HEIGHT="41" WIDTH="15" VPOS="1122" HPOS="584"/>
                  <String HEIGHT="41" WIDTH="76" VPOS="1122" HPOS="539" CONTENT="/"/>
                  <SP HEIGHT="41" WIDTH="15" VPOS="1122" HPOS="615"/>
                  <String HEIGHT="41"
                          WIDTH="107"
                          VPOS="1122"
                          HPOS="569"
                          CONTENT="hoc"/>
                  <SP HEIGHT="41" WIDTH="15" VPOS="1122" HPOS="675"/>
                  <String HEIGHT="41"
                          WIDTH="107"
                          VPOS="1122"
                          HPOS="630"
                          CONTENT="non"/>
                  <SP HEIGHT="41" WIDTH="15" VPOS="1122" HPOS="736"/>
                  <String HEIGHT="41"
                          WIDTH="152"
                          VPOS="1122"
                          HPOS="691"
                          CONTENT="probat"/>
                  <SP HEIGHT="41" WIDTH="15" VPOS="1122" HPOS="843"/>
                  <String HEIGHT="41"
                          WIDTH="274"
                          VPOS="1122"
                          HPOS="797"
                          CONTENT="synonymitatem:"/>
                  <SP HEIGHT="41" WIDTH="15" VPOS="1122" HPOS="1071"/>
                  <String HEIGHT="41" WIDTH="91" VPOS="1122" HPOS="1025" CONTENT="vt"/>
                  <SP HEIGHT="41" WIDTH="15" VPOS="1122" HPOS="1117"/>
                  <String HEIGHT="41"
                          WIDTH="137"
                          VPOS="1122"
                          HPOS="1071"
                          CONTENT="patet"/>
                  <SP HEIGHT="41" WIDTH="15" VPOS="1122" HPOS="1208"/>
                  <String HEIGHT="41" WIDTH="61" VPOS="1122" HPOS="1147" CONTENT="de"/>
               </TextLine>
               <TextLine ID="r1l52"
                         BASELINE="1198"
                         HEIGHT="38"
                         WIDTH="772"
                         VPOS="1160"
                         HPOS="433">
                  <String HEIGHT="38"
                          WIDTH="124"
                          VPOS="1160"
                          HPOS="419"
                          CONTENT="istis"/>
                  <SP HEIGHT="38" WIDTH="14" VPOS="1160" HPOS="543"/>
                  <String HEIGHT="38"
                          WIDTH="165"
                          VPOS="1160"
                          HPOS="502"
                          CONTENT="terminis"/>
                  <SP HEIGHT="38" WIDTH="14" VPOS="1160" HPOS="667"/>
                  <String HEIGHT="38"
                          WIDTH="165"
                          VPOS="1160"
                          HPOS="626"
                          CONTENT="scriptis"/>
                  <SP HEIGHT="38" WIDTH="14" VPOS="1160" HPOS="791"/>
                  <String HEIGHT="38" WIDTH="69" VPOS="1160" HPOS="750" CONTENT="/"/>
                  <SP HEIGHT="38" WIDTH="14" VPOS="1160" HPOS="819"/>
                  <String HEIGHT="38"
                          WIDTH="110"
                          VPOS="1160"
                          HPOS="778"
                          CONTENT="homo"/>
                  <SP HEIGHT="38" WIDTH="14" VPOS="1160" HPOS="888"/>
                  <String HEIGHT="38" WIDTH="69" VPOS="1160" HPOS="847" CONTENT="/"/>
                  <SP HEIGHT="38" WIDTH="14" VPOS="1160" HPOS="915"/>
                  <String HEIGHT="38"
                          WIDTH="152"
                          VPOS="1160"
                          HPOS="874"
                          CONTENT="asinus:"/>
                  <SP HEIGHT="38" WIDTH="14" VPOS="1160" HPOS="1026"/>
                  <String HEIGHT="38"
                          WIDTH="138"
                          VPOS="1160"
                          HPOS="984"
                          CONTENT="quorum"/>
                  <SP HEIGHT="38" WIDTH="14" VPOS="1160" HPOS="1122"/>
                  <String HEIGHT="38"
                          WIDTH="138"
                          VPOS="1160"
                          HPOS="1067"
                          CONTENT="quilibe"
                          SUBS_TYPE="HypPart1"
                          SUBS_CONTENT="quilibeest"/>
                  <HYP CONTENT="-"/>
               </TextLine>
               <TextLine ID="r1l54"
                         BASELINE="1239"
                         HEIGHT="44"
                         WIDTH="785"
                         VPOS="1195"
                         HPOS="432">
                  <String HEIGHT="44"
                          WIDTH="96"
                          VPOS="1195"
                          HPOS="418"
                          CONTENT="est"
                          SUBS_TYPE="HypPart2"
                          SUBS_CONTENT="quilibeest"/>
                  <SP HEIGHT="44" WIDTH="14" VPOS="1195" HPOS="515"/>
                  <String HEIGHT="44"
                          WIDTH="207"
                          VPOS="1195"
                          HPOS="473"
                          CONTENT="substantia."/>
                  <SP HEIGHT="44" WIDTH="14" VPOS="1195" HPOS="680"/>
                  <String HEIGHT="44" WIDTH="96" VPOS="1195" HPOS="639" CONTENT="Non"/>
                  <SP HEIGHT="44" WIDTH="14" VPOS="1195" HPOS="735"/>
                  <String HEIGHT="44"
                          WIDTH="124"
                          VPOS="1195"
                          HPOS="694"
                          CONTENT="tamen"/>
                  <SP HEIGHT="44" WIDTH="14" VPOS="1195" HPOS="818"/>
                  <String HEIGHT="44"
                          WIDTH="110"
                          VPOS="1195"
                          HPOS="776"
                          CONTENT="nego"/>
                  <SP HEIGHT="44" WIDTH="14" VPOS="1195" HPOS="886"/>
                  <String HEIGHT="44"
                          WIDTH="110"
                          VPOS="1195"
                          HPOS="845"
                          CONTENT="quin"/>
                  <SP HEIGHT="44" WIDTH="14" VPOS="1195" HPOS="955"/>
                  <String HEIGHT="44"
                          WIDTH="138"
                          VPOS="1195"
                          HPOS="914"
                          CONTENT="aliqua"/>
                  <SP HEIGHT="44" WIDTH="14" VPOS="1195" HPOS="1052"/>
                  <String HEIGHT="44"
                          WIDTH="151"
                          VPOS="1195"
                          HPOS="1010"
                          CONTENT="iudicia"/>
                  <SP HEIGHT="44" WIDTH="14" VPOS="1195" HPOS="1162"/>
                  <String HEIGHT="44"
                          WIDTH="110"
                          VPOS="1195"
                          HPOS="1107"
                          CONTENT="duarum"/>
               </TextLine>
               <TextLine ID="r1l56"
                         BASELINE="1278"
                         HEIGHT="38"
                         WIDTH="793"
                         VPOS="1240"
                         HPOS="423">
                  <String HEIGHT="38"
                          WIDTH="275"
                          VPOS="1240"
                          HPOS="407"
                          CONTENT="propositionum"/>
                  <SP HEIGHT="38" WIDTH="16" VPOS="1240" HPOS="682"/>
                  <String HEIGHT="38"
                          WIDTH="113"
                          VPOS="1240"
                          HPOS="633"
                          CONTENT="non"/>
                  <SP HEIGHT="38" WIDTH="16" VPOS="1240" HPOS="747"/>
                  <String HEIGHT="38"
                          WIDTH="340"
                          VPOS="1240"
                          HPOS="698"
                          CONTENT="contradictoriarum"/>
                  <SP HEIGHT="38" WIDTH="16" VPOS="1240" HPOS="1038"/>
                  <String HEIGHT="38"
                          WIDTH="243"
                          VPOS="1240"
                          HPOS="973"
                          CONTENT="contrariantur"/>
               </TextLine>
               <TextLine ID="r1l58"
                         BASELINE="1316"
                         HEIGHT="42"
                         WIDTH="772"
                         VPOS="1274"
                         HPOS="439">
                  <String HEIGHT="42" WIDTH="95" VPOS="1274" HPOS="425" CONTENT="quo"/>
                  <SP HEIGHT="42" WIDTH="14" VPOS="1274" HPOS="520"/>
                  <String HEIGHT="42" WIDTH="81" VPOS="1274" HPOS="480" CONTENT="ad"/>
                  <SP HEIGHT="42" WIDTH="14" VPOS="1274" HPOS="561"/>
                  <String HEIGHT="42"
                          WIDTH="108"
                          VPOS="1274"
                          HPOS="520"
                          CONTENT="esse"/>
                  <SP HEIGHT="42" WIDTH="14" VPOS="1274" HPOS="629"/>
                  <String HEIGHT="42" WIDTH="81" VPOS="1274" HPOS="588" CONTENT="in"/>
                  <SP HEIGHT="42" WIDTH="14" VPOS="1274" HPOS="669"/>
                  <String HEIGHT="42"
                          WIDTH="135"
                          VPOS="1274"
                          HPOS="629"
                          CONTENT="aliquo"/>
                  <SP HEIGHT="42" WIDTH="14" VPOS="1274" HPOS="764"/>
                  <String HEIGHT="42"
                          WIDTH="176"
                          VPOS="1274"
                          HPOS="723"
                          CONTENT="subiecto:"/>
                  <SP HEIGHT="42" WIDTH="14" VPOS="1274" HPOS="899"/>
                  <String HEIGHT="42" WIDTH="81" VPOS="1274" HPOS="859" CONTENT="vt"/>
                  <SP HEIGHT="42" WIDTH="14" VPOS="1274" HPOS="940"/>
                  <String HEIGHT="42"
                          WIDTH="149"
                          VPOS="1274"
                          HPOS="899"
                          CONTENT="iudicia"/>
                  <SP HEIGHT="42" WIDTH="14" VPOS="1274" HPOS="1048"/>
                  <String HEIGHT="42"
                          WIDTH="122"
                          VPOS="1274"
                          HPOS="1008"
                          CONTENT="harum"/>
                  <SP HEIGHT="42" WIDTH="14" VPOS="1274" HPOS="1130"/>
                  <String HEIGHT="42"
                          WIDTH="135"
                          VPOS="1274"
                          HPOS="1089"
                          CONTENT="duarum"/>
                  <SP HEIGHT="42" WIDTH="14" VPOS="1274" HPOS="1225"/>
                  <String HEIGHT="42" WIDTH="41" VPOS="1274" HPOS="1170" CONTENT="/"/>
               </TextLine>
               <TextLine ID="r1l60"
                         BASELINE="1352"
                         HEIGHT="43"
                         WIDTH="775"
                         VPOS="1309"
                         HPOS="438">
                  <String HEIGHT="43"
                          WIDTH="113"
                          VPOS="1309"
                          HPOS="424"
                          CONTENT="homo"/>
                  <SP HEIGHT="43" WIDTH="14" VPOS="1309" HPOS="537"/>
                  <String HEIGHT="43"
                          WIDTH="141"
                          VPOS="1309"
                          HPOS="494"
                          CONTENT="currit"/>
                  <SP HEIGHT="43" WIDTH="14" VPOS="1309" HPOS="635"/>
                  <String HEIGHT="43" WIDTH="70" VPOS="1309" HPOS="593" CONTENT="/"/>
                  <SP HEIGHT="43" WIDTH="14" VPOS="1309" HPOS="663"/>
                  <String HEIGHT="43"
                          WIDTH="141"
                          VPOS="1309"
                          HPOS="621"
                          CONTENT="nullum"/>
                  <SP HEIGHT="43" WIDTH="14" VPOS="1309" HPOS="762"/>
                  <String HEIGHT="43"
                          WIDTH="169"
                          VPOS="1309"
                          HPOS="720"
                          CONTENT="risibile"/>
                  <SP HEIGHT="43" WIDTH="14" VPOS="1309" HPOS="889"/>
                  <String HEIGHT="43"
                          WIDTH="155"
                          VPOS="1309"
                          HPOS="847"
                          CONTENT="currit."/>
                  <SP HEIGHT="43" WIDTH="14" VPOS="1309" HPOS="1002"/>
                  <String HEIGHT="43" WIDTH="99" VPOS="1309" HPOS="959" CONTENT="Sed"/>
                  <SP HEIGHT="43" WIDTH="14" VPOS="1309" HPOS="1058"/>
                  <String HEIGHT="43"
                          WIDTH="169"
                          VPOS="1309"
                          HPOS="1016"
                          CONTENT="quicquid"/>
                  <SP HEIGHT="43" WIDTH="14" VPOS="1309" HPOS="1185"/>
                  <String HEIGHT="43"
                          WIDTH="85"
                          VPOS="1309"
                          HPOS="1128"
                          CONTENT="sit:"/>
               </TextLine>
               <TextLine ID="r1l62"
                         BASELINE="1392"
                         HEIGHT="42"
                         WIDTH="779"
                         VPOS="1350"
                         HPOS="435">
                  <String HEIGHT="42"
                          WIDTH="162"
                          VPOS="1350"
                          HPOS="420"
                          CONTENT="dicitur"/>
                  <SP HEIGHT="42" WIDTH="15" VPOS="1350" HPOS="582"/>
                  <String HEIGHT="42"
                          WIDTH="103"
                          VPOS="1350"
                          HPOS="538"
                          CONTENT="non"/>
                  <SP HEIGHT="42" WIDTH="15" VPOS="1350" HPOS="641"/>
                  <String HEIGHT="42"
                          WIDTH="220"
                          VPOS="1350"
                          HPOS="597"
                          CONTENT="inconuenire"/>
                  <SP HEIGHT="42" WIDTH="15" VPOS="1350" HPOS="817"/>
                  <String HEIGHT="42"
                          WIDTH="206"
                          VPOS="1350"
                          HPOS="773"
                          CONTENT="qualitates"/>
                  <SP HEIGHT="42" WIDTH="15" VPOS="1350" HPOS="979"/>
                  <String HEIGHT="42"
                          WIDTH="206"
                          VPOS="1350"
                          HPOS="935"
                          CONTENT="contrarias"/>
                  <SP HEIGHT="42" WIDTH="15" VPOS="1350" HPOS="1141"/>
                  <String HEIGHT="42"
                          WIDTH="132"
                          VPOS="1350"
                          HPOS="1082"
                          CONTENT="inhere"
                          SUBS_TYPE="HypPart1"
                          SUBS_CONTENT="inherere"/>
                  <HYP CONTENT="-"/>
               </TextLine>
               <TextLine ID="r1l64"
                         BASELINE="1428"
                         HEIGHT="47"
                         WIDTH="769"
                         VPOS="1381"
                         HPOS="433">
                  <String HEIGHT="47"
                          WIDTH="84"
                          VPOS="1381"
                          HPOS="419"
                          CONTENT="re"
                          SUBS_TYPE="HypPart2"
                          SUBS_CONTENT="inherere"/>
                  <SP HEIGHT="47" WIDTH="14" VPOS="1381" HPOS="503"/>
                  <String HEIGHT="47"
                          WIDTH="126"
                          VPOS="1381"
                          HPOS="461"
                          CONTENT="eidem"/>
                  <SP HEIGHT="47" WIDTH="14" VPOS="1381" HPOS="587"/>
                  <String HEIGHT="47"
                          WIDTH="168"
                          VPOS="1381"
                          HPOS="545"
                          CONTENT="subiecto"/>
                  <SP HEIGHT="47" WIDTH="14" VPOS="1381" HPOS="713"/>
                  <String HEIGHT="47"
                          WIDTH="224"
                          VPOS="1381"
                          HPOS="671"
                          CONTENT="presupposito"/>
                  <SP HEIGHT="47" WIDTH="14" VPOS="1381" HPOS="894"/>
                  <String HEIGHT="47"
                          WIDTH="182"
                          VPOS="1381"
                          HPOS="852"
                          CONTENT="miraculo:"/>
                  <SP HEIGHT="47" WIDTH="14" VPOS="1381" HPOS="1034"/>
                  <String HEIGHT="47"
                          WIDTH="182"
                          VPOS="1381"
                          HPOS="992"
                          CONTENT="videlicet"/>
                  <SP HEIGHT="47" WIDTH="14" VPOS="1381" HPOS="1174"/>
                  <String HEIGHT="47"
                          WIDTH="84"
                          VPOS="1381"
                          HPOS="1118"
                          CONTENT="quod"/>
               </TextLine>
               <TextLine ID="r1l66"
                         BASELINE="1463"
                         HEIGHT="43"
                         WIDTH="782"
                         VPOS="1420"
                         HPOS="426">
                  <String HEIGHT="43"
                          WIDTH="182"
                          VPOS="1420"
                          HPOS="412"
                          CONTENT="subiectum"/>
                  <SP HEIGHT="43" WIDTH="14" VPOS="1420" HPOS="594"/>
                  <String HEIGHT="43" WIDTH="98" VPOS="1420" HPOS="552" CONTENT="sit"/>
                  <SP HEIGHT="43" WIDTH="14" VPOS="1420" HPOS="649"/>
                  <String HEIGHT="43" WIDTH="84" VPOS="1420" HPOS="608" CONTENT="in"/>
                  <SP HEIGHT="43" WIDTH="14" VPOS="1420" HPOS="691"/>
                  <String HEIGHT="43"
                          WIDTH="140"
                          VPOS="1420"
                          HPOS="649"
                          CONTENT="variis"/>
                  <SP HEIGHT="43" WIDTH="14" VPOS="1420" HPOS="789"/>
                  <String HEIGHT="43"
                          WIDTH="140"
                          VPOS="1420"
                          HPOS="747"
                          CONTENT="locis."/>
                  <SP HEIGHT="43" WIDTH="14" VPOS="1420" HPOS="887"/>
                  <String HEIGHT="43" WIDTH="84" VPOS="1420" HPOS="845" CONTENT="At"/>
                  <SP HEIGHT="43" WIDTH="14" VPOS="1420" HPOS="929"/>
                  <String HEIGHT="43"
                          WIDTH="140"
                          VPOS="1420"
                          HPOS="887"
                          CONTENT="dices."/>
                  <SP HEIGHT="43" WIDTH="14" VPOS="1420" HPOS="1026"/>
                  <String HEIGHT="43" WIDTH="84" VPOS="1420" HPOS="985" CONTENT="ex"/>
                  <SP HEIGHT="43" WIDTH="14" VPOS="1420" HPOS="1068"/>
                  <String HEIGHT="43"
                          WIDTH="182"
                          VPOS="1420"
                          HPOS="1026"
                          CONTENT="euidentia"/>
                  <SP HEIGHT="43" WIDTH="14" VPOS="1420" HPOS="1208"/>
                  <String HEIGHT="43" WIDTH="56" VPOS="1420" HPOS="1152" CONTENT="ei"/>
               </TextLine>
               <TextLine ID="r1l68"
                         BASELINE="1502"
                         HEIGHT="43"
                         WIDTH="781"
                         VPOS="1459"
                         HPOS="427">
                  <String HEIGHT="43"
                          WIDTH="168"
                          VPOS="1459"
                          HPOS="412"
                          CONTENT="notitia"/>
                  <SP HEIGHT="43" WIDTH="15" VPOS="1459" HPOS="580"/>
                  <String HEIGHT="43"
                          WIDTH="168"
                          VPOS="1459"
                          HPOS="534"
                          CONTENT="obscura"/>
                  <SP HEIGHT="43" WIDTH="15" VPOS="1459" HPOS="703"/>
                  <String HEIGHT="43"
                          WIDTH="184"
                          VPOS="1459"
                          HPOS="657"
                          CONTENT="doctores"/>
                  <SP HEIGHT="43" WIDTH="15" VPOS="1459" HPOS="840"/>
                  <String HEIGHT="43"
                          WIDTH="184"
                          VPOS="1459"
                          HPOS="795"
                          CONTENT="nituntur"/>
                  <SP HEIGHT="43" WIDTH="15" VPOS="1459" HPOS="978"/>
                  <String HEIGHT="43"
                          WIDTH="168"
                          VPOS="1459"
                          HPOS="932"
                          CONTENT="inferre"/>
                  <SP HEIGHT="43" WIDTH="15" VPOS="1459" HPOS="1101"/>
                  <String HEIGHT="43"
                          WIDTH="168"
                          VPOS="1459"
                          HPOS="1040"
                          CONTENT="contradi"
                          SUBS_TYPE="HypPart1"
                          SUBS_CONTENT="contradictionem."/>
                  <HYP CONTENT="-"/>
               </TextLine>
               <TextLine ID="r1l70"
                         BASELINE="1538"
                         HEIGHT="43"
                         WIDTH="790"
                         VPOS="1495"
                         HPOS="426">
                  <String HEIGHT="43"
                          WIDTH="186"
                          VPOS="1495"
                          HPOS="411"
                          CONTENT="ctionem."
                          SUBS_TYPE="HypPart2"
                          SUBS_CONTENT="contradictionem."/>
                  <SP HEIGHT="43" WIDTH="15" VPOS="1495" HPOS="596"/>
                  <String HEIGHT="43"
                          WIDTH="124"
                          VPOS="1495"
                          HPOS="550"
                          CONTENT="modo"/>
                  <SP HEIGHT="43" WIDTH="15" VPOS="1495" HPOS="674"/>
                  <String HEIGHT="43"
                          WIDTH="279"
                          VPOS="1495"
                          HPOS="627"
                          CONTENT="contradictoria"/>
                  <SP HEIGHT="43" WIDTH="15" VPOS="1495" HPOS="906"/>
                  <String HEIGHT="43"
                          WIDTH="108"
                          VPOS="1495"
                          HPOS="860"
                          CONTENT="non"/>
                  <SP HEIGHT="43" WIDTH="15" VPOS="1495" HPOS="968"/>
                  <String HEIGHT="43"
                          WIDTH="170"
                          VPOS="1495"
                          HPOS="922"
                          CONTENT="possunt"/>
                  <SP HEIGHT="43" WIDTH="15" VPOS="1495" HPOS="1092"/>
                  <String HEIGHT="43"
                          WIDTH="186"
                          VPOS="1495"
                          HPOS="1030"
                          CONTENT="verificari"/>
               </TextLine>
               <TextLine ID="r1l72"
                         BASELINE="1578"
                         HEIGHT="43"
                         WIDTH="782"
                         VPOS="1535"
                         HPOS="432">
                  <String HEIGHT="43" WIDTH="87" VPOS="1535" HPOS="418" CONTENT="de"/>
                  <SP HEIGHT="43" WIDTH="14" VPOS="1535" HPOS="504"/>
                  <String HEIGHT="43"
                          WIDTH="174"
                          VPOS="1535"
                          HPOS="461"
                          CONTENT="potentia"/>
                  <SP HEIGHT="43" WIDTH="14" VPOS="1535" HPOS="635"/>
                  <String HEIGHT="43"
                          WIDTH="101"
                          VPOS="1535"
                          HPOS="591"
                          CONTENT="dei"/>
                  <SP HEIGHT="43" WIDTH="14" VPOS="1535" HPOS="693"/>
                  <String HEIGHT="43"
                          WIDTH="188"
                          VPOS="1535"
                          HPOS="649"
                          CONTENT="absoluta."/>
                  <SP HEIGHT="43" WIDTH="14" VPOS="1535" HPOS="837"/>
                  <String HEIGHT="43"
                          WIDTH="101"
                          VPOS="1535"
                          HPOS="794"
                          CONTENT="Sed"/>
                  <SP HEIGHT="43" WIDTH="14" VPOS="1535" HPOS="895"/>
                  <String HEIGHT="43"
                          WIDTH="145"
                          VPOS="1535"
                          HPOS="852"
                          CONTENT="dices:"/>
                  <SP HEIGHT="43" WIDTH="14" VPOS="1535" HPOS="997"/>
                  <String HEIGHT="43"
                          WIDTH="188"
                          VPOS="1535"
                          HPOS="953"
                          CONTENT="inferimus"/>
                  <SP HEIGHT="43" WIDTH="14" VPOS="1535" HPOS="1142"/>
                  <String HEIGHT="43"
                          WIDTH="130"
                          VPOS="1535"
                          HPOS="1084"
                          CONTENT="aliquas"/>
               </TextLine>
               <TextLine ID="r1l74"
                         BASELINE="1617"
                         HEIGHT="47"
                         WIDTH="773"
                         VPOS="1570"
                         HPOS="433">
                  <String HEIGHT="47"
                          WIDTH="199"
                          VPOS="1570"
                          HPOS="421"
                          CONTENT="onsequentias"/>
                  <SP HEIGHT="47" WIDTH="12" VPOS="1570" HPOS="620"/>
                  <String HEIGHT="47"
                          WIDTH="137"
                          VPOS="1570"
                          HPOS="583"
                          CONTENT="tenendo"/>
                  <SP HEIGHT="47" WIDTH="12" VPOS="1570" HPOS="720"/>
                  <String HEIGHT="47"
                          WIDTH="162"
                          VPOS="1570"
                          HPOS="682"
                          CONTENT="principia"/>
                  <SP HEIGHT="47" WIDTH="12" VPOS="1570" HPOS="844"/>
                  <String HEIGHT="47"
                          WIDTH="125"
                          VPOS="1570"
                          HPOS="807"
                          CONTENT="aliqua"/>
                  <SP HEIGHT="47" WIDTH="12" VPOS="1570" HPOS="932"/>
                  <String HEIGHT="47"
                          WIDTH="187"
                          VPOS="1570"
                          HPOS="894"
                          CONTENT="naturaliter"/>
                  <SP HEIGHT="47" WIDTH="12" VPOS="1570" HPOS="1081"/>
                  <String HEIGHT="47"
                          WIDTH="100"
                          VPOS="1570"
                          HPOS="1044"
                          CONTENT="quas"/>
                  <SP HEIGHT="47" WIDTH="12" VPOS="1570" HPOS="1144"/>
                  <String HEIGHT="47"
                          WIDTH="112"
                          VPOS="1570"
                          HPOS="1094"
                          CONTENT="numquam"/>
               </TextLine>
               <TextLine ID="r1l76"
                         BASELINE="1648"
                         HEIGHT="45"
                         WIDTH="789"
                         VPOS="1603"
                         HPOS="421">
                  <String HEIGHT="45"
                          WIDTH="197"
                          VPOS="1603"
                          HPOS="406"
                          CONTENT="inferemus"/>
                  <SP HEIGHT="45" WIDTH="15" VPOS="1603" HPOS="603"/>
                  <String HEIGHT="45"
                          WIDTH="243"
                          VPOS="1603"
                          HPOS="558"
                          CONTENT="simpliciter:"/>
                  <SP HEIGHT="45" WIDTH="15" VPOS="1603" HPOS="800"/>
                  <String HEIGHT="45"
                          WIDTH="152"
                          VPOS="1603"
                          HPOS="755"
                          CONTENT="vtputa"/>
                  <SP HEIGHT="45" WIDTH="15" VPOS="1603" HPOS="907"/>
                  <String HEIGHT="45"
                          WIDTH="167"
                          VPOS="1603"
                          HPOS="861"
                          CONTENT="dicimus"/>
                  <SP HEIGHT="45" WIDTH="15" VPOS="1603" HPOS="1028"/>
                  <String HEIGHT="45" WIDTH="76" VPOS="1603" HPOS="982" CONTENT="/"/>
                  <SP HEIGHT="45" WIDTH="15" VPOS="1603" HPOS="1058"/>
                  <String HEIGHT="45"
                          WIDTH="106"
                          VPOS="1603"
                          HPOS="1013"
                          CONTENT="hoc"/>
                  <SP HEIGHT="45" WIDTH="15" VPOS="1603" HPOS="1119"/>
                  <String HEIGHT="45"
                          WIDTH="106"
                          VPOS="1603"
                          HPOS="1073"
                          CONTENT="est"/>
                  <SP HEIGHT="45" WIDTH="15" VPOS="1603" HPOS="1180"/>
                  <String HEIGHT="45"
                          WIDTH="91"
                          VPOS="1603"
                          HPOS="1119"
                          CONTENT="sum"
                          SUBS_TYPE="HypPart1"
                          SUBS_CONTENT="summe"/>
                  <HYP CONTENT="-"/>
               </TextLine>
               <TextLine ID="r1l78"
                         BASELINE="1687"
                         HEIGHT="42"
                         WIDTH="795"
                         VPOS="1645"
                         HPOS="420">
                  <String HEIGHT="42"
                          WIDTH="88"
                          VPOS="1645"
                          HPOS="405"
                          CONTENT="me"
                          SUBS_TYPE="HypPart2"
                          SUBS_CONTENT="summe"/>
                  <SP HEIGHT="42" WIDTH="15" VPOS="1645" HPOS="494"/>
                  <String HEIGHT="42"
                          WIDTH="177"
                          VPOS="1645"
                          HPOS="449"
                          CONTENT="calidum:"/>
                  <SP HEIGHT="42" WIDTH="15" VPOS="1645" HPOS="626"/>
                  <String HEIGHT="42"
                          WIDTH="118"
                          VPOS="1645"
                          HPOS="582"
                          CONTENT="ergo"/>
                  <SP HEIGHT="42" WIDTH="15" VPOS="1645" HPOS="700"/>
                  <String HEIGHT="42"
                          WIDTH="103"
                          VPOS="1645"
                          HPOS="656"
                          CONTENT="hoc"/>
                  <SP HEIGHT="42" WIDTH="15" VPOS="1645" HPOS="759"/>
                  <String HEIGHT="42"
                          WIDTH="103"
                          VPOS="1645"
                          HPOS="714"
                          CONTENT="non"/>
                  <SP HEIGHT="42" WIDTH="15" VPOS="1645" HPOS="818"/>
                  <String HEIGHT="42"
                          WIDTH="103"
                          VPOS="1645"
                          HPOS="773"
                          CONTENT="est"/>
                  <SP HEIGHT="42" WIDTH="15" VPOS="1645" HPOS="876"/>
                  <String HEIGHT="42"
                          WIDTH="191"
                          VPOS="1645"
                          HPOS="832"
                          CONTENT="frigidum."/>
                  <SP HEIGHT="42" WIDTH="15" VPOS="1645" HPOS="1024"/>
                  <String HEIGHT="42"
                          WIDTH="103"
                          VPOS="1645"
                          HPOS="979"
                          CONTENT="Non"/>
                  <SP HEIGHT="42" WIDTH="15" VPOS="1645" HPOS="1083"/>
                  <String HEIGHT="42"
                          WIDTH="118"
                          VPOS="1645"
                          HPOS="1038"
                          CONTENT="stes"/>
                  <SP HEIGHT="42" WIDTH="15" VPOS="1645" HPOS="1156"/>
                  <String HEIGHT="42" WIDTH="88" VPOS="1645" HPOS="1112" CONTENT="in"/>
                  <SP HEIGHT="42" WIDTH="15" VPOS="1645" HPOS="1200"/>
                  <String HEIGHT="42"
                          WIDTH="74"
                          VPOS="1645"
                          HPOS="1141"
                          CONTENT="de"
                          SUBS_TYPE="HypPart1"
                          SUBS_CONTENT="denominatione"/>
                  <HYP CONTENT="-"/>
               </TextLine>
               <TextLine ID="r1l80"
                         BASELINE="1723"
                         HEIGHT="43"
                         WIDTH="786"
                         VPOS="1680"
                         HPOS="420">
                  <String HEIGHT="43"
                          WIDTH="236"
                          VPOS="1680"
                          HPOS="404"
                          CONTENT="nominatione"
                          SUBS_TYPE="HypPart2"
                          SUBS_CONTENT="denominatione"/>
                  <SP HEIGHT="43" WIDTH="16" VPOS="1680" HPOS="640"/>
                  <String HEIGHT="43"
                          WIDTH="220"
                          VPOS="1680"
                          HPOS="593"
                          CONTENT="concretiua"/>
                  <SP HEIGHT="43" WIDTH="16" VPOS="1680" HPOS="813"/>
                  <String HEIGHT="43"
                          WIDTH="126"
                          VPOS="1680"
                          HPOS="766"
                          CONTENT="quod"/>
                  <SP HEIGHT="43" WIDTH="16" VPOS="1680" HPOS="892"/>
                  <String HEIGHT="43"
                          WIDTH="220"
                          VPOS="1680"
                          HPOS="844"
                          CONTENT="qualitates"/>
                  <SP HEIGHT="43" WIDTH="16" VPOS="1680" HPOS="1065"/>
                  <String HEIGHT="43"
                          WIDTH="141"
                          VPOS="1680"
                          HPOS="1017"
                          CONTENT="summe"/>
                  <SP HEIGHT="43" WIDTH="16" VPOS="1680" HPOS="1159"/>
                  <String HEIGHT="43"
                          WIDTH="110"
                          VPOS="1680"
                          HPOS="1096"
                          CONTENT="deno"
                          SUBS_TYPE="HypPart1"
                          SUBS_CONTENT="denominationem"/>
                  <HYP CONTENT="-"/>
               </TextLine>
               <TextLine ID="r1l82"
                         BASELINE="1762"
                         HEIGHT="43"
                         WIDTH="782"
                         VPOS="1719"
                         HPOS="422">
                  <String HEIGHT="43"
                          WIDTH="215"
                          VPOS="1719"
                          HPOS="407"
                          CONTENT="minationem"
                          SUBS_TYPE="HypPart2"
                          SUBS_CONTENT="denominationem"/>
                  <SP HEIGHT="43" WIDTH="15" VPOS="1719" HPOS="621"/>
                  <String HEIGHT="43"
                          WIDTH="153"
                          VPOS="1719"
                          HPOS="575"
                          CONTENT="summam"/>
                  <SP HEIGHT="43" WIDTH="15" VPOS="1719" HPOS="729"/>
                  <String HEIGHT="43"
                          WIDTH="230"
                          VPOS="1719"
                          HPOS="683"
                          CONTENT="prepediant."/>
                  <SP HEIGHT="43" WIDTH="15" VPOS="1719" HPOS="913"/>
                  <String HEIGHT="43"
                          WIDTH="153"
                          VPOS="1719"
                          HPOS="867"
                          CONTENT="accipe"/>
                  <SP HEIGHT="43" WIDTH="15" VPOS="1719" HPOS="1020"/>
                  <String HEIGHT="43"
                          WIDTH="199"
                          VPOS="1719"
                          HPOS="974"
                          CONTENT="abstracta"/>
                  <SP HEIGHT="43" WIDTH="15" VPOS="1719" HPOS="1173"/>
                  <String HEIGHT="43"
                          WIDTH="92"
                          VPOS="1719"
                          HPOS="1112"
                          CONTENT="sum"
                          SUBS_TYPE="HypPart1"
                          SUBS_CONTENT="summa."/>
                  <HYP CONTENT="-"/>
               </TextLine>
               <TextLine ID="r1l84"
                         BASELINE="1800"
                         HEIGHT="42"
                         WIDTH="785"
                         VPOS="1758"
                         HPOS="429">
                  <String HEIGHT="42"
                          WIDTH="108"
                          VPOS="1758"
                          HPOS="414"
                          CONTENT="ma."
                          SUBS_TYPE="HypPart2"
                          SUBS_CONTENT="summa."/>
                  <SP HEIGHT="42" WIDTH="15" VPOS="1758" HPOS="521"/>
                  <String HEIGHT="42"
                          WIDTH="139"
                          VPOS="1758"
                          HPOS="475"
                          CONTENT="Tales"/>
                  <SP HEIGHT="42" WIDTH="15" VPOS="1758" HPOS="614"/>
                  <String HEIGHT="42"
                          WIDTH="154"
                          VPOS="1758"
                          HPOS="568"
                          CONTENT="quidem"/>
                  <SP HEIGHT="42" WIDTH="15" VPOS="1758" HPOS="721"/>
                  <String HEIGHT="42"
                          WIDTH="154"
                          VPOS="1758"
                          HPOS="675"
                          CONTENT="comnas"/>
                  <SP HEIGHT="42" WIDTH="15" VPOS="1758" HPOS="829"/>
                  <String HEIGHT="42"
                          WIDTH="215"
                          VPOS="1758"
                          HPOS="783"
                          CONTENT="concederet"/>
                  <SP HEIGHT="42" WIDTH="15" VPOS="1758" HPOS="999"/>
                  <String HEIGHT="42"
                          WIDTH="231"
                          VPOS="1758"
                          HPOS="952"
                          CONTENT="Aristoteles"/>
                  <SP HEIGHT="42" WIDTH="15" VPOS="1758" HPOS="1183"/>
                  <String HEIGHT="42"
                          WIDTH="92"
                          VPOS="1758"
                          HPOS="1122"
                          CONTENT="quas"/>
               </TextLine>
               <TextLine ID="r1l86"
                         BASELINE="1830"
                         HEIGHT="39"
                         WIDTH="772"
                         VPOS="1791"
                         HPOS="435">
                  <String HEIGHT="39" WIDTH="93" VPOS="1791" HPOS="422" CONTENT="nos"/>
                  <SP HEIGHT="39" WIDTH="13" VPOS="1791" HPOS="515"/>
                  <String HEIGHT="39"
                          WIDTH="186"
                          VPOS="1791"
                          HPOS="475"
                          CONTENT="negaremus."/>
                  <SP HEIGHT="39" WIDTH="13" VPOS="1791" HPOS="661"/>
                  <String HEIGHT="39"
                          WIDTH="106"
                          VPOS="1791"
                          HPOS="621"
                          CONTENT="Quod"/>
                  <SP HEIGHT="39" WIDTH="13" VPOS="1791" HPOS="728"/>
                  <String HEIGHT="39"
                          WIDTH="133"
                          VPOS="1791"
                          HPOS="688"
                          CONTENT="dictum"/>
                  <SP HEIGHT="39" WIDTH="13" VPOS="1791" HPOS="821"/>
                  <String HEIGHT="39" WIDTH="93" VPOS="1791" HPOS="781" CONTENT="est"/>
                  <SP HEIGHT="39" WIDTH="13" VPOS="1791" HPOS="874"/>
                  <String HEIGHT="39" WIDTH="80" VPOS="1791" HPOS="834" CONTENT="de"/>
                  <SP HEIGHT="39" WIDTH="13" VPOS="1791" HPOS="914"/>
                  <String HEIGHT="39"
                          WIDTH="120"
                          VPOS="1791"
                          HPOS="874"
                          CONTENT="anima"/>
                  <SP HEIGHT="39" WIDTH="13" VPOS="1791" HPOS="994"/>
                  <String HEIGHT="39" WIDTH="93" VPOS="1791" HPOS="954" CONTENT="(vt"/>
                  <SP HEIGHT="39" WIDTH="13" VPOS="1791" HPOS="1047"/>
                  <String HEIGHT="39" WIDTH="80" VPOS="1791" HPOS="1007" CONTENT="in"/>
                  <SP HEIGHT="39" WIDTH="13" VPOS="1791" HPOS="1087"/>
                  <String HEIGHT="39"
                          WIDTH="173"
                          VPOS="1791"
                          HPOS="1034"
                          CONTENT="posteriori"
                          SUBS_TYPE="HypPart1"
                          SUBS_CONTENT="posterioribue"/>
                  <HYP CONTENT="-"/>
               </TextLine>
               <TextLine ID="r1l88"
                         BASELINE="1875"
                         HEIGHT="46"
                         WIDTH="774"
                         VPOS="1829"
                         HPOS="438">
                  <String HEIGHT="46"
                          WIDTH="99"
                          VPOS="1829"
                          HPOS="424"
                          CONTENT="bue"
                          SUBS_TYPE="HypPart2"
                          SUBS_CONTENT="posterioribue"/>
                  <SP HEIGHT="46" WIDTH="14" VPOS="1829" HPOS="522"/>
                  <String HEIGHT="46"
                          WIDTH="169"
                          VPOS="1829"
                          HPOS="480"
                          CONTENT="diximus)"/>
                  <SP HEIGHT="46" WIDTH="14" VPOS="1829" HPOS="649"/>
                  <String HEIGHT="46" WIDTH="70" VPOS="1829" HPOS="607" CONTENT="/"/>
                  <SP HEIGHT="46" WIDTH="14" VPOS="1829" HPOS="677"/>
                  <String HEIGHT="46" WIDTH="99" VPOS="1829" HPOS="635" CONTENT="non"/>
                  <SP HEIGHT="46" WIDTH="14" VPOS="1829" HPOS="734"/>
                  <String HEIGHT="46"
                          WIDTH="183"
                          VPOS="1829"
                          HPOS="691"
                          CONTENT="concludit"/>
                  <SP HEIGHT="46" WIDTH="14" VPOS="1829" HPOS="874"/>
                  <String HEIGHT="46"
                          WIDTH="155"
                          VPOS="1829"
                          HPOS="832"
                          CONTENT="dummodo"/>
                  <SP HEIGHT="46" WIDTH="14" VPOS="1829" HPOS="987"/>
                  <String HEIGHT="46" WIDTH="99" VPOS="1829" HPOS="945" CONTENT="sit"/>
                  <SP HEIGHT="46" WIDTH="14" VPOS="1829" HPOS="1043"/>
                  <String HEIGHT="46"
                          WIDTH="197"
                          VPOS="1829"
                          HPOS="1001"
                          CONTENT="informatio"/>
                  <SP HEIGHT="46" WIDTH="14" VPOS="1829" HPOS="1198"/>
                  <String HEIGHT="46" WIDTH="84" VPOS="1829" HPOS="1156" CONTENT="ad"/>
                  <SP HEIGHT="46" WIDTH="14" VPOS="1829" HPOS="1240"/>
                  <String HEIGHT="46" WIDTH="28" VPOS="1829" HPOS="1184" CONTENT=""/>
               </TextLine>
               <TextLine ID="r1l90"
                         BASELINE="1904"
                         HEIGHT="40"
                         WIDTH="762"
                         VPOS="1864"
                         HPOS="436">
                  <String HEIGHT="40"
                          WIDTH="100"
                          VPOS="1864"
                          HPOS="424"
                          CONTENT="vnum"/>
                  <SP HEIGHT="40" WIDTH="12" VPOS="1864" HPOS="523"/>
                  <String HEIGHT="40"
                          WIDTH="137"
                          VPOS="1864"
                          HPOS="486"
                          CONTENT="corpus:"/>
                  <SP HEIGHT="40" WIDTH="12" VPOS="1864" HPOS="623"/>
                  <String HEIGHT="40" WIDTH="87" VPOS="1864" HPOS="586" CONTENT="vel"/>
                  <SP HEIGHT="40" WIDTH="12" VPOS="1864" HPOS="673"/>
                  <String HEIGHT="40" WIDTH="75" VPOS="1864" HPOS="636" CONTENT="de"/>
                  <SP HEIGHT="40" WIDTH="12" VPOS="1864" HPOS="711"/>
                  <String HEIGHT="40"
                          WIDTH="112"
                          VPOS="1864"
                          HPOS="673"
                          CONTENT="anima"/>
                  <SP HEIGHT="40" WIDTH="12" VPOS="1864" HPOS="786"/>
                  <String HEIGHT="40"
                          WIDTH="150"
                          VPOS="1864"
                          HPOS="748"
                          CONTENT="separata"/>
                  <SP HEIGHT="40" WIDTH="12" VPOS="1864" HPOS="898"/>
                  <String HEIGHT="40" WIDTH="87" VPOS="1864" HPOS="861" CONTENT="dum"/>
                  <SP HEIGHT="40" WIDTH="12" VPOS="1864" HPOS="948"/>
                  <String HEIGHT="40" WIDTH="87" VPOS="1864" HPOS="911" CONTENT="est"/>
                  <SP HEIGHT="40" WIDTH="12" VPOS="1864" HPOS="998"/>
                  <String HEIGHT="40"
                          WIDTH="237"
                          VPOS="1864"
                          HPOS="961"
                          CONTENT="praesentialitas"/>
                  <SP HEIGHT="40" WIDTH="12" VPOS="1864" HPOS="1198"/>
                  <String HEIGHT="40" WIDTH="50" VPOS="1864" HPOS="1148" CONTENT="ac"/>
               </TextLine>
               <TextLine ID="r1l92"
                         BASELINE="1944"
                         HEIGHT="43"
                         WIDTH="777"
                         VPOS="1901"
                         HPOS="430">
                  <String HEIGHT="43"
                          WIDTH="120"
                          VPOS="1901"
                          HPOS="418"
                          CONTENT="eundem"/>
                  <SP HEIGHT="43" WIDTH="12" VPOS="1901" HPOS="538"/>
                  <String HEIGHT="43"
                          WIDTH="120"
                          VPOS="1901"
                          HPOS="502"
                          CONTENT="locum."/>
                  <SP HEIGHT="43" WIDTH="12" VPOS="1901" HPOS="621"/>
                  <String HEIGHT="43" WIDTH="72" VPOS="1901" HPOS="585" CONTENT="et"/>
                  <SP HEIGHT="43" WIDTH="12" VPOS="1901" HPOS="657"/>
                  <String HEIGHT="43"
                          WIDTH="96"
                          VPOS="1901"
                          HPOS="621"
                          CONTENT="idem"/>
                  <SP HEIGHT="43" WIDTH="12" VPOS="1901" HPOS="717"/>
                  <String HEIGHT="43" WIDTH="84" VPOS="1901" HPOS="681" CONTENT="est"/>
                  <SP HEIGHT="43" WIDTH="12" VPOS="1901" HPOS="765"/>
                  <String HEIGHT="43" WIDTH="72" VPOS="1901" HPOS="729" CONTENT="si"/>
                  <SP HEIGHT="43" WIDTH="12" VPOS="1901" HPOS="801"/>
                  <String HEIGHT="43"
                          WIDTH="108"
                          VPOS="1901"
                          HPOS="765"
                          CONTENT="esset"/>
                  <SP HEIGHT="43" WIDTH="12" VPOS="1901" HPOS="872"/>
                  <String HEIGHT="43" WIDTH="72" VPOS="1901" HPOS="836" CONTENT="in"/>
                  <SP HEIGHT="43" WIDTH="12" VPOS="1901" HPOS="908"/>
                  <String HEIGHT="43"
                          WIDTH="108"
                          VPOS="1901"
                          HPOS="872"
                          CONTENT="locis"/>
                  <SP HEIGHT="43" WIDTH="12" VPOS="1901" HPOS="980"/>
                  <String HEIGHT="43"
                          WIDTH="131"
                          VPOS="1901"
                          HPOS="944"
                          CONTENT="vicinis"/>
                  <SP HEIGHT="43" WIDTH="12" VPOS="1901" HPOS="1076"/>
                  <String HEIGHT="43"
                          WIDTH="84"
                          VPOS="1901"
                          HPOS="1040"
                          CONTENT="vbi"/>
                  <SP HEIGHT="43" WIDTH="12" VPOS="1901" HPOS="1123"/>
                  <String HEIGHT="43"
                          WIDTH="84"
                          VPOS="1901"
                          HPOS="1087"
                          CONTENT="est"/>
                  <SP HEIGHT="43" WIDTH="12" VPOS="1901" HPOS="1171"/>
                  <String HEIGHT="43"
                          WIDTH="84"
                          VPOS="1901"
                          HPOS="1123"
                          CONTENT="equa"
                          SUBS_TYPE="HypPart1"
                          SUBS_CONTENT="equalis"/>
                  <HYP CONTENT="-"/>
               </TextLine>
               <TextLine ID="r1l94"
                         BASELINE="1990"
                         HEIGHT="53"
                         WIDTH="784"
                         VPOS="1937"
                         HPOS="427">
                  <String HEIGHT="53"
                          WIDTH="89"
                          VPOS="1937"
                          HPOS="414"
                          CONTENT="lis"
                          SUBS_TYPE="HypPart2"
                          SUBS_CONTENT="equalis"/>
                  <SP HEIGHT="53" WIDTH="13" VPOS="1937" HPOS="503"/>
                  <String HEIGHT="53"
                          WIDTH="202"
                          VPOS="1937"
                          HPOS="465"
                          CONTENT="receptiuitas"/>
                  <SP HEIGHT="53" WIDTH="13" VPOS="1937" HPOS="667"/>
                  <String HEIGHT="53"
                          WIDTH="152"
                          VPOS="1937"
                          HPOS="629"
                          CONTENT="respectu"/>
                  <SP HEIGHT="53" WIDTH="13" VPOS="1937" HPOS="781"/>
                  <String HEIGHT="53"
                          WIDTH="152"
                          VPOS="1937"
                          HPOS="743"
                          CONTENT="agentis."/>
                  <SP HEIGHT="53" WIDTH="13" VPOS="1937" HPOS="895"/>
                  <String HEIGHT="53"
                          WIDTH="126"
                          VPOS="1937"
                          HPOS="857"
                          CONTENT="sortes"/>
                  <SP HEIGHT="53" WIDTH="13" VPOS="1937" HPOS="983"/>
                  <String HEIGHT="53"
                          WIDTH="126"
                          VPOS="1937"
                          HPOS="945"
                          CONTENT="namque"/>
                  <SP HEIGHT="53" WIDTH="13" VPOS="1937" HPOS="1072"/>
                  <String HEIGHT="53"
                          WIDTH="114"
                          VPOS="1937"
                          HPOS="1034"
                          CONTENT="praet"/>
                  <SP HEIGHT="53" WIDTH="13" VPOS="1937" HPOS="1148"/>
                  <String HEIGHT="53"
                          WIDTH="101"
                          VPOS="1937"
                          HPOS="1110"
                          CONTENT="esse"/>
                  <SP HEIGHT="53" WIDTH="13" VPOS="1937" HPOS="1211"/>
                  <String HEIGHT="53" WIDTH="51" VPOS="1937" HPOS="1160" CONTENT="in"/>
               </TextLine>
               <TextLine ID="r1l96"
                         BASELINE="2018"
                         HEIGHT="44"
                         WIDTH="784"
                         VPOS="1974"
                         HPOS="430">
                  <String HEIGHT="44"
                          WIDTH="143"
                          VPOS="1974"
                          HPOS="416"
                          CONTENT="duobus"/>
                  <SP HEIGHT="44" WIDTH="14" VPOS="1974" HPOS="558"/>
                  <String HEIGHT="44"
                          WIDTH="128"
                          VPOS="1974"
                          HPOS="516"
                          CONTENT="locis"/>
                  <SP HEIGHT="44" WIDTH="14" VPOS="1974" HPOS="644"/>
                  <String HEIGHT="44"
                          WIDTH="100"
                          VPOS="1974"
                          HPOS="601"
                          CONTENT="ita"/>
                  <SP HEIGHT="44" WIDTH="14" VPOS="1974" HPOS="701"/>
                  <String HEIGHT="44"
                          WIDTH="214"
                          VPOS="1974"
                          HPOS="658"
                          CONTENT="propinquis:"/>
                  <SP HEIGHT="44" WIDTH="14" VPOS="1974" HPOS="872"/>
                  <String HEIGHT="44" WIDTH="86" VPOS="1974" HPOS="829" CONTENT="vt"/>
                  <SP HEIGHT="44" WIDTH="14" VPOS="1974" HPOS="915"/>
                  <String HEIGHT="44"
                          WIDTH="128"
                          VPOS="1974"
                          HPOS="872"
                          CONTENT="nihil"/>
                  <SP HEIGHT="44" WIDTH="14" VPOS="1974" HPOS="1000"/>
                  <String HEIGHT="44"
                          WIDTH="143"
                          VPOS="1974"
                          HPOS="957"
                          CONTENT="audiat"/>
                  <SP HEIGHT="44" WIDTH="14" VPOS="1974" HPOS="1100"/>
                  <String HEIGHT="44"
                          WIDTH="100"
                          VPOS="1974"
                          HPOS="1057"
                          CONTENT="vel"/>
                  <SP HEIGHT="44" WIDTH="14" VPOS="1974" HPOS="1157"/>
                  <String HEIGHT="44"
                          WIDTH="114"
                          VPOS="1974"
                          HPOS="1100"
                          CONTENT="videat"/>
               </TextLine>
               <TextLine ID="r1l98"
                         BASELINE="2058"
                         HEIGHT="46"
                         WIDTH="775"
                         VPOS="2012"
                         HPOS="436">
                  <String HEIGHT="46" WIDTH="89" VPOS="2012" HPOS="421" CONTENT="in"/>
                  <SP HEIGHT="46" WIDTH="15" VPOS="2012" HPOS="511"/>
                  <String HEIGHT="46"
                          WIDTH="104"
                          VPOS="2012"
                          HPOS="466"
                          CONTENT="vno"/>
                  <SP HEIGHT="46" WIDTH="15" VPOS="2012" HPOS="570"/>
                  <String HEIGHT="46"
                          WIDTH="119"
                          VPOS="2012"
                          HPOS="525"
                          CONTENT="loco"/>
                  <SP HEIGHT="46" WIDTH="15" VPOS="2012" HPOS="645"/>
                  <String HEIGHT="46"
                          WIDTH="119"
                          VPOS="2012"
                          HPOS="600"
                          CONTENT="quod"/>
                  <SP HEIGHT="46" WIDTH="15" VPOS="2012" HPOS="719"/>
                  <String HEIGHT="46"
                          WIDTH="104"
                          VPOS="2012"
                          HPOS="674"
                          CONTENT="non"/>
                  <SP HEIGHT="46" WIDTH="15" VPOS="2012" HPOS="779"/>
                  <String HEIGHT="46"
                          WIDTH="149"
                          VPOS="2012"
                          HPOS="734"
                          CONTENT="videat"/>
                  <SP HEIGHT="46" WIDTH="15" VPOS="2012" HPOS="883"/>
                  <String HEIGHT="46"
                          WIDTH="104"
                          VPOS="2012"
                          HPOS="838"
                          CONTENT="vel"/>
                  <SP HEIGHT="46" WIDTH="15" VPOS="2012" HPOS="943"/>
                  <String HEIGHT="46"
                          WIDTH="149"
                          VPOS="2012"
                          HPOS="898"
                          CONTENT="audiat"/>
                  <SP HEIGHT="46" WIDTH="15" VPOS="2012" HPOS="1047"/>
                  <String HEIGHT="46" WIDTH="89" VPOS="2012" HPOS="1002" CONTENT="in"/>
                  <SP HEIGHT="46" WIDTH="15" VPOS="2012" HPOS="1092"/>
                  <String HEIGHT="46"
                          WIDTH="119"
                          VPOS="2012"
                          HPOS="1047"
                          CONTENT="alio"/>
                  <SP HEIGHT="46" WIDTH="15" VPOS="2012" HPOS="1166"/>
                  <String HEIGHT="46"
                          WIDTH="104"
                          VPOS="2012"
                          HPOS="1107"
                          CONTENT="loco."/>
               </TextLine>
               <TextLine ID="r1l100"
                         BASELINE="2090"
                         HEIGHT="42"
                         WIDTH="778"
                         VPOS="2048"
                         HPOS="439">
                  <String HEIGHT="42"
                          WIDTH="191"
                          VPOS="2048"
                          HPOS="425"
                          CONTENT="Argumentum"/>
                  <SP HEIGHT="42" WIDTH="14" VPOS="2048" HPOS="616"/>
                  <String HEIGHT="42"
                          WIDTH="123"
                          VPOS="2048"
                          HPOS="575"
                          CONTENT="autem"/>
                  <SP HEIGHT="42" WIDTH="14" VPOS="2048" HPOS="698"/>
                  <String HEIGHT="42"
                          WIDTH="177"
                          VPOS="2048"
                          HPOS="657"
                          CONTENT="concludit"/>
                  <SP HEIGHT="42" WIDTH="14" VPOS="2048" HPOS="835"/>
                  <String HEIGHT="42"
                          WIDTH="246"
                          VPOS="2048"
                          HPOS="794"
                          CONTENT="rationabiliter"/>
                  <SP HEIGHT="42" WIDTH="14" VPOS="2048" HPOS="1040"/>
                  <String HEIGHT="42"
                          WIDTH="136"
                          VPOS="2048"
                          HPOS="999"
                          CONTENT="contra"/>
                  <SP HEIGHT="42" WIDTH="14" VPOS="2048" HPOS="1135"/>
                  <String HEIGHT="42"
                          WIDTH="136"
                          VPOS="2048"
                          HPOS="1081"
                          CONTENT="Auerroim"/>
               </TextLine>
               <TextLine ID="r1l102"
                         BASELINE="2131"
                         HEIGHT="42"
                         WIDTH="775"
                         VPOS="2089"
                         HPOS="439">
                  <String HEIGHT="42" WIDTH="89" VPOS="2089" HPOS="426" CONTENT="qui"/>
                  <SP HEIGHT="42" WIDTH="13" VPOS="2089" HPOS="515"/>
                  <String HEIGHT="42"
                          WIDTH="140"
                          VPOS="2089"
                          HPOS="477"
                          CONTENT="secundo"/>
                  <SP HEIGHT="42" WIDTH="13" VPOS="2089" HPOS="617"/>
                  <String HEIGHT="42" WIDTH="76" VPOS="2089" HPOS="579" CONTENT="de"/>
                  <SP HEIGHT="42" WIDTH="13" VPOS="2089" HPOS="655"/>
                  <String HEIGHT="42"
                          WIDTH="114"
                          VPOS="2089"
                          HPOS="617"
                          CONTENT="anima"/>
                  <SP HEIGHT="42" WIDTH="13" VPOS="2089" HPOS="731"/>
                  <String HEIGHT="42"
                          WIDTH="114"
                          VPOS="2089"
                          HPOS="693"
                          CONTENT="ponit"/>
                  <SP HEIGHT="42" WIDTH="13" VPOS="2089" HPOS="807"/>
                  <String HEIGHT="42"
                          WIDTH="127"
                          VPOS="2089"
                          HPOS="769"
                          CONTENT="eandem"/>
                  <SP HEIGHT="42" WIDTH="13" VPOS="2089" HPOS="896"/>
                  <String HEIGHT="42" WIDTH="76" VPOS="2089" HPOS="858" CONTENT="in"/>
                  <SP HEIGHT="42" WIDTH="13" VPOS="2089" HPOS="934"/>
                  <String HEIGHT="42"
                          WIDTH="140"
                          VPOS="2089"
                          HPOS="896"
                          CONTENT="omnibus"/>
                  <SP HEIGHT="42" WIDTH="13" VPOS="2089" HPOS="1036"/>
                  <String HEIGHT="42"
                          WIDTH="152"
                          VPOS="2089"
                          HPOS="998"
                          CONTENT="homnibus"/>
                  <SP HEIGHT="42" WIDTH="13" VPOS="2089" HPOS="1150"/>
                  <String HEIGHT="42"
                          WIDTH="114"
                          VPOS="2089"
                          HPOS="1100"
                          CONTENT="animam:"/>
               </TextLine>
               <TextLine ID="r1l104"
                         BASELINE="2172"
                         HEIGHT="41"
                         WIDTH="774"
                         VPOS="2131"
                         HPOS="429">
                  <String HEIGHT="41" WIDTH="97" VPOS="2131" HPOS="415" CONTENT="qui"/>
                  <SP HEIGHT="41" WIDTH="14" VPOS="2131" HPOS="512"/>
                  <String HEIGHT="41"
                          WIDTH="111"
                          VPOS="2131"
                          HPOS="470"
                          CONTENT="vnus"/>
                  <SP HEIGHT="41" WIDTH="14" VPOS="2131" HPOS="581"/>
                  <String HEIGHT="41"
                          WIDTH="207"
                          VPOS="2131"
                          HPOS="540"
                          CONTENT="intellectus"/>
                  <SP HEIGHT="41" WIDTH="14" VPOS="2131" HPOS="747"/>
                  <String HEIGHT="41"
                          WIDTH="124"
                          VPOS="2131"
                          HPOS="705"
                          CONTENT="habet"/>
                  <SP HEIGHT="41" WIDTH="14" VPOS="2131" HPOS="830"/>
                  <String HEIGHT="41"
                          WIDTH="180"
                          VPOS="2131"
                          HPOS="788"
                          CONTENT="scientiam"/>
                  <SP HEIGHT="41" WIDTH="14" VPOS="2131" HPOS="968"/>
                  <String HEIGHT="41" WIDTH="83" VPOS="2131" HPOS="927" CONTENT="de"/>
                  <SP HEIGHT="41" WIDTH="14" VPOS="2131" HPOS="1010"/>
                  <String HEIGHT="41" WIDTH="97" VPOS="2131" HPOS="968" CONTENT="vno"/>
                  <SP HEIGHT="41" WIDTH="14" VPOS="2131" HPOS="1065"/>
                  <String HEIGHT="41"
                          WIDTH="152"
                          VPOS="2131"
                          HPOS="1023"
                          CONTENT="obiecto"/>
                  <SP HEIGHT="41" WIDTH="14" VPOS="2131" HPOS="1175"/>
                  <String HEIGHT="41"
                          WIDTH="83"
                          VPOS="2131"
                          HPOS="1120"
                          CONTENT="pro"
                          SUBS_TYPE="HypPart1"
                          SUBS_CONTENT="propinquo"/>
                  <HYP CONTENT="-"/>
               </TextLine>
               <TextLine ID="r1l106"
                         BASELINE="2205"
                         HEIGHT="42"
                         WIDTH="778"
                         VPOS="2163"
                         HPOS="426">
                  <String HEIGHT="42"
                          WIDTH="147"
                          VPOS="2163"
                          HPOS="411"
                          CONTENT="pinquo"
                          SUBS_TYPE="HypPart2"
                          SUBS_CONTENT="propinquo"/>
                  <SP HEIGHT="42" WIDTH="15" VPOS="2163" HPOS="558"/>
                  <String HEIGHT="42" WIDTH="88" VPOS="2163" HPOS="514" CONTENT="de"/>
                  <SP HEIGHT="42" WIDTH="15" VPOS="2163" HPOS="602"/>
                  <String HEIGHT="42"
                          WIDTH="103"
                          VPOS="2163"
                          HPOS="558"
                          CONTENT="quo"/>
                  <SP HEIGHT="42" WIDTH="15" VPOS="2163" HPOS="661"/>
                  <String HEIGHT="42"
                          WIDTH="132"
                          VPOS="2163"
                          HPOS="617"
                          CONTENT="alter"/>
                  <SP HEIGHT="42" WIDTH="15" VPOS="2163" HPOS="749"/>
                  <String HEIGHT="42"
                          WIDTH="220"
                          VPOS="2163"
                          HPOS="705"
                          CONTENT="intellectus"/>
                  <SP HEIGHT="42" WIDTH="15" VPOS="2163" HPOS="925"/>
                  <String HEIGHT="42"
                          WIDTH="132"
                          VPOS="2163"
                          HPOS="881"
                          CONTENT="habet"/>
                  <SP HEIGHT="42" WIDTH="15" VPOS="2163" HPOS="1013"/>
                  <String HEIGHT="42"
                          WIDTH="147"
                          VPOS="2163"
                          HPOS="969"
                          CONTENT="fidem:"/>
                  <SP HEIGHT="42" WIDTH="15" VPOS="2163" HPOS="1116"/>
                  <String HEIGHT="42"
                          WIDTH="147"
                          VPOS="2163"
                          HPOS="1057"
                          CONTENT="secundus"/>
               </TextLine>
               <TextLine ID="r1l108"
                         BASELINE="2239"
                         HEIGHT="36"
                         WIDTH="766"
                         VPOS="2203"
                         HPOS="439">
                  <String HEIGHT="36"
                          WIDTH="206"
                          VPOS="2203"
                          HPOS="424"
                          CONTENT="opinionem:"/>
                  <SP HEIGHT="36" WIDTH="15" VPOS="2203" HPOS="631"/>
                  <String HEIGHT="36"
                          WIDTH="162"
                          VPOS="2203"
                          HPOS="586"
                          CONTENT="quartus"/>
                  <SP HEIGHT="36" WIDTH="15" VPOS="2203" HPOS="748"/>
                  <String HEIGHT="36"
                          WIDTH="177"
                          VPOS="2203"
                          HPOS="704"
                          CONTENT="errorem."/>
                  <SP HEIGHT="36" WIDTH="15" VPOS="2203" HPOS="881"/>
                  <String HEIGHT="36" WIDTH="74" VPOS="2203" HPOS="837" CONTENT="⁋"/>
                  <SP HEIGHT="36" WIDTH="15" VPOS="2203" HPOS="910"/>
                  <String HEIGHT="36" WIDTH="88" VPOS="2203" HPOS="866" CONTENT="Ad"/>
                  <SP HEIGHT="36" WIDTH="15" VPOS="2203" HPOS="955"/>
                  <String HEIGHT="36"
                          WIDTH="147"
                          VPOS="2203"
                          HPOS="910"
                          CONTENT="aliud."/>
                  <SP HEIGHT="36" WIDTH="15" VPOS="2203" HPOS="1058"/>
                  <String HEIGHT="36"
                          WIDTH="162"
                          VPOS="2203"
                          HPOS="1013"
                          CONTENT="concedo"/>
                  <SP HEIGHT="36" WIDTH="15" VPOS="2203" HPOS="1176"/>
                  <String HEIGHT="36"
                          WIDTH="88"
                          VPOS="2203"
                          HPOS="1117"
                          CONTENT="ante"/>
               </TextLine>
               <TextLine ID="r1l110"
                         BASELINE="2278"
                         HEIGHT="43"
                         WIDTH="764"
                         VPOS="2235"
                         HPOS="438">
                  <String HEIGHT="43"
                          WIDTH="127"
                          VPOS="2235"
                          HPOS="426"
                          CONTENT="cedens:"/>
                  <SP HEIGHT="43" WIDTH="12" VPOS="2235" HPOS="554"/>
                  <String HEIGHT="43" WIDTH="69" VPOS="2235" HPOS="519" CONTENT="et"/>
                  <SP HEIGHT="43" WIDTH="12" VPOS="2235" HPOS="588"/>
                  <String HEIGHT="43"
                          WIDTH="93"
                          VPOS="2235"
                          HPOS="554"
                          CONTENT="nego"/>
                  <SP HEIGHT="43" WIDTH="12" VPOS="2235" HPOS="646"/>
                  <String HEIGHT="43"
                          WIDTH="208"
                          VPOS="2235"
                          HPOS="612"
                          CONTENT="consequentiam."/>
                  <SP HEIGHT="43" WIDTH="12" VPOS="2235" HPOS="820"/>
                  <String HEIGHT="43" WIDTH="81" VPOS="2235" HPOS="785" CONTENT="nam"/>
                  <SP HEIGHT="43" WIDTH="12" VPOS="2235" HPOS="866"/>
                  <String HEIGHT="43"
                          WIDTH="104"
                          VPOS="2235"
                          HPOS="832"
                          CONTENT="sicut"/>
                  <SP HEIGHT="43" WIDTH="12" VPOS="2235" HPOS="936"/>
                  <String HEIGHT="43"
                          WIDTH="93"
                          VPOS="2235"
                          HPOS="901"
                          CONTENT="iter"/>
                  <SP HEIGHT="43" WIDTH="12" VPOS="2235" HPOS="994"/>
                  <String HEIGHT="43"
                          WIDTH="150"
                          VPOS="2235"
                          HPOS="959"
                          CONTENT="arguendum"/>
                  <SP HEIGHT="43" WIDTH="12" VPOS="2235" HPOS="1109"/>
                  <String HEIGHT="43"
                          WIDTH="116"
                          VPOS="2235"
                          HPOS="1075"
                          CONTENT="dictum"/>
                  <SP HEIGHT="43" WIDTH="12" VPOS="2235" HPOS="1190"/>
                  <String HEIGHT="43"
                          WIDTH="58"
                          VPOS="2235"
                          HPOS="1144"
                          CONTENT="est"/>
               </TextLine>
               <TextLine ID="r1l112"
                         BASELINE="2316"
                         HEIGHT="41"
                         WIDTH="781"
                         VPOS="2275"
                         HPOS="433">
                  <String HEIGHT="41"
                          WIDTH="137"
                          VPOS="2275"
                          HPOS="419"
                          CONTENT="primum"/>
                  <SP HEIGHT="41" WIDTH="14" VPOS="2275" HPOS="556"/>
                  <String HEIGHT="41"
                          WIDTH="151"
                          VPOS="2275"
                          HPOS="515"
                          CONTENT="instans"/>
                  <SP HEIGHT="41" WIDTH="14" VPOS="2275" HPOS="666"/>
                  <String HEIGHT="41"
                          WIDTH="164"
                          VPOS="2275"
                          HPOS="625"
                          CONTENT="scientie"/>
                  <SP HEIGHT="41" WIDTH="14" VPOS="2275" HPOS="789"/>
                  <String HEIGHT="41" WIDTH="96" VPOS="2275" HPOS="748" CONTENT="est"/>
                  <SP HEIGHT="41" WIDTH="14" VPOS="2275" HPOS="844"/>
                  <String HEIGHT="41"
                          WIDTH="137"
                          VPOS="2275"
                          HPOS="803"
                          CONTENT="primum"/>
                  <SP HEIGHT="41" WIDTH="14" VPOS="2275" HPOS="940"/>
                  <String HEIGHT="41" WIDTH="96" VPOS="2275" HPOS="899" CONTENT="non"/>
                  <SP HEIGHT="41" WIDTH="14" VPOS="2275" HPOS="995"/>
                  <String HEIGHT="41"
                          WIDTH="110"
                          VPOS="2275"
                          HPOS="954"
                          CONTENT="esse"/>
                  <SP HEIGHT="41" WIDTH="14" VPOS="2275" HPOS="1063"/>
                  <String HEIGHT="41"
                          WIDTH="192"
                          VPOS="2275"
                          HPOS="1022"
                          CONTENT="opinionis:"/>
                  <SP HEIGHT="41" WIDTH="14" VPOS="2275" HPOS="1214"/>
                  <String HEIGHT="41" WIDTH="55" VPOS="2275" HPOS="1159" CONTENT="si"/>
               </TextLine>
               <TextLine ID="r1l114"
                         BASELINE="2356"
                         HEIGHT="41"
                         WIDTH="779"
                         VPOS="2315"
                         HPOS="426">
                  <String HEIGHT="41"
                          WIDTH="167"
                          VPOS="2315"
                          HPOS="412"
                          CONTENT="scientia"/>
                  <SP HEIGHT="41" WIDTH="14" VPOS="2315" HPOS="579"/>
                  <String HEIGHT="41"
                          WIDTH="209"
                          VPOS="2315"
                          HPOS="537"
                          CONTENT="instantanee"/>
                  <SP HEIGHT="41" WIDTH="14" VPOS="2315" HPOS="746"/>
                  <String HEIGHT="41"
                          WIDTH="209"
                          VPOS="2315"
                          HPOS="704"
                          CONTENT="producatur."/>
                  <SP HEIGHT="41" WIDTH="14" VPOS="2315" HPOS="913"/>
                  <String HEIGHT="41" WIDTH="83" VPOS="2315" HPOS="871" CONTENT="et"/>
                  <SP HEIGHT="41" WIDTH="14" VPOS="2315" HPOS="955"/>
                  <String HEIGHT="41" WIDTH="97" VPOS="2315" HPOS="913" CONTENT="non"/>
                  <SP HEIGHT="41" WIDTH="14" VPOS="2315" HPOS="1010"/>
                  <String HEIGHT="41" WIDTH="97" VPOS="2315" HPOS="969" CONTENT="est"/>
                  <SP HEIGHT="41" WIDTH="14" VPOS="2315" HPOS="1066"/>
                  <String HEIGHT="41"
                          WIDTH="195"
                          VPOS="2315"
                          HPOS="1010"
                          CONTENT="inconueniens"/>
               </TextLine>
               <TextLine ID="r1l116"
                         BASELINE="2397"
                         HEIGHT="49"
                         WIDTH="779"
                         VPOS="2348"
                         HPOS="426">
                  <String HEIGHT="49" WIDTH="88" VPOS="2348" HPOS="411" CONTENT="in"/>
                  <SP HEIGHT="49" WIDTH="15" VPOS="2348" HPOS="499"/>
                  <String HEIGHT="49"
                          WIDTH="132"
                          VPOS="2348"
                          HPOS="455"
                          CONTENT="istis"/>
                  <SP HEIGHT="49" WIDTH="15" VPOS="2348" HPOS="588"/>
                  <String HEIGHT="49"
                          WIDTH="265"
                          VPOS="2348"
                          HPOS="544"
                          CONTENT="corruptionibus"/>
                  <SP HEIGHT="49" WIDTH="15" VPOS="2348" HPOS="808"/>
                  <String HEIGHT="49"
                          WIDTH="250"
                          VPOS="2348"
                          HPOS="764"
                          CONTENT="spiritualibus"/>
                  <SP HEIGHT="49" WIDTH="15" VPOS="2348" HPOS="1014"/>
                  <String HEIGHT="49"
                          WIDTH="118"
                          VPOS="2348"
                          HPOS="970"
                          CONTENT="quod"/>
                  <SP HEIGHT="49" WIDTH="15" VPOS="2348" HPOS="1087"/>
                  <String HEIGHT="49"
                          WIDTH="118"
                          VPOS="2348"
                          HPOS="1043"
                          CONTENT="vnum"/>
                  <SP HEIGHT="49" WIDTH="15" VPOS="2348" HPOS="1161"/>
                  <String HEIGHT="49"
                          WIDTH="103"
                          VPOS="2348"
                          HPOS="1102"
                          CONTENT="agens"/>
               </TextLine>
               <TextLine ID="r1l118"
                         BASELINE="2433"
                         HEIGHT="50"
                         WIDTH="770"
                         VPOS="2383"
                         HPOS="438">
                  <String HEIGHT="50"
                          WIDTH="185"
                          VPOS="2383"
                          HPOS="424"
                          CONTENT="corrumpat"/>
                  <SP HEIGHT="50" WIDTH="14" VPOS="2383" HPOS="609"/>
                  <String HEIGHT="50"
                          WIDTH="128"
                          VPOS="2383"
                          HPOS="566"
                          CONTENT="aliud"/>
                  <SP HEIGHT="50" WIDTH="14" VPOS="2383" HPOS="695"/>
                  <String HEIGHT="50" WIDTH="71" VPOS="2383" HPOS="652" CONTENT="/"/>
                  <SP HEIGHT="50" WIDTH="14" VPOS="2383" HPOS="723"/>
                  <String HEIGHT="50"
                          WIDTH="114"
                          VPOS="2383"
                          HPOS="680"
                          CONTENT="quod"/>
                  <SP HEIGHT="50" WIDTH="14" VPOS="2383" HPOS="794"/>
                  <String HEIGHT="50"
                          WIDTH="143"
                          VPOS="2383"
                          HPOS="752"
                          CONTENT="numqum"/>
                  <SP HEIGHT="50" WIDTH="14" VPOS="2383" HPOS="894"/>
                  <String HEIGHT="50" WIDTH="86" VPOS="2383" HPOS="852" CONTENT="in"/>
                  <SP HEIGHT="50" WIDTH="14" VPOS="2383" HPOS="937"/>
                  <String HEIGHT="50"
                          WIDTH="128"
                          VPOS="2383"
                          HPOS="894"
                          CONTENT="eodem"/>
                  <SP HEIGHT="50" WIDTH="14" VPOS="2383" HPOS="1023"/>
                  <String HEIGHT="50"
                          WIDTH="157"
                          VPOS="2383"
                          HPOS="980"
                          CONTENT="tempore"/>
                  <SP HEIGHT="50" WIDTH="14" VPOS="2383" HPOS="1137"/>
                  <String HEIGHT="50"
                          WIDTH="128"
                          VPOS="2383"
                          HPOS="1080"
                          CONTENT="adequa"
                          SUBS_TYPE="HypPart1"
                          SUBS_CONTENT="adequato"/>
                  <HYP CONTENT="-"/>
               </TextLine>
               <TextLine ID="r1l120"
                         BASELINE="2463"
                         HEIGHT="39"
                         WIDTH="775"
                         VPOS="2424"
                         HPOS="429">
                  <String HEIGHT="39"
                          WIDTH="85"
                          VPOS="2424"
                          HPOS="415"
                          CONTENT="to"
                          SUBS_TYPE="HypPart2"
                          SUBS_CONTENT="adequato"/>
                  <SP HEIGHT="39" WIDTH="14" VPOS="2424" HPOS="499"/>
                  <String HEIGHT="39" WIDTH="99" VPOS="2424" HPOS="457" CONTENT="vel"/>
                  <SP HEIGHT="39" WIDTH="14" VPOS="2424" HPOS="556"/>
                  <String HEIGHT="39"
                          WIDTH="169"
                          VPOS="2424"
                          HPOS="514"
                          CONTENT="instanti"/>
                  <SP HEIGHT="39" WIDTH="14" VPOS="2424" HPOS="683"/>
                  <String HEIGHT="39"
                          WIDTH="127"
                          VPOS="2424"
                          HPOS="640"
                          CONTENT="secum"/>
                  <SP HEIGHT="39" WIDTH="14" VPOS="2424" HPOS="767"/>
                  <String HEIGHT="39"
                          WIDTH="127"
                          VPOS="2424"
                          HPOS="725"
                          CONTENT="fuit:"/>
                  <SP HEIGHT="39" WIDTH="14" VPOS="2424" HPOS="852"/>
                  <String HEIGHT="39" WIDTH="85" VPOS="2424" HPOS="809" CONTENT="et"/>
                  <SP HEIGHT="39" WIDTH="14" VPOS="2424" HPOS="894"/>
                  <String HEIGHT="39"
                          WIDTH="197"
                          VPOS="2424"
                          HPOS="852"
                          CONTENT="potissimum"/>
                  <SP HEIGHT="39" WIDTH="14" VPOS="2424" HPOS="1049"/>
                  <String HEIGHT="39"
                          WIDTH="141"
                          VPOS="2424"
                          HPOS="1007"
                          CONTENT="quando"/>
                  <SP HEIGHT="39" WIDTH="14" VPOS="2424" HPOS="1148"/>
                  <String HEIGHT="39"
                          WIDTH="113"
                          VPOS="2424"
                          HPOS="1091"
                          CONTENT="debeni"/>
               </TextLine>
               <TextLine ID="r1l122"
                         BASELINE="2501"
                         HEIGHT="42"
                         WIDTH="766"
                         VPOS="2459"
                         HPOS="429">
                  <String HEIGHT="42"
                          WIDTH="156"
                          VPOS="2459"
                          HPOS="416"
                          CONTENT="inherere"/>
                  <SP HEIGHT="42" WIDTH="13" VPOS="2459" HPOS="572"/>
                  <String HEIGHT="42"
                          WIDTH="117"
                          VPOS="2459"
                          HPOS="533"
                          CONTENT="eidem"/>
                  <SP HEIGHT="42" WIDTH="13" VPOS="2459" HPOS="650"/>
                  <String HEIGHT="42"
                          WIDTH="169"
                          VPOS="2459"
                          HPOS="611"
                          CONTENT="subiecto."/>
                  <SP HEIGHT="42" WIDTH="13" VPOS="2459" HPOS="780"/>
                  <String HEIGHT="42" WIDTH="91" VPOS="2459" HPOS="741" CONTENT="hoc"/>
                  <SP HEIGHT="42" WIDTH="13" VPOS="2459" HPOS="831"/>
                  <String HEIGHT="42"
                          WIDTH="117"
                          VPOS="2459"
                          HPOS="793"
                          CONTENT="autem"/>
                  <SP HEIGHT="42" WIDTH="13" VPOS="2459" HPOS="909"/>
                  <String HEIGHT="42" WIDTH="91" VPOS="2459" HPOS="870" CONTENT="est"/>
                  <SP HEIGHT="42" WIDTH="13" VPOS="2459" HPOS="961"/>
                  <String HEIGHT="42"
                          WIDTH="169"
                          VPOS="2459"
                          HPOS="922"
                          CONTENT="propterea"/>
                  <SP HEIGHT="42" WIDTH="13" VPOS="2459" HPOS="1091"/>
                  <String HEIGHT="42"
                          WIDTH="104"
                          VPOS="2459"
                          HPOS="1052"
                          CONTENT="quod"/>
                  <SP HEIGHT="42" WIDTH="13" VPOS="2459" HPOS="1156"/>
                  <String HEIGHT="42"
                          WIDTH="91"
                          VPOS="2459"
                          HPOS="1104"
                          CONTENT="secum"/>
               </TextLine>
               <TextLine ID="r1l124"
                         BASELINE="2540"
                         HEIGHT="43"
                         WIDTH="769"
                         VPOS="2497"
                         HPOS="430">
                  <String HEIGHT="43"
                          WIDTH="102"
                          VPOS="2497"
                          HPOS="415"
                          CONTENT="dum"/>
                  <SP HEIGHT="43" WIDTH="15" VPOS="2497" HPOS="517"/>
                  <String HEIGHT="43"
                          WIDTH="131"
                          VPOS="2497"
                          HPOS="474"
                          CONTENT="agens"/>
                  <SP HEIGHT="43" WIDTH="15" VPOS="2497" HPOS="604"/>
                  <String HEIGHT="43"
                          WIDTH="102"
                          VPOS="2497"
                          HPOS="561"
                          CONTENT="non"/>
                  <SP HEIGHT="43" WIDTH="15" VPOS="2497" HPOS="662"/>
                  <String HEIGHT="43"
                          WIDTH="145"
                          VPOS="2497"
                          HPOS="619"
                          CONTENT="potest"/>
                  <SP HEIGHT="43" WIDTH="15" VPOS="2497" HPOS="764"/>
                  <String HEIGHT="43"
                          WIDTH="116"
                          VPOS="2497"
                          HPOS="720"
                          CONTENT="esse"/>
                  <SP HEIGHT="43" WIDTH="15" VPOS="2497" HPOS="836"/>
                  <String HEIGHT="43" WIDTH="87" VPOS="2497" HPOS="793" CONTENT="in"/>
                  <SP HEIGHT="43" WIDTH="15" VPOS="2497" HPOS="880"/>
                  <String HEIGHT="43"
                          WIDTH="131"
                          VPOS="2497"
                          HPOS="836"
                          CONTENT="rerum"/>
                  <SP HEIGHT="43" WIDTH="15" VPOS="2497" HPOS="967"/>
                  <String HEIGHT="43"
                          WIDTH="145"
                          VPOS="2497"
                          HPOS="923"
                          CONTENT="natura"/>
                  <SP HEIGHT="43" WIDTH="15" VPOS="2497" HPOS="1068"/>
                  <String HEIGHT="43"
                          WIDTH="116"
                          VPOS="2497"
                          HPOS="1025"
                          CONTENT="nisi"/>
                  <SP HEIGHT="43" WIDTH="15" VPOS="2497" HPOS="1141"/>
                  <String HEIGHT="43"
                          WIDTH="116"
                          VPOS="2497"
                          HPOS="1083"
                          CONTENT="primum"/>
               </TextLine>
               <TextLine ID="r1l126"
                         BASELINE="2581"
                         HEIGHT="42"
                         WIDTH="756"
                         VPOS="2539"
                         HPOS="439">
                  <String HEIGHT="42"
                          WIDTH="128"
                          VPOS="2539"
                          HPOS="425"
                          CONTENT="agens"/>
                  <SP HEIGHT="42" WIDTH="14" VPOS="2539" HPOS="553"/>
                  <String HEIGHT="42"
                          WIDTH="100"
                          VPOS="2539"
                          HPOS="510"
                          CONTENT="non"/>
                  <SP HEIGHT="42" WIDTH="14" VPOS="2539" HPOS="610"/>
                  <String HEIGHT="42"
                          WIDTH="100"
                          VPOS="2539"
                          HPOS="567"
                          CONTENT="sit"/>
                  <SP HEIGHT="42" WIDTH="14" VPOS="2539" HPOS="667"/>
                  <String HEIGHT="42"
                          WIDTH="228"
                          VPOS="2539"
                          HPOS="624"
                          CONTENT="naturaliter."/>
                  <SP HEIGHT="42" WIDTH="14" VPOS="2539" HPOS="853"/>
                  <String HEIGHT="42" WIDTH="86" VPOS="2539" HPOS="810" CONTENT="vt"/>
                  <SP HEIGHT="42" WIDTH="14" VPOS="2539" HPOS="895"/>
                  <String HEIGHT="42"
                          WIDTH="128"
                          VPOS="2539"
                          HPOS="853"
                          CONTENT="calor"/>
                  <SP HEIGHT="42" WIDTH="14" VPOS="2539" HPOS="981"/>
                  <String HEIGHT="42"
                          WIDTH="114"
                          VPOS="2539"
                          HPOS="938"
                          CONTENT="nunc"/>
                  <SP HEIGHT="42" WIDTH="14" VPOS="2539" HPOS="1052"/>
                  <String HEIGHT="42"
                          WIDTH="185"
                          VPOS="2539"
                          HPOS="1010"
                          CONTENT="productus"/>
                  <SP HEIGHT="42" WIDTH="14" VPOS="2539" HPOS="1195"/>
                  <String HEIGHT="42" WIDTH="57" VPOS="2539" HPOS="1138" CONTENT="al"/>
               </TextLine>
               <TextLine ID="r1l128"
                         BASELINE="2619"
                         HEIGHT="44"
                         WIDTH="782"
                         VPOS="2575"
                         HPOS="420">
                  <String HEIGHT="44"
                          WIDTH="120"
                          VPOS="2575"
                          HPOS="405"
                          CONTENT="igne"/>
                  <SP HEIGHT="44" WIDTH="15" VPOS="2575" HPOS="525"/>
                  <String HEIGHT="44"
                          WIDTH="196"
                          VPOS="2575"
                          HPOS="480"
                          CONTENT="corrumpit"/>
                  <SP HEIGHT="44" WIDTH="15" VPOS="2575" HPOS="676"/>
                  <String HEIGHT="44"
                          WIDTH="150"
                          VPOS="2575"
                          HPOS="631"
                          CONTENT="frigus"/>
                  <SP HEIGHT="44" WIDTH="15" VPOS="2575" HPOS="781"/>
                  <String HEIGHT="44" WIDTH="75" VPOS="2575" HPOS="736" CONTENT="a"/>
                  <SP HEIGHT="44" WIDTH="15" VPOS="2575" HPOS="811"/>
                  <String HEIGHT="44"
                          WIDTH="180"
                          VPOS="2575"
                          HPOS="766"
                          CONTENT="subiecto"/>
                  <SP HEIGHT="44" WIDTH="15" VPOS="2575" HPOS="946"/>
                  <String HEIGHT="44"
                          WIDTH="105"
                          VPOS="2575"
                          HPOS="901"
                          CONTENT="suo"/>
                  <SP HEIGHT="44" WIDTH="15" VPOS="2575" HPOS="1007"/>
                  <String HEIGHT="44"
                          WIDTH="105"
                          VPOS="2575"
                          HPOS="961"
                          CONTENT="cui"/>
                  <SP HEIGHT="44" WIDTH="15" VPOS="2575" HPOS="1067"/>
                  <String HEIGHT="44"
                          WIDTH="180"
                          VPOS="2575"
                          HPOS="1022"
                          CONTENT="inherere"/>
                  <SP HEIGHT="44" WIDTH="15" VPOS="2575" HPOS="1202"/>
                  <String HEIGHT="44" WIDTH="60" VPOS="2575" HPOS="1142" CONTENT="de"/>
               </TextLine>
               <TextLine ID="r1l130"
                         BASELINE="2654"
                         HEIGHT="45"
                         WIDTH="774"
                         VPOS="2609"
                         HPOS="430">
                  <String HEIGHT="45"
                          WIDTH="115"
                          VPOS="2609"
                          HPOS="416"
                          CONTENT="bet:"/>
                  <SP HEIGHT="45" WIDTH="14" VPOS="2609" HPOS="530"/>
                  <String HEIGHT="45" WIDTH="86" VPOS="2609" HPOS="487" CONTENT="et"/>
                  <SP HEIGHT="45" WIDTH="14" VPOS="2609" HPOS="573"/>
                  <String HEIGHT="45" WIDTH="86" VPOS="2609" HPOS="530" CONTENT="si"/>
                  <SP HEIGHT="45" WIDTH="14" VPOS="2609" HPOS="616"/>
                  <String HEIGHT="45"
                          WIDTH="115"
                          VPOS="2609"
                          HPOS="573"
                          CONTENT="deus"/>
                  <SP HEIGHT="45" WIDTH="14" VPOS="2609" HPOS="688"/>
                  <String HEIGHT="45"
                          WIDTH="158"
                          VPOS="2609"
                          HPOS="645"
                          CONTENT="crearet"/>
                  <SP HEIGHT="45" WIDTH="14" VPOS="2609" HPOS="803"/>
                  <String HEIGHT="45"
                          WIDTH="186"
                          VPOS="2609"
                          HPOS="760"
                          CONTENT="infinitum"/>
                  <SP HEIGHT="45" WIDTH="14" VPOS="2609" HPOS="946"/>
                  <String HEIGHT="45"
                          WIDTH="158"
                          VPOS="2609"
                          HPOS="903"
                          CONTENT="calorem"/>
                  <SP HEIGHT="45" WIDTH="14" VPOS="2609" HPOS="1061"/>
                  <String HEIGHT="45"
                          WIDTH="129"
                          VPOS="2609"
                          HPOS="1018"
                          CONTENT="prope"/>
                  <SP HEIGHT="45" WIDTH="14" VPOS="2609" HPOS="1147"/>
                  <String HEIGHT="45"
                          WIDTH="115"
                          VPOS="2609"
                          HPOS="1089"
                          CONTENT="corpus"/>
               </TextLine>
               <TextLine ID="r1l132"
                         BASELINE="2704"
                         HEIGHT="56"
                         WIDTH="781"
                         VPOS="2648"
                         HPOS="430">
                  <String HEIGHT="56"
                          WIDTH="195"
                          VPOS="2648"
                          HPOS="415"
                          CONTENT="frigidum:"/>
                  <SP HEIGHT="56" WIDTH="15" VPOS="2648" HPOS="610"/>
                  <String HEIGHT="56"
                          WIDTH="120"
                          VPOS="2648"
                          HPOS="565"
                          CONTENT="ille"/>
                  <SP HEIGHT="56" WIDTH="15" VPOS="2648" HPOS="685"/>
                  <String HEIGHT="56"
                          WIDTH="135"
                          VPOS="2648"
                          HPOS="640"
                          CONTENT="calor"/>
                  <SP HEIGHT="56" WIDTH="15" VPOS="2648" HPOS="775"/>
                  <String HEIGHT="56"
                          WIDTH="210"
                          VPOS="2648"
                          HPOS="730"
                          CONTENT="produceret"/>
                  <SP HEIGHT="56" WIDTH="15" VPOS="2648" HPOS="941"/>
                  <String HEIGHT="56"
                          WIDTH="165"
                          VPOS="2648"
                          HPOS="896"
                          CONTENT="calorem"/>
                  <SP HEIGHT="56" WIDTH="15" VPOS="2648" HPOS="1061"/>
                  <String HEIGHT="56" WIDTH="90" VPOS="2648" HPOS="1016" CONTENT="in"/>
                  <SP HEIGHT="56" WIDTH="15" VPOS="2648" HPOS="1106"/>
                  <String HEIGHT="56"
                          WIDTH="165"
                          VPOS="2648"
                          HPOS="1046"
                          CONTENT="subiectum"/>
               </TextLine>
            </TextBlock>
            <TextBlock ID="TextRegion_1595115480489_536"
                       HEIGHT="2514"
                       WIDTH="822"
                       VPOS="186"
                       HPOS="1251">
               <Shape>
                  <Polygon POINTS="1251,186 2073,186 2073,2700 1251,2700"/>
               </Shape>
               <TextLine ID="r1l3"
                         BASELINE="278"
                         HEIGHT="49"
                         WIDTH="777"
                         VPOS="229"
                         HPOS="1291">
                  <String HEIGHT="49" WIDTH="78" VPOS="229" HPOS="1278" CONTENT="in"/>
                  <SP HEIGHT="49" WIDTH="13" VPOS="229" HPOS="1356"/>
                  <String HEIGHT="49" WIDTH="91" VPOS="229" HPOS="1317" CONTENT="quo"/>
                  <SP HEIGHT="49" WIDTH="13" VPOS="229" HPOS="1408"/>
                  <String HEIGHT="49"
                          WIDTH="104"
                          VPOS="229"
                          HPOS="1369"
                          CONTENT="erat"/>
                  <SP HEIGHT="49" WIDTH="13" VPOS="229" HPOS="1472"/>
                  <String HEIGHT="49"
                          WIDTH="117"
                          VPOS="229"
                          HPOS="1433"
                          CONTENT="illud"/>
                  <SP HEIGHT="49" WIDTH="13" VPOS="229" HPOS="1550"/>
                  <String HEIGHT="49"
                          WIDTH="142"
                          VPOS="229"
                          HPOS="1511"
                          CONTENT="frigus:"/>
                  <SP HEIGHT="49" WIDTH="13" VPOS="229" HPOS="1654"/>
                  <String HEIGHT="49" WIDTH="91" VPOS="229" HPOS="1615" CONTENT="ita"/>
                  <SP HEIGHT="49" WIDTH="13" VPOS="229" HPOS="1705"/>
                  <String HEIGHT="49" WIDTH="78" VPOS="229" HPOS="1667" CONTENT="vt"/>
                  <SP HEIGHT="49" WIDTH="13" VPOS="229" HPOS="1744"/>
                  <String HEIGHT="49"
                          WIDTH="130"
                          VPOS="229"
                          HPOS="1705"
                          CONTENT="primum"/>
                  <SP HEIGHT="49" WIDTH="13" VPOS="229" HPOS="1835"/>
                  <String HEIGHT="49"
                          WIDTH="142"
                          VPOS="229"
                          HPOS="1796"
                          CONTENT="instans"/>
                  <SP HEIGHT="49" WIDTH="13" VPOS="229" HPOS="1939"/>
                  <String HEIGHT="49"
                          WIDTH="104"
                          VPOS="229"
                          HPOS="1900"
                          CONTENT="esse"/>
                  <SP HEIGHT="49" WIDTH="13" VPOS="229" HPOS="2003"/>
                  <String HEIGHT="49"
                          WIDTH="117"
                          VPOS="229"
                          HPOS="1951"
                          CONTENT="caloris"/>
               </TextLine>
               <TextLine ID="r1l5"
                         BASELINE="318"
                         HEIGHT="44"
                         WIDTH="776"
                         VPOS="274"
                         HPOS="1288">
                  <String HEIGHT="44"
                          WIDTH="213"
                          VPOS="274"
                          HPOS="1273"
                          CONTENT="producendi"/>
                  <SP HEIGHT="44" WIDTH="15" VPOS="274" HPOS="1486"/>
                  <String HEIGHT="44"
                          WIDTH="107"
                          VPOS="274"
                          HPOS="1440"
                          CONTENT="sit"/>
                  <SP HEIGHT="44" WIDTH="15" VPOS="274" HPOS="1547"/>
                  <String HEIGHT="44"
                          WIDTH="152"
                          VPOS="274"
                          HPOS="1501"
                          CONTENT="primum"/>
                  <SP HEIGHT="44" WIDTH="15" VPOS="274" HPOS="1653"/>
                  <String HEIGHT="44"
                          WIDTH="107"
                          VPOS="274"
                          HPOS="1608"
                          CONTENT="non"/>
                  <SP HEIGHT="44" WIDTH="15" VPOS="274" HPOS="1714"/>
                  <String HEIGHT="44"
                          WIDTH="122"
                          VPOS="274"
                          HPOS="1668"
                          CONTENT="esse"/>
                  <SP HEIGHT="44" WIDTH="15" VPOS="274" HPOS="1790"/>
                  <String HEIGHT="44"
                          WIDTH="183"
                          VPOS="274"
                          HPOS="1744"
                          CONTENT="frigoris"/>
                  <SP HEIGHT="44" WIDTH="15" VPOS="274" HPOS="1927"/>
                  <String HEIGHT="44"
                          WIDTH="198"
                          VPOS="274"
                          HPOS="1866"
                          CONTENT="corrumpendi"/>
               </TextLine>
               <TextLine ID="r1l7"
                         BASELINE="353"
                         HEIGHT="39"
                         WIDTH="777"
                         VPOS="314"
                         HPOS="1288">
                  <String HEIGHT="39" WIDTH="78" VPOS="314" HPOS="1272" CONTENT="⁋"/>
                  <SP HEIGHT="39" WIDTH="16" VPOS="314" HPOS="1350"/>
                  <String HEIGHT="39"
                          WIDTH="140"
                          VPOS="314"
                          HPOS="1304"
                          CONTENT="Sexto"/>
                  <SP HEIGHT="39" WIDTH="16" VPOS="314" HPOS="1443"/>
                  <String HEIGHT="39"
                          WIDTH="202"
                          VPOS="314"
                          HPOS="1397"
                          CONTENT="arguitur."/>
                  <SP HEIGHT="39" WIDTH="16" VPOS="314" HPOS="1599"/>
                  <String HEIGHT="39"
                          WIDTH="233"
                          VPOS="314"
                          HPOS="1552"
                          CONTENT="naturaliter"/>
                  <SP HEIGHT="39" WIDTH="16" VPOS="314" HPOS="1785"/>
                  <String HEIGHT="39"
                          WIDTH="140"
                          VPOS="314"
                          HPOS="1739"
                          CONTENT="nulla"/>
                  <SP HEIGHT="39" WIDTH="16" VPOS="314" HPOS="1879"/>
                  <String HEIGHT="39"
                          WIDTH="109"
                          VPOS="314"
                          HPOS="1832"
                          CONTENT="res"/>
                  <SP HEIGHT="39" WIDTH="16" VPOS="314" HPOS="1941"/>
                  <String HEIGHT="39"
                          WIDTH="140"
                          VPOS="314"
                          HPOS="1894"
                          CONTENT="durat"/>
                  <SP HEIGHT="39" WIDTH="16" VPOS="314" HPOS="2034"/>
                  <String HEIGHT="39"
                          WIDTH="93"
                          VPOS="314"
                          HPOS="1972"
                          CONTENT="pre"
                          SUBS_TYPE="HypPart1"
                          SUBS_CONTENT="precise"/>
                  <HYP CONTENT="-"/>
               </TextLine>
               <TextLine ID="r1l9"
                         BASELINE="389"
                         HEIGHT="38"
                         WIDTH="777"
                         VPOS="351"
                         HPOS="1288">
                  <String HEIGHT="38"
                          WIDTH="120"
                          VPOS="351"
                          HPOS="1273"
                          CONTENT="cise"
                          SUBS_TYPE="HypPart2"
                          SUBS_CONTENT="precise"/>
                  <SP HEIGHT="38" WIDTH="15" VPOS="351" HPOS="1393"/>
                  <String HEIGHT="38"
                          WIDTH="105"
                          VPOS="351"
                          HPOS="1348"
                          CONTENT="per"/>
                  <SP HEIGHT="38" WIDTH="15" VPOS="351" HPOS="1452"/>
                  <String HEIGHT="38"
                          WIDTH="179"
                          VPOS="351"
                          HPOS="1408"
                          CONTENT="instans:"/>
                  <SP HEIGHT="38" WIDTH="15" VPOS="351" HPOS="1587"/>
                  <String HEIGHT="38" WIDTH="90" VPOS="351" HPOS="1542" CONTENT="et"/>
                  <SP HEIGHT="38" WIDTH="15" VPOS="351" HPOS="1632"/>
                  <String HEIGHT="38"
                          WIDTH="209"
                          VPOS="351"
                          HPOS="1587"
                          CONTENT="potissimum"/>
                  <SP HEIGHT="38" WIDTH="15" VPOS="351" HPOS="1796"/>
                  <String HEIGHT="38" WIDTH="90" VPOS="351" HPOS="1751" CONTENT="in"/>
                  <SP HEIGHT="38" WIDTH="15" VPOS="351" HPOS="1841"/>
                  <String HEIGHT="38"
                          WIDTH="105"
                          VPOS="351"
                          HPOS="1796"
                          CONTENT="his"/>
                  <SP HEIGHT="38" WIDTH="15" VPOS="351" HPOS="1901"/>
                  <String HEIGHT="38"
                          WIDTH="149"
                          VPOS="351"
                          HPOS="1856"
                          CONTENT="quorum"/>
                  <SP HEIGHT="38" WIDTH="15" VPOS="351" HPOS="2005"/>
                  <String HEIGHT="38"
                          WIDTH="120"
                          VPOS="351"
                          HPOS="1945"
                          CONTENT="natura"/>
               </TextLine>
               <TextLine ID="r1l11"
                         BASELINE="431"
                         HEIGHT="44"
                         WIDTH="791"
                         VPOS="387"
                         HPOS="1287">
                  <String HEIGHT="44"
                          WIDTH="109"
                          VPOS="387"
                          HPOS="1271"
                          CONTENT="est"/>
                  <SP HEIGHT="44" WIDTH="16" VPOS="387" HPOS="1380"/>
                  <String HEIGHT="44"
                          WIDTH="140"
                          VPOS="387"
                          HPOS="1334"
                          CONTENT="stare"/>
                  <SP HEIGHT="44" WIDTH="16" VPOS="387" HPOS="1473"/>
                  <String HEIGHT="44"
                          WIDTH="109"
                          VPOS="387"
                          HPOS="1427"
                          CONTENT="per"/>
                  <SP HEIGHT="44" WIDTH="16" VPOS="387" HPOS="1535"/>
                  <String HEIGHT="44"
                          WIDTH="171"
                          VPOS="387"
                          HPOS="1489"
                          CONTENT="tempus."/>
                  <SP HEIGHT="44" WIDTH="16" VPOS="387" HPOS="1659"/>
                  <String HEIGHT="44"
                          WIDTH="109"
                          VPOS="387"
                          HPOS="1613"
                          CONTENT="hoc"/>
                  <SP HEIGHT="44" WIDTH="16" VPOS="387" HPOS="1721"/>
                  <String HEIGHT="44"
                          WIDTH="124"
                          VPOS="387"
                          HPOS="1675"
                          CONTENT="dico"/>
                  <SP HEIGHT="44" WIDTH="16" VPOS="387" HPOS="1799"/>
                  <String HEIGHT="44"
                          WIDTH="171"
                          VPOS="387"
                          HPOS="1752"
                          CONTENT="propter"/>
                  <SP HEIGHT="44" WIDTH="16" VPOS="387" HPOS="1923"/>
                  <String HEIGHT="44"
                          WIDTH="202"
                          VPOS="387"
                          HPOS="1876"
                          CONTENT="instantia"/>
                  <SP HEIGHT="44" WIDTH="16" VPOS="387" HPOS="2078"/>
                  <String HEIGHT="44" WIDTH="62" VPOS="387" HPOS="2016" CONTENT="in"/>
               </TextLine>
               <TextLine ID="r1l13"
                         BASELINE="467"
                         HEIGHT="43"
                         WIDTH="785"
                         VPOS="424"
                         HPOS="1288">
                  <String HEIGHT="43"
                          WIDTH="144"
                          VPOS="424"
                          HPOS="1275"
                          CONTENT="tempore"/>
                  <SP HEIGHT="43" WIDTH="13" VPOS="424" HPOS="1419"/>
                  <String HEIGHT="43" WIDTH="65" VPOS="424" HPOS="1380" CONTENT="/"/>
                  <SP HEIGHT="43" WIDTH="13" VPOS="424" HPOS="1445"/>
                  <String HEIGHT="43"
                          WIDTH="131"
                          VPOS="424"
                          HPOS="1406"
                          CONTENT="mutata"/>
                  <SP HEIGHT="43" WIDTH="13" VPOS="424" HPOS="1537"/>
                  <String HEIGHT="43"
                          WIDTH="105"
                          VPOS="424"
                          HPOS="1497"
                          CONTENT="esse"/>
                  <SP HEIGHT="43" WIDTH="13" VPOS="424" HPOS="1602"/>
                  <String HEIGHT="43" WIDTH="79" VPOS="424" HPOS="1563" CONTENT="in"/>
                  <SP HEIGHT="43" WIDTH="13" VPOS="424" HPOS="1641"/>
                  <String HEIGHT="43"
                          WIDTH="105"
                          VPOS="424"
                          HPOS="1602"
                          CONTENT="motu"/>
                  <SP HEIGHT="43" WIDTH="13" VPOS="424" HPOS="1707"/>
                  <String HEIGHT="43" WIDTH="65" VPOS="424" HPOS="1667" CONTENT="/"/>
                  <SP HEIGHT="43" WIDTH="13" VPOS="424" HPOS="1733"/>
                  <String HEIGHT="43" WIDTH="79" VPOS="424" HPOS="1694" CONTENT="et"/>
                  <SP HEIGHT="43" WIDTH="13" VPOS="424" HPOS="1772"/>
                  <String HEIGHT="43" WIDTH="92" VPOS="424" HPOS="1733" CONTENT="sic"/>
                  <SP HEIGHT="43" WIDTH="13" VPOS="424" HPOS="1824"/>
                  <String HEIGHT="43" WIDTH="79" VPOS="424" HPOS="1785" CONTENT="de"/>
                  <SP HEIGHT="43" WIDTH="13" VPOS="424" HPOS="1864"/>
                  <String HEIGHT="43"
                          WIDTH="170"
                          VPOS="424"
                          HPOS="1824"
                          CONTENT="similibus"/>
                  <SP HEIGHT="43" WIDTH="13" VPOS="424" HPOS="1995"/>
                  <String HEIGHT="43"
                          WIDTH="131"
                          VPOS="424"
                          HPOS="1942"
                          CONTENT="secundum"/>
               </TextLine>
               <TextLine ID="r1l15"
                         BASELINE="501"
                         HEIGHT="45"
                         WIDTH="787"
                         VPOS="456"
                         HPOS="1285">
                  <String HEIGHT="45"
                          WIDTH="134"
                          VPOS="456"
                          HPOS="1270"
                          CONTENT="modum"/>
                  <SP HEIGHT="45" WIDTH="15" VPOS="456" HPOS="1404"/>
                  <String HEIGHT="45"
                          WIDTH="193"
                          VPOS="456"
                          HPOS="1359"
                          CONTENT="multorum."/>
                  <SP HEIGHT="45" WIDTH="15" VPOS="456" HPOS="1552"/>
                  <String HEIGHT="45" WIDTH="89" VPOS="456" HPOS="1508" CONTENT="Si"/>
                  <SP HEIGHT="45" WIDTH="15" VPOS="456" HPOS="1597"/>
                  <String HEIGHT="45"
                          WIDTH="134"
                          VPOS="456"
                          HPOS="1552"
                          CONTENT="autem"/>
                  <SP HEIGHT="45" WIDTH="15" VPOS="456" HPOS="1686"/>
                  <String HEIGHT="45"
                          WIDTH="104"
                          VPOS="456"
                          HPOS="1641"
                          CONTENT="res"/>
                  <SP HEIGHT="45" WIDTH="15" VPOS="456" HPOS="1745"/>
                  <String HEIGHT="45"
                          WIDTH="208"
                          VPOS="456"
                          HPOS="1701"
                          CONTENT="successiue"/>
                  <SP HEIGHT="45" WIDTH="15" VPOS="456" HPOS="1909"/>
                  <String HEIGHT="45"
                          WIDTH="208"
                          VPOS="456"
                          HPOS="1864"
                          CONTENT="producitur"/>
                  <SP HEIGHT="45" WIDTH="15" VPOS="456" HPOS="2072"/>
                  <String HEIGHT="45" WIDTH="59" VPOS="456" HPOS="2013" CONTENT="et"/>
               </TextLine>
               <TextLine ID="r1l17"
                         BASELINE="537"
                         HEIGHT="44"
                         WIDTH="776"
                         VPOS="493"
                         HPOS="1290">
                  <String HEIGHT="44"
                          WIDTH="230"
                          VPOS="493"
                          HPOS="1276"
                          CONTENT="naturaliter:"/>
                  <SP HEIGHT="44" WIDTH="14" VPOS="493" HPOS="1506"/>
                  <String HEIGHT="44"
                          WIDTH="101"
                          VPOS="493"
                          HPOS="1462"
                          CONTENT="non"/>
                  <SP HEIGHT="44" WIDTH="14" VPOS="493" HPOS="1563"/>
                  <String HEIGHT="44"
                          WIDTH="144"
                          VPOS="493"
                          HPOS="1520"
                          CONTENT="potest"/>
                  <SP HEIGHT="44" WIDTH="14" VPOS="493" HPOS="1664"/>
                  <String HEIGHT="44"
                          WIDTH="144"
                          VPOS="493"
                          HPOS="1621"
                          CONTENT="subito"/>
                  <SP HEIGHT="44" WIDTH="14" VPOS="493" HPOS="1764"/>
                  <String HEIGHT="44"
                          WIDTH="187"
                          VPOS="493"
                          HPOS="1721"
                          CONTENT="corrumpi."/>
                  <SP HEIGHT="44" WIDTH="14" VPOS="493" HPOS="1908"/>
                  <String HEIGHT="44"
                          WIDTH="101"
                          VPOS="493"
                          HPOS="1865"
                          CONTENT="hoc"/>
                  <SP HEIGHT="44" WIDTH="14" VPOS="493" HPOS="1965"/>
                  <String HEIGHT="44"
                          WIDTH="129"
                          VPOS="493"
                          HPOS="1922"
                          CONTENT="habet"/>
                  <SP HEIGHT="44" WIDTH="14" VPOS="493" HPOS="2052"/>
                  <String HEIGHT="44"
                          WIDTH="72"
                          VPOS="493"
                          HPOS="1994"
                          CONTENT="ve"
                          SUBS_TYPE="HypPart1"
                          SUBS_CONTENT="verum"/>
                  <HYP CONTENT="-"/>
               </TextLine>
               <TextLine ID="r1l19"
                         BASELINE="571"
                         HEIGHT="41"
                         WIDTH="790"
                         VPOS="530"
                         HPOS="1281">
                  <String HEIGHT="41"
                          WIDTH="94"
                          VPOS="530"
                          HPOS="1268"
                          CONTENT="rum"
                          SUBS_TYPE="HypPart2"
                          SUBS_CONTENT="verum"/>
                  <SP HEIGHT="41" WIDTH="13" VPOS="530" HPOS="1361"/>
                  <String HEIGHT="41"
                          WIDTH="161"
                          VPOS="530"
                          HPOS="1321"
                          CONTENT="secundum"/>
                  <SP HEIGHT="41" WIDTH="13" VPOS="530" HPOS="1482"/>
                  <String HEIGHT="41"
                          WIDTH="107"
                          VPOS="530"
                          HPOS="1442"
                          CONTENT="eos."/>
                  <SP HEIGHT="41" WIDTH="13" VPOS="530" HPOS="1549"/>
                  <String HEIGHT="41" WIDTH="80" VPOS="530" HPOS="1509" CONTENT="et"/>
                  <SP HEIGHT="41" WIDTH="13" VPOS="530" HPOS="1589"/>
                  <String HEIGHT="41"
                          WIDTH="121"
                          VPOS="530"
                          HPOS="1549"
                          CONTENT="eodem"/>
                  <SP HEIGHT="41" WIDTH="13" VPOS="530" HPOS="1669"/>
                  <String HEIGHT="41"
                          WIDTH="107"
                          VPOS="530"
                          HPOS="1629"
                          CONTENT="modo"/>
                  <SP HEIGHT="41" WIDTH="13" VPOS="530" HPOS="1736"/>
                  <String HEIGHT="41" WIDTH="80" VPOS="530" HPOS="1696" CONTENT="si"/>
                  <SP HEIGHT="41" WIDTH="13" VPOS="530" HPOS="1776"/>
                  <String HEIGHT="41" WIDTH="94" VPOS="530" HPOS="1736" CONTENT="res"/>
                  <SP HEIGHT="41" WIDTH="13" VPOS="530" HPOS="1830"/>
                  <String HEIGHT="41"
                          WIDTH="201"
                          VPOS="530"
                          HPOS="1790"
                          CONTENT="instantanee"/>
                  <SP HEIGHT="41" WIDTH="13" VPOS="530" HPOS="1991"/>
                  <String HEIGHT="41"
                          WIDTH="134"
                          VPOS="530"
                          HPOS="1937"
                          CONTENT="produci"
                          SUBS_TYPE="HypPart1"
                          SUBS_CONTENT="producitur:"/>
                  <HYP CONTENT="-"/>
               </TextLine>
               <TextLine ID="r1l21"
                         BASELINE="611"
                         HEIGHT="40"
                         WIDTH="793"
                         VPOS="571"
                         HPOS="1281">
                  <String HEIGHT="40"
                          WIDTH="104"
                          VPOS="571"
                          HPOS="1268"
                          CONTENT="tur:"
                          SUBS_TYPE="HypPart2"
                          SUBS_CONTENT="producitur:"/>
                  <SP HEIGHT="40" WIDTH="13" VPOS="571" HPOS="1372"/>
                  <String HEIGHT="40" WIDTH="78" VPOS="571" HPOS="1333" CONTENT="et"/>
                  <SP HEIGHT="40" WIDTH="13" VPOS="571" HPOS="1411"/>
                  <String HEIGHT="40"
                          WIDTH="104"
                          VPOS="571"
                          HPOS="1372"
                          CONTENT="tunc"/>
                  <SP HEIGHT="40" WIDTH="13" VPOS="571" HPOS="1476"/>
                  <String HEIGHT="40"
                          WIDTH="104"
                          VPOS="571"
                          HPOS="1437"
                          CONTENT="sic."/>
                  <SP HEIGHT="40" WIDTH="13" VPOS="571" HPOS="1541"/>
                  <String HEIGHT="40"
                          WIDTH="117"
                          VPOS="571"
                          HPOS="1502"
                          CONTENT="sorte"/>
                  <SP HEIGHT="40" WIDTH="13" VPOS="571" HPOS="1619"/>
                  <String HEIGHT="40"
                          WIDTH="117"
                          VPOS="571"
                          HPOS="1580"
                          CONTENT="habet"/>
                  <SP HEIGHT="40" WIDTH="13" VPOS="571" HPOS="1697"/>
                  <String HEIGHT="40"
                          WIDTH="169"
                          VPOS="571"
                          HPOS="1658"
                          CONTENT="opinionem"/>
                  <SP HEIGHT="40" WIDTH="13" VPOS="571" HPOS="1827"/>
                  <String HEIGHT="40" WIDTH="78" VPOS="571" HPOS="1788" CONTENT="in"/>
                  <SP HEIGHT="40" WIDTH="13" VPOS="571" HPOS="1866"/>
                  <String HEIGHT="40" WIDTH="91" VPOS="571" HPOS="1827" CONTENT="hoc"/>
                  <SP HEIGHT="40" WIDTH="13" VPOS="571" HPOS="1918"/>
                  <String HEIGHT="40"
                          WIDTH="156"
                          VPOS="571"
                          HPOS="1879"
                          CONTENT="instanti"/>
                  <SP HEIGHT="40" WIDTH="13" VPOS="571" HPOS="2035"/>
                  <String HEIGHT="40" WIDTH="65" VPOS="571" HPOS="1996" CONTENT="/"/>
                  <SP HEIGHT="40" WIDTH="13" VPOS="571" HPOS="2061"/>
                  <String HEIGHT="40" WIDTH="65" VPOS="571" HPOS="2009" CONTENT="cui"/>
               </TextLine>
               <TextLine ID="r1l23"
                         BASELINE="649"
                         HEIGHT="44"
                         WIDTH="779"
                         VPOS="605"
                         HPOS="1287">
                  <String HEIGHT="44"
                          WIDTH="195"
                          VPOS="605"
                          HPOS="1273"
                          CONTENT="applicatur"/>
                  <SP HEIGHT="44" WIDTH="14" VPOS="605" HPOS="1468"/>
                  <String HEIGHT="44"
                          WIDTH="236"
                          VPOS="605"
                          HPOS="1426"
                          CONTENT="demonstratio."/>
                  <SP HEIGHT="44" WIDTH="14" VPOS="605" HPOS="1663"/>
                  <String HEIGHT="44"
                          WIDTH="167"
                          VPOS="605"
                          HPOS="1621"
                          CONTENT="scientia"/>
                  <SP HEIGHT="44" WIDTH="14" VPOS="605" HPOS="1788"/>
                  <String HEIGHT="44" WIDTH="97" VPOS="605" HPOS="1746" CONTENT="non"/>
                  <SP HEIGHT="44" WIDTH="14" VPOS="605" HPOS="1843"/>
                  <String HEIGHT="44"
                          WIDTH="139"
                          VPOS="605"
                          HPOS="1802"
                          CONTENT="potest"/>
                  <SP HEIGHT="44" WIDTH="14" VPOS="605" HPOS="1941"/>
                  <String HEIGHT="44"
                          WIDTH="139"
                          VPOS="605"
                          HPOS="1899"
                          CONTENT="subito"/>
                  <SP HEIGHT="44" WIDTH="14" VPOS="605" HPOS="2038"/>
                  <String HEIGHT="44"
                          WIDTH="83"
                          VPOS="605"
                          HPOS="1983"
                          CONTENT="cor"
                          SUBS_TYPE="HypPart1"
                          SUBS_CONTENT="corrupere"/>
                  <HYP CONTENT="-"/>
               </TextLine>
               <TextLine ID="r1l25"
                         BASELINE="688"
                         HEIGHT="41"
                         WIDTH="785"
                         VPOS="647"
                         HPOS="1281">
                  <String HEIGHT="41"
                          WIDTH="145"
                          VPOS="647"
                          HPOS="1266"
                          CONTENT="rupere"
                          SUBS_TYPE="HypPart2"
                          SUBS_CONTENT="corrupere"/>
                  <SP HEIGHT="41" WIDTH="15" VPOS="647" HPOS="1412"/>
                  <String HEIGHT="41"
                          WIDTH="204"
                          VPOS="647"
                          HPOS="1368"
                          CONTENT="opinionem:"/>
                  <SP HEIGHT="41" WIDTH="15" VPOS="647" HPOS="1572"/>
                  <String HEIGHT="41"
                          WIDTH="116"
                          VPOS="647"
                          HPOS="1528"
                          CONTENT="ergo"/>
                  <SP HEIGHT="41" WIDTH="15" VPOS="647" HPOS="1644"/>
                  <String HEIGHT="41"
                          WIDTH="131"
                          VPOS="647"
                          HPOS="1601"
                          CONTENT="secum"/>
                  <SP HEIGHT="41" WIDTH="15" VPOS="647" HPOS="1732"/>
                  <String HEIGHT="41"
                          WIDTH="145"
                          VPOS="647"
                          HPOS="1688"
                          CONTENT="stabit"/>
                  <SP HEIGHT="41" WIDTH="15" VPOS="647" HPOS="1833"/>
                  <String HEIGHT="41"
                          WIDTH="102"
                          VPOS="647"
                          HPOS="1790"
                          CONTENT="per"/>
                  <SP HEIGHT="41" WIDTH="15" VPOS="647" HPOS="1892"/>
                  <String HEIGHT="41"
                          WIDTH="160"
                          VPOS="647"
                          HPOS="1848"
                          CONTENT="aliquod"/>
                  <SP HEIGHT="41" WIDTH="15" VPOS="647" HPOS="2008"/>
                  <String HEIGHT="41"
                          WIDTH="116"
                          VPOS="647"
                          HPOS="1950"
                          CONTENT="tempus"/>
               </TextLine>
               <TextLine ID="r1l27"
                         BASELINE="720"
                         HEIGHT="41"
                         WIDTH="785"
                         VPOS="679"
                         HPOS="1278">
                  <String HEIGHT="41" WIDTH="79" VPOS="679" HPOS="1265" CONTENT="Si"/>
                  <SP HEIGHT="41" WIDTH="13" VPOS="679" HPOS="1343"/>
                  <String HEIGHT="41"
                          WIDTH="118"
                          VPOS="679"
                          HPOS="1304"
                          CONTENT="dicas"/>
                  <SP HEIGHT="41" WIDTH="13" VPOS="679" HPOS="1422"/>
                  <String HEIGHT="41"
                          WIDTH="105"
                          VPOS="679"
                          HPOS="1383"
                          CONTENT="quod"/>
                  <SP HEIGHT="41" WIDTH="13" VPOS="679" HPOS="1487"/>
                  <String HEIGHT="41"
                          WIDTH="118"
                          VPOS="679"
                          HPOS="1448"
                          CONTENT="actus"/>
                  <SP HEIGHT="41" WIDTH="13" VPOS="679" HPOS="1566"/>
                  <String HEIGHT="41"
                          WIDTH="209"
                          VPOS="679"
                          HPOS="1527"
                          CONTENT="scientificus"/>
                  <SP HEIGHT="41" WIDTH="13" VPOS="679" HPOS="1736"/>
                  <String HEIGHT="41" WIDTH="92" VPOS="679" HPOS="1697" CONTENT="non"/>
                  <SP HEIGHT="41" WIDTH="13" VPOS="679" HPOS="1788"/>
                  <String HEIGHT="41"
                          WIDTH="183"
                          VPOS="679"
                          HPOS="1749"
                          CONTENT="producetur"/>
                  <SP HEIGHT="41" WIDTH="13" VPOS="679" HPOS="1932"/>
                  <String HEIGHT="41" WIDTH="79" VPOS="679" HPOS="1893" CONTENT="in"/>
                  <SP HEIGHT="41" WIDTH="13" VPOS="679" HPOS="1971"/>
                  <String HEIGHT="41"
                          WIDTH="105"
                          VPOS="679"
                          HPOS="1932"
                          CONTENT="illo"/>
                  <SP HEIGHT="41" WIDTH="13" VPOS="679" HPOS="2037"/>
                  <String HEIGHT="41"
                          WIDTH="79"
                          VPOS="679"
                          HPOS="1985"
                          CONTENT="sub"
                          SUBS_TYPE="HypPart1"
                          SUBS_CONTENT="sublecto"/>
                  <HYP CONTENT="-"/>
               </TextLine>
               <TextLine ID="r1l29"
                         BASELINE="762"
                         HEIGHT="46"
                         WIDTH="781"
                         VPOS="716"
                         HPOS="1288">
                  <String HEIGHT="46"
                          WIDTH="117"
                          VPOS="716"
                          HPOS="1275"
                          CONTENT="lecto"
                          SUBS_TYPE="HypPart2"
                          SUBS_CONTENT="sublecto"/>
                  <SP HEIGHT="46" WIDTH="13" VPOS="716" HPOS="1392"/>
                  <String HEIGHT="46"
                          WIDTH="130"
                          VPOS="716"
                          HPOS="1353"
                          CONTENT="stante"/>
                  <SP HEIGHT="46" WIDTH="13" VPOS="716" HPOS="1483"/>
                  <String HEIGHT="46"
                          WIDTH="156"
                          VPOS="716"
                          HPOS="1444"
                          CONTENT="opinione"/>
                  <SP HEIGHT="46" WIDTH="13" VPOS="716" HPOS="1600"/>
                  <String HEIGHT="46"
                          WIDTH="156"
                          VPOS="716"
                          HPOS="1561"
                          CONTENT="actuali:"/>
                  <SP HEIGHT="46" WIDTH="13" VPOS="716" HPOS="1718"/>
                  <String HEIGHT="46"
                          WIDTH="130"
                          VPOS="716"
                          HPOS="1679"
                          CONTENT="quaero"/>
                  <SP HEIGHT="46" WIDTH="13" VPOS="716" HPOS="1809"/>
                  <String HEIGHT="46"
                          WIDTH="104"
                          VPOS="716"
                          HPOS="1770"
                          CONTENT="tunc"/>
                  <SP HEIGHT="46" WIDTH="13" VPOS="716" HPOS="1874"/>
                  <String HEIGHT="46" WIDTH="65" VPOS="716" HPOS="1835" CONTENT="a"/>
                  <SP HEIGHT="46" WIDTH="13" VPOS="716" HPOS="1900"/>
                  <String HEIGHT="46" WIDTH="91" VPOS="716" HPOS="1861" CONTENT="quo"/>
                  <SP HEIGHT="46" WIDTH="13" VPOS="716" HPOS="1952"/>
                  <String HEIGHT="46"
                          WIDTH="169"
                          VPOS="716"
                          HPOS="1900"
                          CONTENT="corrumpetur"/>
               </TextLine>
               <TextLine ID="r1l31"
                         BASELINE="801"
                         HEIGHT="48"
                         WIDTH="779"
                         VPOS="753"
                         HPOS="1287">
                  <String HEIGHT="48"
                          WIDTH="118"
                          VPOS="753"
                          HPOS="1272"
                          CONTENT="illa"/>
                  <SP HEIGHT="48" WIDTH="15" VPOS="753" HPOS="1390"/>
                  <String HEIGHT="48"
                          WIDTH="162"
                          VPOS="753"
                          HPOS="1346"
                          CONTENT="opinio."/>
                  <SP HEIGHT="48" WIDTH="15" VPOS="753" HPOS="1507"/>
                  <String HEIGHT="48"
                          WIDTH="118"
                          VPOS="753"
                          HPOS="1463"
                          CONTENT="Item"/>
                  <SP HEIGHT="48" WIDTH="15" VPOS="753" HPOS="1581"/>
                  <String HEIGHT="48"
                          WIDTH="118"
                          VPOS="753"
                          HPOS="1537"
                          CONTENT="tunc"/>
                  <SP HEIGHT="48" WIDTH="15" VPOS="753" HPOS="1654"/>
                  <String HEIGHT="48"
                          WIDTH="162"
                          VPOS="753"
                          HPOS="1610"
                          CONTENT="dabitur"/>
                  <SP HEIGHT="48" WIDTH="15" VPOS="753" HPOS="1772"/>
                  <String HEIGHT="48"
                          WIDTH="176"
                          VPOS="753"
                          HPOS="1728"
                          CONTENT="assensus"/>
                  <SP HEIGHT="48" WIDTH="15" VPOS="753" HPOS="1904"/>
                  <String HEIGHT="48"
                          WIDTH="162"
                          VPOS="753"
                          HPOS="1860"
                          CONTENT="maioris"/>
                  <SP HEIGHT="48" WIDTH="15" VPOS="753" HPOS="2022"/>
                  <String HEIGHT="48" WIDTH="73" VPOS="753" HPOS="1978" CONTENT="/"/>
                  <SP HEIGHT="48" WIDTH="15" VPOS="753" HPOS="2051"/>
                  <String HEIGHT="48"
                          WIDTH="73"
                          VPOS="753"
                          HPOS="1993"
                          CONTENT="mi"
                          SUBS_TYPE="HypPart1"
                          SUBS_CONTENT="minoris"/>
                  <HYP CONTENT="-"/>
               </TextLine>
               <TextLine ID="r1l33"
                         BASELINE="837"
                         HEIGHT="45"
                         WIDTH="788"
                         VPOS="792"
                         HPOS="1281">
                  <String HEIGHT="45"
                          WIDTH="113"
                          VPOS="792"
                          HPOS="1268"
                          CONTENT="noris"
                          SUBS_TYPE="HypPart2"
                          SUBS_CONTENT="minoris"/>
                  <SP HEIGHT="45" WIDTH="13" VPOS="792" HPOS="1381"/>
                  <String HEIGHT="45" WIDTH="75" VPOS="792" HPOS="1344" CONTENT="et"/>
                  <SP HEIGHT="45" WIDTH="13" VPOS="792" HPOS="1419"/>
                  <String HEIGHT="45"
                          WIDTH="163"
                          VPOS="792"
                          HPOS="1381"
                          CONTENT="bonitatis"/>
                  <SP HEIGHT="45" WIDTH="13" VPOS="792" HPOS="1544"/>
                  <String HEIGHT="45"
                          WIDTH="175"
                          VPOS="792"
                          HPOS="1506"
                          CONTENT="consequene"/>
                  <SP HEIGHT="45" WIDTH="13" VPOS="792" HPOS="1681"/>
                  <String HEIGHT="45" WIDTH="88" VPOS="792" HPOS="1644" CONTENT="non"/>
                  <SP HEIGHT="45" WIDTH="13" VPOS="792" HPOS="1731"/>
                  <String HEIGHT="45"
                          WIDTH="188"
                          VPOS="792"
                          HPOS="1694"
                          CONTENT="assentiendo"/>
                  <SP HEIGHT="45" WIDTH="13" VPOS="792" HPOS="1881"/>
                  <String HEIGHT="45"
                          WIDTH="100"
                          VPOS="792"
                          HPOS="1844"
                          CONTENT="illi"/>
                  <SP HEIGHT="45" WIDTH="13" VPOS="792" HPOS="1944"/>
                  <String HEIGHT="45"
                          WIDTH="175"
                          VPOS="792"
                          HPOS="1894"
                          CONTENT="conclusionim"/>
               </TextLine>
               <TextLine ID="r1l35"
                         BASELINE="877"
                         HEIGHT="44"
                         WIDTH="770"
                         VPOS="833"
                         HPOS="1287">
                  <String HEIGHT="44"
                          WIDTH="169"
                          VPOS="833"
                          HPOS="1272"
                          CONTENT="assensu"/>
                  <SP HEIGHT="44" WIDTH="15" VPOS="833" HPOS="1441"/>
                  <String HEIGHT="44"
                          WIDTH="169"
                          VPOS="833"
                          HPOS="1395"
                          CONTENT="causato"/>
                  <SP HEIGHT="44" WIDTH="15" VPOS="833" HPOS="1564"/>
                  <String HEIGHT="44"
                          WIDTH="108"
                          VPOS="833"
                          HPOS="1518"
                          CONTENT="per"/>
                  <SP HEIGHT="44" WIDTH="15" VPOS="833" HPOS="1626"/>
                  <String HEIGHT="44"
                          WIDTH="139"
                          VPOS="833"
                          HPOS="1580"
                          CONTENT="illas"/>
                  <SP HEIGHT="44" WIDTH="15" VPOS="833" HPOS="1718"/>
                  <String HEIGHT="44"
                          WIDTH="216"
                          VPOS="833"
                          HPOS="1672"
                          CONTENT="premissas."/>
                  <SP HEIGHT="44" WIDTH="15" VPOS="833" HPOS="1888"/>
                  <String HEIGHT="44" WIDTH="77" VPOS="833" HPOS="1841" CONTENT="⁋"/>
                  <SP HEIGHT="44" WIDTH="15" VPOS="833" HPOS="1918"/>
                  <String HEIGHT="44"
                          WIDTH="200"
                          VPOS="833"
                          HPOS="1857"
                          CONTENT="Respondetur"/>
               </TextLine>
               <TextLine ID="r1l37"
                         BASELINE="916"
                         HEIGHT="47"
                         WIDTH="785"
                         VPOS="869"
                         HPOS="1287">
                  <String HEIGHT="47"
                          WIDTH="204"
                          VPOS="869"
                          HPOS="1272"
                          CONTENT="admittendo"/>
                  <SP HEIGHT="47" WIDTH="15" VPOS="869" HPOS="1476"/>
                  <String HEIGHT="47"
                          WIDTH="116"
                          VPOS="869"
                          HPOS="1432"
                          CONTENT="quod"/>
                  <SP HEIGHT="47" WIDTH="15" VPOS="869" HPOS="1549"/>
                  <String HEIGHT="47"
                          WIDTH="131"
                          VPOS="869"
                          HPOS="1505"
                          CONTENT="nulla"/>
                  <SP HEIGHT="47" WIDTH="15" VPOS="869" HPOS="1636"/>
                  <String HEIGHT="47"
                          WIDTH="174"
                          VPOS="869"
                          HPOS="1592"
                          CONTENT="creatura"/>
                  <SP HEIGHT="47" WIDTH="15" VPOS="869" HPOS="1767"/>
                  <String HEIGHT="47"
                          WIDTH="218"
                          VPOS="869"
                          HPOS="1723"
                          CONTENT="naturaliter"/>
                  <SP HEIGHT="47" WIDTH="15" VPOS="869" HPOS="1941"/>
                  <String HEIGHT="47"
                          WIDTH="160"
                          VPOS="869"
                          HPOS="1898"
                          CONTENT="desinat"/>
                  <SP HEIGHT="47" WIDTH="15" VPOS="869" HPOS="2057"/>
                  <String HEIGHT="47" WIDTH="73" VPOS="869" HPOS="1999" CONTENT="per"/>
               </TextLine>
               <TextLine ID="r1l39"
                         BASELINE="946"
                         HEIGHT="40"
                         WIDTH="791"
                         VPOS="906"
                         HPOS="1281">
                  <String HEIGHT="40"
                          WIDTH="150"
                          VPOS="906"
                          HPOS="1267"
                          CONTENT="vltimum"/>
                  <SP HEIGHT="40" WIDTH="14" VPOS="906" HPOS="1417"/>
                  <String HEIGHT="40"
                          WIDTH="150"
                          VPOS="906"
                          HPOS="1376"
                          CONTENT="instans"/>
                  <SP HEIGHT="40" WIDTH="14" VPOS="906" HPOS="1526"/>
                  <String HEIGHT="40" WIDTH="95" VPOS="906" HPOS="1486" CONTENT="sui"/>
                  <SP HEIGHT="40" WIDTH="14" VPOS="906" HPOS="1581"/>
                  <String HEIGHT="40"
                          WIDTH="123"
                          VPOS="906"
                          HPOS="1540"
                          CONTENT="esse:"/>
                  <SP HEIGHT="40" WIDTH="14" VPOS="906" HPOS="1663"/>
                  <String HEIGHT="40" WIDTH="82" VPOS="906" HPOS="1622" CONTENT="et"/>
                  <SP HEIGHT="40" WIDTH="14" VPOS="906" HPOS="1704"/>
                  <String HEIGHT="40" WIDTH="82" VPOS="906" HPOS="1663" CONTENT="si"/>
                  <SP HEIGHT="40" WIDTH="14" VPOS="906" HPOS="1745"/>
                  <String HEIGHT="40" WIDTH="82" VPOS="906" HPOS="1704" CONTENT="in"/>
                  <SP HEIGHT="40" WIDTH="14" VPOS="906" HPOS="1786"/>
                  <String HEIGHT="40" WIDTH="95" VPOS="906" HPOS="1745" CONTENT="hoc"/>
                  <SP HEIGHT="40" WIDTH="14" VPOS="906" HPOS="1840"/>
                  <String HEIGHT="40"
                          WIDTH="164"
                          VPOS="906"
                          HPOS="1799"
                          CONTENT="instanti"/>
                  <SP HEIGHT="40" WIDTH="14" VPOS="906" HPOS="1963"/>
                  <String HEIGHT="40"
                          WIDTH="164"
                          VPOS="906"
                          HPOS="1908"
                          CONTENT="adducantur"/>
               </TextLine>
               <TextLine ID="r1l41"
                         BASELINE="991"
                         HEIGHT="51"
                         WIDTH="790"
                         VPOS="940"
                         HPOS="1282">
                  <String HEIGHT="51"
                          WIDTH="169"
                          VPOS="940"
                          HPOS="1268"
                          CONTENT="premisse"/>
                  <SP HEIGHT="51" WIDTH="14" VPOS="940" HPOS="1437"/>
                  <String HEIGHT="51" WIDTH="71" VPOS="940" HPOS="1395" CONTENT="/"/>
                  <SP HEIGHT="51" WIDTH="14" VPOS="940" HPOS="1465"/>
                  <String HEIGHT="51" WIDTH="85" VPOS="940" HPOS="1423" CONTENT="et"/>
                  <SP HEIGHT="51" WIDTH="14" VPOS="940" HPOS="1508"/>
                  <String HEIGHT="51"
                          WIDTH="127"
                          VPOS="940"
                          HPOS="1465"
                          CONTENT="earum"/>
                  <SP HEIGHT="51" WIDTH="14" VPOS="940" HPOS="1592"/>
                  <String HEIGHT="51"
                          WIDTH="169"
                          VPOS="940"
                          HPOS="1550"
                          CONTENT="assensus"/>
                  <SP HEIGHT="51" WIDTH="14" VPOS="940" HPOS="1719"/>
                  <String HEIGHT="51"
                          WIDTH="141"
                          VPOS="940"
                          HPOS="1677"
                          CONTENT="fuerit"/>
                  <SP HEIGHT="51" WIDTH="14" VPOS="940" HPOS="1818"/>
                  <String HEIGHT="51"
                          WIDTH="155"
                          VPOS="940"
                          HPOS="1776"
                          CONTENT="positus"/>
                  <SP HEIGHT="51" WIDTH="14" VPOS="940" HPOS="1931"/>
                  <String HEIGHT="51" WIDTH="99" VPOS="940" HPOS="1889" CONTENT="cum"/>
                  <SP HEIGHT="51" WIDTH="14" VPOS="940" HPOS="1987"/>
                  <String HEIGHT="51"
                          WIDTH="141"
                          VPOS="940"
                          HPOS="1931"
                          CONTENT="bonitate"/>
               </TextLine>
               <TextLine ID="r1l43"
                         BASELINE="1024"
                         HEIGHT="42"
                         WIDTH="771"
                         VPOS="982"
                         HPOS="1290">
                  <String HEIGHT="42"
                          WIDTH="234"
                          VPOS="982"
                          HPOS="1276"
                          CONTENT="consequentie:"/>
                  <SP HEIGHT="42" WIDTH="14" VPOS="982" HPOS="1510"/>
                  <String HEIGHT="42"
                          WIDTH="124"
                          VPOS="982"
                          HPOS="1469"
                          CONTENT="nihil"/>
                  <SP HEIGHT="42" WIDTH="14" VPOS="982" HPOS="1593"/>
                  <String HEIGHT="42"
                          WIDTH="165"
                          VPOS="982"
                          HPOS="1552"
                          CONTENT="scientie"/>
                  <SP HEIGHT="42" WIDTH="14" VPOS="982" HPOS="1717"/>
                  <String HEIGHT="42"
                          WIDTH="193"
                          VPOS="982"
                          HPOS="1676"
                          CONTENT="producitur"/>
                  <SP HEIGHT="42" WIDTH="14" VPOS="982" HPOS="1868"/>
                  <String HEIGHT="42" WIDTH="83" VPOS="982" HPOS="1827" CONTENT="in"/>
                  <SP HEIGHT="42" WIDTH="14" VPOS="982" HPOS="1910"/>
                  <String HEIGHT="42" WIDTH="96" VPOS="982" HPOS="1868" CONTENT="hoc"/>
                  <SP HEIGHT="42" WIDTH="14" VPOS="982" HPOS="1965"/>
                  <String HEIGHT="42"
                          WIDTH="151"
                          VPOS="982"
                          HPOS="1910"
                          CONTENT="instanti"
                          SUBS_TYPE="HypPart1"
                          SUBS_CONTENT="instantiAristoteles"/>
                  <HYP CONTENT="-"/>
               </TextLine>
               <TextLine ID="r1l45"
                         BASELINE="1054"
                         HEIGHT="40"
                         WIDTH="793"
                         VPOS="1014"
                         HPOS="1275">
                  <String HEIGHT="40"
                          WIDTH="212"
                          VPOS="1014"
                          HPOS="1261"
                          CONTENT="Aristoteles"
                          SUBS_TYPE="HypPart2"
                          SUBS_CONTENT="instantiAristoteles"/>
                  <SP HEIGHT="40" WIDTH="14" VPOS="1014" HPOS="1473"/>
                  <String HEIGHT="40"
                          WIDTH="127"
                          VPOS="1014"
                          HPOS="1431"
                          CONTENT="autem"/>
                  <SP HEIGHT="40" WIDTH="14" VPOS="1014" HPOS="1558"/>
                  <String HEIGHT="40"
                          WIDTH="269"
                          VPOS="1014"
                          HPOS="1516"
                          CONTENT="intellexitiquod"/>
                  <SP HEIGHT="40" WIDTH="14" VPOS="1014" HPOS="1785"/>
                  <String HEIGHT="40"
                          WIDTH="170"
                          VPOS="1014"
                          HPOS="1742"
                          CONTENT="cognitis"/>
                  <SP HEIGHT="40" WIDTH="14" VPOS="1014" HPOS="1912"/>
                  <String HEIGHT="40"
                          WIDTH="142"
                          VPOS="1014"
                          HPOS="1870"
                          CONTENT="maiore"/>
                  <SP HEIGHT="40" WIDTH="14" VPOS="1014" HPOS="2011"/>
                  <String HEIGHT="40" WIDTH="71" VPOS="1014" HPOS="1969" CONTENT="a"/>
                  <SP HEIGHT="40" WIDTH="14" VPOS="1014" HPOS="2040"/>
                  <String HEIGHT="40"
                          WIDTH="85"
                          VPOS="1014"
                          HPOS="1983"
                          CONTENT="mino"/>
               </TextLine>
               <TextLine ID="r1l47"
                         BASELINE="1103"
                         HEIGHT="53"
                         WIDTH="776"
                         VPOS="1050"
                         HPOS="1288">
                  <String HEIGHT="53" WIDTH="73" VPOS="1050" HPOS="1276" CONTENT="re"/>
                  <SP HEIGHT="53" WIDTH="12" VPOS="1050" HPOS="1349"/>
                  <String HEIGHT="53"
                          WIDTH="109"
                          VPOS="1050"
                          HPOS="1312"
                          CONTENT="simul"/>
                  <SP HEIGHT="53" WIDTH="12" VPOS="1050" HPOS="1421"/>
                  <String HEIGHT="53"
                          WIDTH="133"
                          VPOS="1050"
                          HPOS="1385"
                          CONTENT="tempore"/>
                  <SP HEIGHT="53" WIDTH="12" VPOS="1050" HPOS="1518"/>
                  <String HEIGHT="53"
                          WIDTH="182"
                          VPOS="1050"
                          HPOS="1482"
                          CONTENT="cognoscitur"/>
                  <SP HEIGHT="53" WIDTH="12" VPOS="1050" HPOS="1664"/>
                  <String HEIGHT="53"
                          WIDTH="158"
                          VPOS="1050"
                          HPOS="1628"
                          CONTENT="conclusio"/>
                  <SP HEIGHT="53" WIDTH="12" VPOS="1050" HPOS="1785"/>
                  <String HEIGHT="53" WIDTH="73" VPOS="1050" HPOS="1749" CONTENT="si"/>
                  <SP HEIGHT="53" WIDTH="12" VPOS="1050" HPOS="1822"/>
                  <String HEIGHT="53"
                          WIDTH="158"
                          VPOS="1050"
                          HPOS="1785"
                          CONTENT="subiectum"/>
                  <SP HEIGHT="53" WIDTH="12" VPOS="1050" HPOS="1943"/>
                  <String HEIGHT="53"
                          WIDTH="121"
                          VPOS="1050"
                          HPOS="1906"
                          CONTENT="fuerit"/>
                  <SP HEIGHT="53" WIDTH="12" VPOS="1050" HPOS="2028"/>
                  <String HEIGHT="53"
                          WIDTH="85"
                          VPOS="1050"
                          HPOS="1979"
                          CONTENT="capax"/>
               </TextLine>
               <TextLine ID="r1l49"
                         BASELINE="1130"
                         HEIGHT="43"
                         WIDTH="775"
                         VPOS="1087"
                         HPOS="1285">
                  <String HEIGHT="43"
                          WIDTH="122"
                          VPOS="1087"
                          HPOS="1270"
                          CONTENT="illa"/>
                  <SP HEIGHT="43" WIDTH="15" VPOS="1087" HPOS="1391"/>
                  <String HEIGHT="43"
                          WIDTH="122"
                          VPOS="1087"
                          HPOS="1346"
                          CONTENT="vero"/>
                  <SP HEIGHT="43" WIDTH="15" VPOS="1087" HPOS="1467"/>
                  <String HEIGHT="43"
                          WIDTH="152"
                          VPOS="1087"
                          HPOS="1422"
                          CONTENT="opinio"/>
                  <SP HEIGHT="43" WIDTH="15" VPOS="1087" HPOS="1574"/>
                  <String HEIGHT="43"
                          WIDTH="228"
                          VPOS="1087"
                          HPOS="1528"
                          CONTENT="corrumpetur"/>
                  <SP HEIGHT="43" WIDTH="15" VPOS="1087" HPOS="1756"/>
                  <String HEIGHT="43"
                          WIDTH="152"
                          VPOS="1087"
                          HPOS="1710"
                          CONTENT="sensim"/>
                  <SP HEIGHT="43" WIDTH="15" VPOS="1087" HPOS="1862"/>
                  <String HEIGHT="43" WIDTH="76" VPOS="1087" HPOS="1817" CONTENT="a"/>
                  <SP HEIGHT="43" WIDTH="15" VPOS="1087" HPOS="1893"/>
                  <String HEIGHT="43"
                          WIDTH="228"
                          VPOS="1087"
                          HPOS="1832"
                          CONTENT="demonstratio"
                          SUBS_TYPE="HypPart1"
                          SUBS_CONTENT="demonstratione:"/>
                  <HYP CONTENT="-"/>
               </TextLine>
               <TextLine ID="r1l51"
                         BASELINE="1168"
                         HEIGHT="39"
                         WIDTH="770"
                         VPOS="1129"
                         HPOS="1290">
                  <String HEIGHT="39"
                          WIDTH="96"
                          VPOS="1129"
                          HPOS="1276"
                          CONTENT="ne:"
                          SUBS_TYPE="HypPart2"
                          SUBS_CONTENT="demonstratione:"/>
                  <SP HEIGHT="39" WIDTH="14" VPOS="1129" HPOS="1373"/>
                  <String HEIGHT="39"
                          WIDTH="124"
                          VPOS="1129"
                          HPOS="1331"
                          CONTENT="sicut"/>
                  <SP HEIGHT="39" WIDTH="14" VPOS="1129" HPOS="1455"/>
                  <String HEIGHT="39"
                          WIDTH="124"
                          VPOS="1129"
                          HPOS="1414"
                          CONTENT="forma"/>
                  <SP HEIGHT="39" WIDTH="14" VPOS="1129" HPOS="1538"/>
                  <String HEIGHT="39"
                          WIDTH="110"
                          VPOS="1129"
                          HPOS="1496"
                          CONTENT="aque"/>
                  <SP HEIGHT="39" WIDTH="14" VPOS="1129" HPOS="1606"/>
                  <String HEIGHT="39"
                          WIDTH="179"
                          VPOS="1129"
                          HPOS="1565"
                          CONTENT="corrumpit"/>
                  <SP HEIGHT="39" WIDTH="14" VPOS="1129" HPOS="1744"/>
                  <String HEIGHT="39"
                          WIDTH="165"
                          VPOS="1129"
                          HPOS="1703"
                          CONTENT="calorem:"/>
                  <SP HEIGHT="39" WIDTH="14" VPOS="1129" HPOS="1868"/>
                  <String HEIGHT="39" WIDTH="83" VPOS="1129" HPOS="1826" CONTENT="et"/>
                  <SP HEIGHT="39" WIDTH="14" VPOS="1129" HPOS="1909"/>
                  <String HEIGHT="39"
                          WIDTH="138"
                          VPOS="1129"
                          HPOS="1868"
                          CONTENT="tandem"/>
                  <SP HEIGHT="39" WIDTH="14" VPOS="1129" HPOS="2005"/>
                  <String HEIGHT="39"
                          WIDTH="110"
                          VPOS="1129"
                          HPOS="1950"
                          CONTENT="demon"
                          SUBS_TYPE="HypPart1"
                          SUBS_CONTENT="demonstratio"/>
                  <HYP CONTENT="-"/>
               </TextLine>
               <TextLine ID="r1l53"
                         BASELINE="1206"
                         HEIGHT="44"
                         WIDTH="784"
                         VPOS="1162"
                         HPOS="1279">
                  <String HEIGHT="44"
                          WIDTH="180"
                          VPOS="1162"
                          HPOS="1263"
                          CONTENT="stratio"
                          SUBS_TYPE="HypPart2"
                          SUBS_CONTENT="demonstratio"/>
                  <SP HEIGHT="44" WIDTH="16" VPOS="1162" HPOS="1442"/>
                  <String HEIGHT="44"
                          WIDTH="147"
                          VPOS="1162"
                          HPOS="1393"
                          CONTENT="amoto"/>
                  <SP HEIGHT="44" WIDTH="16" VPOS="1162" HPOS="1540"/>
                  <String HEIGHT="44"
                          WIDTH="229"
                          VPOS="1162"
                          HPOS="1491"
                          CONTENT="prohibente"/>
                  <SP HEIGHT="44" WIDTH="16" VPOS="1162" HPOS="1720"/>
                  <String HEIGHT="44"
                          WIDTH="196"
                          VPOS="1162"
                          HPOS="1671"
                          CONTENT="producet"/>
                  <SP HEIGHT="44" WIDTH="16" VPOS="1162" HPOS="1867"/>
                  <String HEIGHT="44"
                          WIDTH="131"
                          VPOS="1162"
                          HPOS="1818"
                          CONTENT="suum"/>
                  <SP HEIGHT="44" WIDTH="16" VPOS="1162" HPOS="1949"/>
                  <String HEIGHT="44"
                          WIDTH="180"
                          VPOS="1162"
                          HPOS="1883"
                          CONTENT="effectum."/>
               </TextLine>
               <TextLine ID="r1l55"
                         BASELINE="1240"
                         HEIGHT="36"
                         WIDTH="781"
                         VPOS="1204"
                         HPOS="1276">
                  <String HEIGHT="36" WIDTH="77" VPOS="1204" HPOS="1261" CONTENT="⁋"/>
                  <SP HEIGHT="36" WIDTH="15" VPOS="1204" HPOS="1337"/>
                  <String HEIGHT="36"
                          WIDTH="168"
                          VPOS="1204"
                          HPOS="1291"
                          CONTENT="Septimo"/>
                  <SP HEIGHT="36" WIDTH="15" VPOS="1204" HPOS="1460"/>
                  <String HEIGHT="36"
                          WIDTH="199"
                          VPOS="1204"
                          HPOS="1414"
                          CONTENT="arguitur."/>
                  <SP HEIGHT="36" WIDTH="15" VPOS="1204" HPOS="1613"/>
                  <String HEIGHT="36"
                          WIDTH="138"
                          VPOS="1204"
                          HPOS="1567"
                          CONTENT="Error"/>
                  <SP HEIGHT="36" WIDTH="15" VPOS="1204" HPOS="1705"/>
                  <String HEIGHT="36" WIDTH="92" VPOS="1204" HPOS="1659" CONTENT="et"/>
                  <SP HEIGHT="36" WIDTH="15" VPOS="1204" HPOS="1751"/>
                  <String HEIGHT="36"
                          WIDTH="184"
                          VPOS="1204"
                          HPOS="1705"
                          CONTENT="scientia"/>
                  <SP HEIGHT="36" WIDTH="15" VPOS="1204" HPOS="1889"/>
                  <String HEIGHT="36" WIDTH="92" VPOS="1204" HPOS="1843" CONTENT="se"/>
                  <SP HEIGHT="36" WIDTH="15" VPOS="1204" HPOS="1934"/>
                  <String HEIGHT="36"
                          WIDTH="184"
                          VPOS="1204"
                          HPOS="1873"
                          CONTENT="compatium"
                          SUBS_TYPE="HypPart1"
                          SUBS_CONTENT="compatiumtur."/>
                  <HYP CONTENT="-"/>
               </TextLine>
               <TextLine ID="r1l57"
                         BASELINE="1282"
                         HEIGHT="43"
                         WIDTH="780"
                         VPOS="1239"
                         HPOS="1285">
                  <String HEIGHT="43"
                          WIDTH="108"
                          VPOS="1239"
                          HPOS="1272"
                          CONTENT="tur."
                          SUBS_TYPE="HypPart2"
                          SUBS_CONTENT="compatiumtur."/>
                  <SP HEIGHT="43" WIDTH="13" VPOS="1239" HPOS="1379"/>
                  <String HEIGHT="43"
                          WIDTH="108"
                          VPOS="1239"
                          HPOS="1339"
                          CONTENT="ergo"/>
                  <SP HEIGHT="43" WIDTH="13" VPOS="1239" HPOS="1446"/>
                  <String HEIGHT="43"
                          WIDTH="134"
                          VPOS="1239"
                          HPOS="1406"
                          CONTENT="opinio"/>
                  <SP HEIGHT="43" WIDTH="13" VPOS="1239" HPOS="1541"/>
                  <String HEIGHT="43" WIDTH="67" VPOS="1239" HPOS="1500" CONTENT="/"/>
                  <SP HEIGHT="43" WIDTH="13" VPOS="1239" HPOS="1567"/>
                  <String HEIGHT="43"
                          WIDTH="161"
                          VPOS="1239"
                          HPOS="1527"
                          CONTENT="scientia"/>
                  <SP HEIGHT="43" WIDTH="13" VPOS="1239" HPOS="1688"/>
                  <String HEIGHT="43" WIDTH="67" VPOS="1239" HPOS="1648" CONTENT="/"/>
                  <SP HEIGHT="43" WIDTH="13" VPOS="1239" HPOS="1715"/>
                  <String HEIGHT="43" WIDTH="81" VPOS="1239" HPOS="1675" CONTENT="et"/>
                  <SP HEIGHT="43" WIDTH="13" VPOS="1239" HPOS="1756"/>
                  <String HEIGHT="43"
                          WIDTH="134"
                          VPOS="1239"
                          HPOS="1715"
                          CONTENT="fides."/>
                  <SP HEIGHT="43" WIDTH="13" VPOS="1239" HPOS="1850"/>
                  <String HEIGHT="43"
                          WIDTH="188"
                          VPOS="1239"
                          HPOS="1809"
                          CONTENT="antecedens"/>
                  <SP HEIGHT="43" WIDTH="13" VPOS="1239" HPOS="1998"/>
                  <String HEIGHT="43"
                          WIDTH="134"
                          VPOS="1239"
                          HPOS="1957"
                          CONTENT="patet:"/>
                  <SP HEIGHT="43" WIDTH="13" VPOS="1239" HPOS="2092"/>
                  <String HEIGHT="43" WIDTH="27" VPOS="1239" HPOS="2038" CONTENT=""/>
               </TextLine>
               <TextLine ID="r1l59"
                         BASELINE="1322"
                         HEIGHT="46"
                         WIDTH="780"
                         VPOS="1276"
                         HPOS="1279">
                  <String HEIGHT="46"
                          WIDTH="118"
                          VPOS="1276"
                          HPOS="1264"
                          CONTENT="quia"/>
                  <SP HEIGHT="46" WIDTH="15" VPOS="1276" HPOS="1382"/>
                  <String HEIGHT="46"
                          WIDTH="118"
                          VPOS="1276"
                          HPOS="1338"
                          CONTENT="idem"/>
                  <SP HEIGHT="46" WIDTH="15" VPOS="1276" HPOS="1456"/>
                  <String HEIGHT="46"
                          WIDTH="177"
                          VPOS="1276"
                          HPOS="1411"
                          CONTENT="assensus"/>
                  <SP HEIGHT="46" WIDTH="15" VPOS="1276" HPOS="1588"/>
                  <String HEIGHT="46"
                          WIDTH="147"
                          VPOS="1276"
                          HPOS="1544"
                          CONTENT="numero"/>
                  <SP HEIGHT="46" WIDTH="15" VPOS="1276" HPOS="1691"/>
                  <String HEIGHT="46"
                          WIDTH="103"
                          VPOS="1276"
                          HPOS="1647"
                          CONTENT="est"/>
                  <SP HEIGHT="46" WIDTH="15" VPOS="1276" HPOS="1750"/>
                  <String HEIGHT="46"
                          WIDTH="132"
                          VPOS="1276"
                          HPOS="1706"
                          CONTENT="error"/>
                  <SP HEIGHT="46" WIDTH="15" VPOS="1276" HPOS="1838"/>
                  <String HEIGHT="46" WIDTH="88" VPOS="1276" HPOS="1794" CONTENT="et"/>
                  <SP HEIGHT="46" WIDTH="15" VPOS="1276" HPOS="1882"/>
                  <String HEIGHT="46"
                          WIDTH="206"
                          VPOS="1276"
                          HPOS="1838"
                          CONTENT="euidentia:"/>
                  <SP HEIGHT="46" WIDTH="15" VPOS="1276" HPOS="2044"/>
                  <String HEIGHT="46"
                          WIDTH="74"
                          VPOS="1276"
                          HPOS="1985"
                          CONTENT="er"
                          SUBS_TYPE="HypPart1"
                          SUBS_CONTENT="ergo"/>
                  <HYP CONTENT="-"/>
               </TextLine>
               <TextLine ID="r1l61"
                         BASELINE="1362"
                         HEIGHT="49"
                         WIDTH="786"
                         VPOS="1313"
                         HPOS="1280">
                  <String HEIGHT="49"
                          WIDTH="77"
                          VPOS="1313"
                          HPOS="1267"
                          CONTENT="go"
                          SUBS_TYPE="HypPart2"
                          SUBS_CONTENT="ergo"/>
                  <SP HEIGHT="49" WIDTH="13" VPOS="1313" HPOS="1344"/>
                  <String HEIGHT="49"
                          WIDTH="155"
                          VPOS="1313"
                          HPOS="1306"
                          CONTENT="scientia"/>
                  <SP HEIGHT="49" WIDTH="13" VPOS="1313" HPOS="1460"/>
                  <String HEIGHT="49" WIDTH="77" VPOS="1313" HPOS="1422" CONTENT="in"/>
                  <SP HEIGHT="49" WIDTH="13" VPOS="1313" HPOS="1499"/>
                  <String HEIGHT="49"
                          WIDTH="129"
                          VPOS="1313"
                          HPOS="1460"
                          CONTENT="aliqua"/>
                  <SP HEIGHT="49" WIDTH="13" VPOS="1313" HPOS="1589"/>
                  <String HEIGHT="49"
                          WIDTH="103"
                          VPOS="1313"
                          HPOS="1551"
                          CONTENT="eius"/>
                  <SP HEIGHT="49" WIDTH="13" VPOS="1313" HPOS="1654"/>
                  <String HEIGHT="49"
                          WIDTH="193"
                          VPOS="1313"
                          HPOS="1615"
                          CONTENT="acceptione."/>
                  <SP HEIGHT="49" WIDTH="13" VPOS="1313" HPOS="1808"/>
                  <String HEIGHT="49"
                          WIDTH="180"
                          VPOS="1313"
                          HPOS="1770"
                          CONTENT="antecedens"/>
                  <SP HEIGHT="49" WIDTH="13" VPOS="1313" HPOS="1950"/>
                  <String HEIGHT="49"
                          WIDTH="129"
                          VPOS="1313"
                          HPOS="1911"
                          CONTENT="patet:"/>
                  <SP HEIGHT="49" WIDTH="13" VPOS="1313" HPOS="2040"/>
                  <String HEIGHT="49"
                          WIDTH="77"
                          VPOS="1313"
                          HPOS="1989"
                          CONTENT="quia"/>
               </TextLine>
               <TextLine ID="r1l63"
                         BASELINE="1398"
                         HEIGHT="45"
                         WIDTH="788"
                         VPOS="1353"
                         HPOS="1285">
                  <String HEIGHT="45"
                          WIDTH="169"
                          VPOS="1353"
                          HPOS="1271"
                          CONTENT="assensus"/>
                  <SP HEIGHT="45" WIDTH="14" VPOS="1353" HPOS="1440"/>
                  <String HEIGHT="45"
                          WIDTH="113"
                          VPOS="1353"
                          HPOS="1398"
                          CONTENT="quem"/>
                  <SP HEIGHT="45" WIDTH="14" VPOS="1353" HPOS="1510"/>
                  <String HEIGHT="45"
                          WIDTH="127"
                          VPOS="1353"
                          HPOS="1468"
                          CONTENT="habeo"/>
                  <SP HEIGHT="45" WIDTH="14" VPOS="1353" HPOS="1595"/>
                  <String HEIGHT="45" WIDTH="84" VPOS="1353" HPOS="1552" CONTENT="de"/>
                  <SP HEIGHT="45" WIDTH="14" VPOS="1353" HPOS="1637"/>
                  <String HEIGHT="45"
                          WIDTH="99"
                          VPOS="1353"
                          HPOS="1595"
                          CONTENT="hac"/>
                  <SP HEIGHT="45" WIDTH="14" VPOS="1353" HPOS="1693"/>
                  <String HEIGHT="45" WIDTH="70" VPOS="1353" HPOS="1651" CONTENT="/"/>
                  <SP HEIGHT="45" WIDTH="14" VPOS="1353" HPOS="1721"/>
                  <String HEIGHT="45"
                          WIDTH="169"
                          VPOS="1353"
                          HPOS="1679"
                          CONTENT="JIoannes"/>
                  <SP HEIGHT="45" WIDTH="14" VPOS="1353" HPOS="1848"/>
                  <String HEIGHT="45"
                          WIDTH="127"
                          VPOS="1353"
                          HPOS="1806"
                          CONTENT="errat"/>
                  <SP HEIGHT="45" WIDTH="14" VPOS="1353" HPOS="1932"/>
                  <String HEIGHT="45" WIDTH="70" VPOS="1353" HPOS="1890" CONTENT="/"/>
                  <SP HEIGHT="45" WIDTH="14" VPOS="1353" HPOS="1960"/>
                  <String HEIGHT="45"
                          WIDTH="99"
                          VPOS="1353"
                          HPOS="1918"
                          CONTENT="est"/>
                  <SP HEIGHT="45" WIDTH="14" VPOS="1353" HPOS="2017"/>
                  <String HEIGHT="45"
                          WIDTH="113"
                          VPOS="1353"
                          HPOS="1960"
                          CONTENT="error."/>
               </TextLine>
               <TextLine ID="r1l65"
                         BASELINE="1432"
                         HEIGHT="49"
                         WIDTH="766"
                         VPOS="1383"
                         HPOS="1290">
                  <String HEIGHT="49"
                          WIDTH="100"
                          VPOS="1383"
                          HPOS="1277"
                          CONTENT="quia"/>
                  <SP HEIGHT="49" WIDTH="13" VPOS="1383" HPOS="1378"/>
                  <String HEIGHT="49"
                          WIDTH="88"
                          VPOS="1383"
                          HPOS="1340"
                          CONTENT="vel"/>
                  <SP HEIGHT="49" WIDTH="13" VPOS="1383" HPOS="1428"/>
                  <String HEIGHT="49"
                          WIDTH="88"
                          VPOS="1383"
                          HPOS="1390"
                          CONTENT="ita"/>
                  <SP HEIGHT="49" WIDTH="13" VPOS="1383" HPOS="1478"/>
                  <String HEIGHT="49"
                          WIDTH="88"
                          VPOS="1383"
                          HPOS="1441"
                          CONTENT="est"/>
                  <SP HEIGHT="49" WIDTH="13" VPOS="1383" HPOS="1529"/>
                  <String HEIGHT="49"
                          WIDTH="113"
                          VPOS="1383"
                          HPOS="1491"
                          CONTENT="sicut"/>
                  <SP HEIGHT="49" WIDTH="13" VPOS="1383" HPOS="1604"/>
                  <String HEIGHT="49"
                          WIDTH="88"
                          VPOS="1383"
                          HPOS="1566"
                          CONTENT="per"/>
                  <SP HEIGHT="49" WIDTH="13" VPOS="1383" HPOS="1654"/>
                  <String HEIGHT="49"
                          WIDTH="276"
                          VPOS="1383"
                          HPOS="1616"
                          CONTENT="illamsignificatur:"/>
                  <SP HEIGHT="49" WIDTH="13" VPOS="1383" HPOS="1893"/>
                  <String HEIGHT="49"
                          WIDTH="88"
                          VPOS="1383"
                          HPOS="1855"
                          CONTENT="vel"/>
                  <SP HEIGHT="49" WIDTH="13" VPOS="1383" HPOS="1943"/>
                  <String HEIGHT="49"
                          WIDTH="88"
                          VPOS="1383"
                          HPOS="1905"
                          CONTENT="non"/>
                  <SP HEIGHT="49" WIDTH="13" VPOS="1383" HPOS="1993"/>
                  <String HEIGHT="49"
                          WIDTH="88"
                          VPOS="1383"
                          HPOS="1956"
                          CONTENT="ita"/>
                  <SP HEIGHT="49" WIDTH="13" VPOS="1383" HPOS="2043"/>
                  <String HEIGHT="49"
                          WIDTH="63"
                          VPOS="1383"
                          HPOS="1993"
                          CONTENT="est"/>
               </TextLine>
               <TextLine ID="r1l67"
                         BASELINE="1470"
                         HEIGHT="42"
                         WIDTH="781"
                         VPOS="1428"
                         HPOS="1285">
                  <String HEIGHT="42" WIDTH="69" VPOS="1428" HPOS="1274" CONTENT="Si"/>
                  <SP HEIGHT="42" WIDTH="11" VPOS="1428" HPOS="1342"/>
                  <String HEIGHT="42"
                          WIDTH="115"
                          VPOS="1428"
                          HPOS="1308"
                          CONTENT="primum"/>
                  <SP HEIGHT="42" WIDTH="11" VPOS="1428" HPOS="1423"/>
                  <String HEIGHT="42" WIDTH="69" VPOS="1428" HPOS="1388" CONTENT="et"/>
                  <SP HEIGHT="42" WIDTH="11" VPOS="1428" HPOS="1457"/>
                  <String HEIGHT="42"
                          WIDTH="80"
                          VPOS="1428"
                          HPOS="1423"
                          CONTENT="per"/>
                  <SP HEIGHT="42" WIDTH="11" VPOS="1428" HPOS="1503"/>
                  <String HEIGHT="42"
                          WIDTH="103"
                          VPOS="1428"
                          HPOS="1469"
                          CONTENT="illam"/>
                  <SP HEIGHT="42" WIDTH="11" VPOS="1428" HPOS="1572"/>
                  <String HEIGHT="42"
                          WIDTH="184"
                          VPOS="1428"
                          HPOS="1538"
                          CONTENT="significatur"/>
                  <SP HEIGHT="42" WIDTH="11" VPOS="1428" HPOS="1721"/>
                  <String HEIGHT="42"
                          WIDTH="92"
                          VPOS="1428"
                          HPOS="1687"
                          CONTENT="quod"/>
                  <SP HEIGHT="42" WIDTH="11" VPOS="1428" HPOS="1779"/>
                  <String HEIGHT="42"
                          WIDTH="207"
                          VPOS="1428"
                          HPOS="1744"
                          CONTENT="Ioannesserrat:"/>
                  <SP HEIGHT="42" WIDTH="11" VPOS="1428" HPOS="1951"/>
                  <String HEIGHT="42"
                          WIDTH="92"
                          VPOS="1428"
                          HPOS="1917"
                          CONTENT="ergo"/>
                  <SP HEIGHT="42" WIDTH="11" VPOS="1428" HPOS="2009"/>
                  <String HEIGHT="42"
                          WIDTH="80"
                          VPOS="1428"
                          HPOS="1974"
                          CONTENT="ita"/>
                  <SP HEIGHT="42" WIDTH="11" VPOS="1428" HPOS="2055"/>
                  <String HEIGHT="42"
                          WIDTH="57"
                          VPOS="1428"
                          HPOS="2009"
                          CONTENT="est"/>
               </TextLine>
               <TextLine ID="r1l69"
                         BASELINE="1498"
                         HEIGHT="35"
                         WIDTH="783"
                         VPOS="1463"
                         HPOS="1279">
                  <String HEIGHT="35"
                          WIDTH="93"
                          VPOS="1463"
                          HPOS="1266"
                          CONTENT="est"/>
                  <SP HEIGHT="35" WIDTH="13" VPOS="1463" HPOS="1359"/>
                  <String HEIGHT="35"
                          WIDTH="106"
                          VPOS="1463"
                          HPOS="1319"
                          CONTENT="quod"/>
                  <SP HEIGHT="35" WIDTH="13" VPOS="1463" HPOS="1425"/>
                  <String HEIGHT="35"
                          WIDTH="146"
                          VPOS="1463"
                          HPOS="1385"
                          CONTENT="Ioannes"/>
                  <SP HEIGHT="35" WIDTH="13" VPOS="1463" HPOS="1531"/>
                  <String HEIGHT="35"
                          WIDTH="133"
                          VPOS="1463"
                          HPOS="1491"
                          CONTENT="errat."/>
                  <SP HEIGHT="35" WIDTH="13" VPOS="1463" HPOS="1624"/>
                  <String HEIGHT="35" WIDTH="80" VPOS="1463" HPOS="1584" CONTENT="si"/>
                  <SP HEIGHT="35" WIDTH="13" VPOS="1463" HPOS="1664"/>
                  <String HEIGHT="35"
                          WIDTH="93"
                          VPOS="1463"
                          HPOS="1624"
                          CONTENT="non"/>
                  <SP HEIGHT="35" WIDTH="13" VPOS="1463" HPOS="1717"/>
                  <String HEIGHT="35"
                          WIDTH="93"
                          VPOS="1463"
                          HPOS="1677"
                          CONTENT="ita"/>
                  <SP HEIGHT="35" WIDTH="13" VPOS="1463" HPOS="1770"/>
                  <String HEIGHT="35"
                          WIDTH="106"
                          VPOS="1463"
                          HPOS="1730"
                          CONTENT="est:"/>
                  <SP HEIGHT="35" WIDTH="13" VPOS="1463" HPOS="1836"/>
                  <String HEIGHT="35"
                          WIDTH="106"
                          VPOS="1463"
                          HPOS="1797"
                          CONTENT="tunc"/>
                  <SP HEIGHT="35" WIDTH="13" VPOS="1463" HPOS="1903"/>
                  <String HEIGHT="35"
                          WIDTH="146"
                          VPOS="1463"
                          HPOS="1863"
                          CONTENT="Ioannes"/>
                  <SP HEIGHT="35" WIDTH="13" VPOS="1463" HPOS="2009"/>
                  <String HEIGHT="35"
                          WIDTH="106"
                          VPOS="1463"
                          HPOS="1956"
                          CONTENT="assen"
                          SUBS_TYPE="HypPart1"
                          SUBS_CONTENT="assentit"/>
                  <HYP CONTENT="-"/>
               </TextLine>
               <TextLine ID="r1l71"
                         BASELINE="1546"
                         HEIGHT="47"
                         WIDTH="795"
                         VPOS="1499"
                         HPOS="1272">
                  <String HEIGHT="47"
                          WIDTH="93"
                          VPOS="1499"
                          HPOS="1259"
                          CONTENT="tit"
                          SUBS_TYPE="HypPart2"
                          SUBS_CONTENT="assentit"/>
                  <SP HEIGHT="47" WIDTH="13" VPOS="1499" HPOS="1352"/>
                  <String HEIGHT="47"
                          WIDTH="93"
                          VPOS="1499"
                          HPOS="1312"
                          CONTENT="vni"/>
                  <SP HEIGHT="47" WIDTH="13" VPOS="1499" HPOS="1405"/>
                  <String HEIGHT="47"
                          WIDTH="225"
                          VPOS="1499"
                          HPOS="1365"
                          CONTENT="propositioni:"/>
                  <SP HEIGHT="47" WIDTH="13" VPOS="1499" HPOS="1590"/>
                  <String HEIGHT="47" WIDTH="80" VPOS="1499" HPOS="1550" CONTENT="et"/>
                  <SP HEIGHT="47" WIDTH="13" VPOS="1499" HPOS="1630"/>
                  <String HEIGHT="47"
                          WIDTH="93"
                          VPOS="1499"
                          HPOS="1590"
                          CONTENT="non"/>
                  <SP HEIGHT="47" WIDTH="13" VPOS="1499" HPOS="1683"/>
                  <String HEIGHT="47"
                          WIDTH="93"
                          VPOS="1499"
                          HPOS="1643"
                          CONTENT="est"/>
                  <SP HEIGHT="47" WIDTH="13" VPOS="1499" HPOS="1736"/>
                  <String HEIGHT="47"
                          WIDTH="93"
                          VPOS="1499"
                          HPOS="1696"
                          CONTENT="ita"/>
                  <SP HEIGHT="47" WIDTH="13" VPOS="1499" HPOS="1789"/>
                  <String HEIGHT="47" WIDTH="80" VPOS="1499" HPOS="1749" CONTENT="in"/>
                  <SP HEIGHT="47" WIDTH="13" VPOS="1499" HPOS="1829"/>
                  <String HEIGHT="47" WIDTH="80" VPOS="1499" HPOS="1789" CONTENT="re"/>
                  <SP HEIGHT="47" WIDTH="13" VPOS="1499" HPOS="1868"/>
                  <String HEIGHT="47"
                          WIDTH="119"
                          VPOS="1499"
                          HPOS="1829"
                          CONTENT="sicut"/>
                  <SP HEIGHT="47" WIDTH="13" VPOS="1499" HPOS="1948"/>
                  <String HEIGHT="47"
                          WIDTH="106"
                          VPOS="1499"
                          HPOS="1908"
                          CONTENT="illa"/>
                  <SP HEIGHT="47" WIDTH="13" VPOS="1499" HPOS="2014"/>
                  <String HEIGHT="47"
                          WIDTH="106"
                          VPOS="1499"
                          HPOS="1961"
                          CONTENT="signi"
                          SUBS_TYPE="HypPart1"
                          SUBS_CONTENT="significat:"/>
                  <HYP CONTENT="-"/>
               </TextLine>
               <TextLine ID="r1l73"
                         BASELINE="1586"
                         HEIGHT="53"
                         WIDTH="787"
                         VPOS="1533"
                         HPOS="1276">
                  <String HEIGHT="53"
                          WIDTH="141"
                          VPOS="1533"
                          HPOS="1262"
                          CONTENT="ficat:"
                          SUBS_TYPE="HypPart2"
                          SUBS_CONTENT="significat:"/>
                  <SP HEIGHT="53" WIDTH="14" VPOS="1533" HPOS="1402"/>
                  <String HEIGHT="53"
                          WIDTH="112"
                          VPOS="1533"
                          HPOS="1360"
                          CONTENT="ergo"/>
                  <SP HEIGHT="53" WIDTH="14" VPOS="1533" HPOS="1473"/>
                  <String HEIGHT="53"
                          WIDTH="141"
                          VPOS="1533"
                          HPOS="1431"
                          CONTENT="iterum"/>
                  <SP HEIGHT="53" WIDTH="14" VPOS="1533" HPOS="1571"/>
                  <String HEIGHT="53"
                          WIDTH="155"
                          VPOS="1533"
                          HPOS="1529"
                          CONTENT="Joannes"/>
                  <SP HEIGHT="53" WIDTH="14" VPOS="1533" HPOS="1684"/>
                  <String HEIGHT="53"
                          WIDTH="141"
                          VPOS="1533"
                          HPOS="1641"
                          CONTENT="errat."/>
                  <SP HEIGHT="53" WIDTH="14" VPOS="1533" HPOS="1782"/>
                  <String HEIGHT="53"
                          WIDTH="112"
                          VPOS="1533"
                          HPOS="1740"
                          CONTENT="quod"/>
                  <SP HEIGHT="53" WIDTH="14" VPOS="1533" HPOS="1852"/>
                  <String HEIGHT="53"
                          WIDTH="112"
                          VPOS="1533"
                          HPOS="1810"
                          CONTENT="ille"/>
                  <SP HEIGHT="53" WIDTH="14" VPOS="1533" HPOS="1922"/>
                  <String HEIGHT="53"
                          WIDTH="169"
                          VPOS="1533"
                          HPOS="1880"
                          CONTENT="assensus"/>
                  <SP HEIGHT="53" WIDTH="14" VPOS="1533" HPOS="2049"/>
                  <String HEIGHT="53"
                          WIDTH="70"
                          VPOS="1533"
                          HPOS="1993"
                          CONTENT="sit"/>
               </TextLine>
               <TextLine ID="r1l75"
                         BASELINE="1617"
                         HEIGHT="44"
                         WIDTH="786"
                         VPOS="1573"
                         HPOS="1282">
                  <String HEIGHT="44"
                          WIDTH="176"
                          VPOS="1573"
                          HPOS="1268"
                          CONTENT="euidentia"/>
                  <SP HEIGHT="44" WIDTH="14" VPOS="1573" HPOS="1445"/>
                  <String HEIGHT="44"
                          WIDTH="136"
                          VPOS="1573"
                          HPOS="1404"
                          CONTENT="patet:"/>
                  <SP HEIGHT="44" WIDTH="14" VPOS="1573" HPOS="1539"/>
                  <String HEIGHT="44"
                          WIDTH="108"
                          VPOS="1573"
                          HPOS="1499"
                          CONTENT="quia"/>
                  <SP HEIGHT="44" WIDTH="14" VPOS="1573" HPOS="1607"/>
                  <String HEIGHT="44"
                          WIDTH="95"
                          VPOS="1573"
                          HPOS="1567"
                          CONTENT="est"/>
                  <SP HEIGHT="44" WIDTH="14" VPOS="1573" HPOS="1661"/>
                  <String HEIGHT="44"
                          WIDTH="163"
                          VPOS="1573"
                          HPOS="1621"
                          CONTENT="assensus"/>
                  <SP HEIGHT="44" WIDTH="14" VPOS="1573" HPOS="1783"/>
                  <String HEIGHT="44"
                          WIDTH="136"
                          VPOS="1573"
                          HPOS="1743"
                          CONTENT="firmus"/>
                  <SP HEIGHT="44" WIDTH="14" VPOS="1573" HPOS="1878"/>
                  <String HEIGHT="44"
                          WIDTH="203"
                          VPOS="1573"
                          HPOS="1838"
                          CONTENT="naturaliter"/>
                  <SP HEIGHT="44" WIDTH="14" VPOS="1573" HPOS="2041"/>
                  <String HEIGHT="44"
                          WIDTH="81"
                          VPOS="1573"
                          HPOS="1987"
                          CONTENT="cau"
                          SUBS_TYPE="HypPart1"
                          SUBS_CONTENT="causatus:"/>
                  <HYP CONTENT="-"/>
               </TextLine>
               <TextLine ID="r1l77"
                         BASELINE="1656"
                         HEIGHT="46"
                         WIDTH="787"
                         VPOS="1610"
                         HPOS="1272">
                  <String HEIGHT="46"
                          WIDTH="148"
                          VPOS="1610"
                          HPOS="1257"
                          CONTENT="satus:"
                          SUBS_TYPE="HypPart2"
                          SUBS_CONTENT="causatus:"/>
                  <SP HEIGHT="46" WIDTH="15" VPOS="1610" HPOS="1406"/>
                  <String HEIGHT="46"
                          WIDTH="119"
                          VPOS="1610"
                          HPOS="1361"
                          CONTENT="ergo"/>
                  <SP HEIGHT="46" WIDTH="15" VPOS="1610" HPOS="1480"/>
                  <String HEIGHT="46"
                          WIDTH="193"
                          VPOS="1610"
                          HPOS="1435"
                          CONTENT="euidentia"/>
                  <SP HEIGHT="46" WIDTH="15" VPOS="1610" HPOS="1628"/>
                  <String HEIGHT="46" WIDTH="74" VPOS="1610" HPOS="1584" CONTENT="/"/>
                  <SP HEIGHT="46" WIDTH="15" VPOS="1610" HPOS="1658"/>
                  <String HEIGHT="46" WIDTH="89" VPOS="1610" HPOS="1614" CONTENT="ex"/>
                  <SP HEIGHT="46" WIDTH="15" VPOS="1610" HPOS="1703"/>
                  <String HEIGHT="46"
                          WIDTH="193"
                          VPOS="1610"
                          HPOS="1658"
                          CONTENT="terminis."/>
                  <SP HEIGHT="46" WIDTH="15" VPOS="1610" HPOS="1851"/>
                  <String HEIGHT="46"
                          WIDTH="148"
                          VPOS="1610"
                          HPOS="1807"
                          CONTENT="Dices."/>
                  <SP HEIGHT="46" WIDTH="15" VPOS="1610" HPOS="1955"/>
                  <String HEIGHT="46"
                          WIDTH="104"
                          VPOS="1610"
                          HPOS="1911"
                          CONTENT="non"/>
                  <SP HEIGHT="46" WIDTH="15" VPOS="1610" HPOS="2014"/>
                  <String HEIGHT="46"
                          WIDTH="104"
                          VPOS="1610"
                          HPOS="1955"
                          CONTENT="habe"
                          SUBS_TYPE="HypPart1"
                          SUBS_CONTENT="habetur"/>
                  <HYP CONTENT="-"/>
               </TextLine>
               <TextLine ID="r1l79"
                         BASELINE="1688"
                         HEIGHT="40"
                         WIDTH="783"
                         VPOS="1648"
                         HPOS="1282">
                  <String HEIGHT="40"
                          WIDTH="93"
                          VPOS="1648"
                          HPOS="1269"
                          CONTENT="tur"
                          SUBS_TYPE="HypPart2"
                          SUBS_CONTENT="habetur"/>
                  <SP HEIGHT="40" WIDTH="13" VPOS="1648" HPOS="1362"/>
                  <String HEIGHT="40" WIDTH="80" VPOS="1648" HPOS="1322" CONTENT="ex"/>
                  <SP HEIGHT="40" WIDTH="13" VPOS="1648" HPOS="1401"/>
                  <String HEIGHT="40"
                          WIDTH="93"
                          VPOS="1648"
                          HPOS="1362"
                          CONTENT="hoc"/>
                  <SP HEIGHT="40" WIDTH="13" VPOS="1648" HPOS="1455"/>
                  <String HEIGHT="40"
                          WIDTH="106"
                          VPOS="1648"
                          HPOS="1415"
                          CONTENT="quod"/>
                  <SP HEIGHT="40" WIDTH="13" VPOS="1648" HPOS="1521"/>
                  <String HEIGHT="40"
                          WIDTH="119"
                          VPOS="1648"
                          HPOS="1481"
                          CONTENT="error"/>
                  <SP HEIGHT="40" WIDTH="13" VPOS="1648" HPOS="1601"/>
                  <String HEIGHT="40" WIDTH="80" VPOS="1648" HPOS="1561" CONTENT="et"/>
                  <SP HEIGHT="40" WIDTH="13" VPOS="1648" HPOS="1640"/>
                  <String HEIGHT="40"
                          WIDTH="159"
                          VPOS="1648"
                          HPOS="1601"
                          CONTENT="scientia"/>
                  <SP HEIGHT="40" WIDTH="13" VPOS="1648" HPOS="1760"/>
                  <String HEIGHT="40" WIDTH="80" VPOS="1648" HPOS="1720" CONTENT="se"/>
                  <SP HEIGHT="40" WIDTH="13" VPOS="1648" HPOS="1800"/>
                  <String HEIGHT="40"
                          WIDTH="226"
                          VPOS="1648"
                          HPOS="1760"
                          CONTENT="compatiuntur:"/>
                  <SP HEIGHT="40" WIDTH="13" VPOS="1648" HPOS="1985"/>
                  <String HEIGHT="40"
                          WIDTH="106"
                          VPOS="1648"
                          HPOS="1946"
                          CONTENT="quia"/>
                  <SP HEIGHT="40" WIDTH="13" VPOS="1648" HPOS="2052"/>
                  <String HEIGHT="40"
                          WIDTH="66"
                          VPOS="1648"
                          HPOS="1999"
                          CONTENT="non"/>
               </TextLine>
               <TextLine ID="r1l81"
                         BASELINE="1727"
                         HEIGHT="46"
                         WIDTH="782"
                         VPOS="1681"
                         HPOS="1278">
                  <String HEIGHT="46"
                          WIDTH="120"
                          VPOS="1681"
                          HPOS="1263"
                          CONTENT="sunt"/>
                  <SP HEIGHT="46" WIDTH="15" VPOS="1681" HPOS="1383"/>
                  <String HEIGHT="46"
                          WIDTH="150"
                          VPOS="1681"
                          HPOS="1338"
                          CONTENT="plures"/>
                  <SP HEIGHT="46" WIDTH="15" VPOS="1681" HPOS="1489"/>
                  <String HEIGHT="46"
                          WIDTH="120"
                          VPOS="1681"
                          HPOS="1443"
                          CONTENT="res:"/>
                  <SP HEIGHT="46" WIDTH="15" VPOS="1681" HPOS="1564"/>
                  <String HEIGHT="46"
                          WIDTH="105"
                          VPOS="1681"
                          HPOS="1519"
                          CONTENT="sed"/>
                  <SP HEIGHT="46" WIDTH="15" VPOS="1681" HPOS="1624"/>
                  <String HEIGHT="46"
                          WIDTH="120"
                          VPOS="1681"
                          HPOS="1579"
                          CONTENT="vnus"/>
                  <SP HEIGHT="46" WIDTH="15" VPOS="1681" HPOS="1699"/>
                  <String HEIGHT="46"
                          WIDTH="135"
                          VPOS="1681"
                          HPOS="1654"
                          CONTENT="actus"/>
                  <SP HEIGHT="46" WIDTH="15" VPOS="1681" HPOS="1789"/>
                  <String HEIGHT="46"
                          WIDTH="180"
                          VPOS="1681"
                          HPOS="1744"
                          CONTENT="simplex."/>
                  <SP HEIGHT="46" WIDTH="15" VPOS="1681" HPOS="1925"/>
                  <String HEIGHT="46"
                          WIDTH="105"
                          VPOS="1681"
                          HPOS="1880"
                          CONTENT="hoc"/>
                  <SP HEIGHT="46" WIDTH="15" VPOS="1681" HPOS="1985"/>
                  <String HEIGHT="46"
                          WIDTH="105"
                          VPOS="1681"
                          HPOS="1940"
                          CONTENT="non"/>
                  <SP HEIGHT="46" WIDTH="15" VPOS="1681" HPOS="2045"/>
                  <String HEIGHT="46"
                          WIDTH="75"
                          VPOS="1681"
                          HPOS="1985"
                          CONTENT="sol"/>
               </TextLine>
               <TextLine ID="r1l83"
                         BASELINE="1759"
                         HEIGHT="38"
                         WIDTH="784"
                         VPOS="1721"
                         HPOS="1282">
                  <String HEIGHT="38"
                          WIDTH="112"
                          VPOS="1721"
                          HPOS="1268"
                          CONTENT="uit."/>
                  <SP HEIGHT="38" WIDTH="14" VPOS="1721" HPOS="1380"/>
                  <String HEIGHT="38"
                          WIDTH="98"
                          VPOS="1721"
                          HPOS="1338"
                          CONTENT="nam"/>
                  <SP HEIGHT="38" WIDTH="14" VPOS="1721" HPOS="1436"/>
                  <String HEIGHT="38"
                          WIDTH="154"
                          VPOS="1721"
                          HPOS="1394"
                          CONTENT="quaeuis"/>
                  <SP HEIGHT="38" WIDTH="14" VPOS="1721" HPOS="1548"/>
                  <String HEIGHT="38"
                          WIDTH="126"
                          VPOS="1721"
                          HPOS="1506"
                          CONTENT="esset"/>
                  <SP HEIGHT="38" WIDTH="14" VPOS="1721" HPOS="1632"/>
                  <String HEIGHT="38"
                          WIDTH="126"
                          VPOS="1721"
                          HPOS="1590"
                          CONTENT="actus"/>
                  <SP HEIGHT="38" WIDTH="14" VPOS="1721" HPOS="1716"/>
                  <String HEIGHT="38"
                          WIDTH="168"
                          VPOS="1721"
                          HPOS="1674"
                          CONTENT="simplex:"/>
                  <SP HEIGHT="38" WIDTH="14" VPOS="1721" HPOS="1842"/>
                  <String HEIGHT="38"
                          WIDTH="182"
                          VPOS="1721"
                          HPOS="1800"
                          CONTENT="haberetur"/>
                  <SP HEIGHT="38" WIDTH="14" VPOS="1721" HPOS="1982"/>
                  <String HEIGHT="38"
                          WIDTH="140"
                          VPOS="1721"
                          HPOS="1926"
                          CONTENT="proposi"
                          SUBS_TYPE="HypPart1"
                          SUBS_CONTENT="propositum."/>
                  <HYP CONTENT="-"/>
               </TextLine>
               <TextLine ID="r1l85"
                         BASELINE="1803"
                         HEIGHT="46"
                         WIDTH="783"
                         VPOS="1757"
                         HPOS="1275">
                  <String HEIGHT="46"
                          WIDTH="118"
                          VPOS="1757"
                          HPOS="1260"
                          CONTENT="tum."
                          SUBS_TYPE="HypPart2"
                          SUBS_CONTENT="propositum."/>
                  <SP HEIGHT="46" WIDTH="15" VPOS="1757" HPOS="1378"/>
                  <String HEIGHT="46"
                          WIDTH="118"
                          VPOS="1757"
                          HPOS="1334"
                          CONTENT="Item"/>
                  <SP HEIGHT="46" WIDTH="15" VPOS="1757" HPOS="1452"/>
                  <String HEIGHT="46"
                          WIDTH="103"
                          VPOS="1757"
                          HPOS="1408"
                          CONTENT="vna"/>
                  <SP HEIGHT="46" WIDTH="15" VPOS="1757" HPOS="1511"/>
                  <String HEIGHT="46"
                          WIDTH="177"
                          VPOS="1757"
                          HPOS="1467"
                          CONTENT="medietas"/>
                  <SP HEIGHT="46" WIDTH="15" VPOS="1757" HPOS="1644"/>
                  <String HEIGHT="46"
                          WIDTH="133"
                          VPOS="1757"
                          HPOS="1600"
                          CONTENT="actus"/>
                  <SP HEIGHT="46" WIDTH="15" VPOS="1757" HPOS="1733"/>
                  <String HEIGHT="46"
                          WIDTH="103"
                          VPOS="1757"
                          HPOS="1689"
                          CONTENT="est"/>
                  <SP HEIGHT="46" WIDTH="15" VPOS="1757" HPOS="1792"/>
                  <String HEIGHT="46"
                          WIDTH="133"
                          VPOS="1757"
                          HPOS="1748"
                          CONTENT="error"/>
                  <SP HEIGHT="46" WIDTH="15" VPOS="1757" HPOS="1881"/>
                  <String HEIGHT="46" WIDTH="74" VPOS="1757" HPOS="1836" CONTENT="/"/>
                  <SP HEIGHT="46" WIDTH="15" VPOS="1757" HPOS="1910"/>
                  <String HEIGHT="46" WIDTH="89" VPOS="1757" HPOS="1866" CONTENT="et"/>
                  <SP HEIGHT="46" WIDTH="15" VPOS="1757" HPOS="1955"/>
                  <String HEIGHT="46"
                          WIDTH="133"
                          VPOS="1757"
                          HPOS="1910"
                          CONTENT="alius"/>
                  <SP HEIGHT="46" WIDTH="15" VPOS="1757" HPOS="2043"/>
                  <String HEIGHT="46"
                          WIDTH="74"
                          VPOS="1757"
                          HPOS="1984"
                          CONTENT="est"/>
               </TextLine>
               <TextLine ID="r1l87"
                         BASELINE="1834"
                         HEIGHT="38"
                         WIDTH="784"
                         VPOS="1796"
                         HPOS="1278">
                  <String HEIGHT="38"
                          WIDTH="211"
                          VPOS="1796"
                          HPOS="1263"
                          CONTENT="cuidentia."/>
                  <SP HEIGHT="38" WIDTH="15" VPOS="1796" HPOS="1474"/>
                  <String HEIGHT="38"
                          WIDTH="166"
                          VPOS="1796"
                          HPOS="1429"
                          CONTENT="igitur."/>
                  <SP HEIGHT="38" WIDTH="15" VPOS="1796" HPOS="1595"/>
                  <String HEIGHT="38"
                          WIDTH="121"
                          VPOS="1796"
                          HPOS="1549"
                          CONTENT="Idem"/>
                  <SP HEIGHT="38" WIDTH="15" VPOS="1796" HPOS="1670"/>
                  <String HEIGHT="38"
                          WIDTH="151"
                          VPOS="1796"
                          HPOS="1625"
                          CONTENT="potest"/>
                  <SP HEIGHT="38" WIDTH="15" VPOS="1796" HPOS="1776"/>
                  <String HEIGHT="38"
                          WIDTH="136"
                          VPOS="1796"
                          HPOS="1730"
                          CONTENT="argui"/>
                  <SP HEIGHT="38" WIDTH="15" VPOS="1796" HPOS="1866"/>
                  <String HEIGHT="38"
                          WIDTH="106"
                          VPOS="1796"
                          HPOS="1821"
                          CONTENT="per"/>
                  <SP HEIGHT="38" WIDTH="15" VPOS="1796" HPOS="1926"/>
                  <String HEIGHT="38"
                          WIDTH="136"
                          VPOS="1796"
                          HPOS="1881"
                          CONTENT="hanc:"/>
                  <SP HEIGHT="38" WIDTH="15" VPOS="1796" HPOS="2017"/>
                  <String HEIGHT="38"
                          WIDTH="106"
                          VPOS="1796"
                          HPOS="1956"
                          CONTENT="Joan"
                          SUBS_TYPE="HypPart1"
                          SUBS_CONTENT="Joannes"/>
                  <HYP CONTENT="-"/>
               </TextLine>
               <TextLine ID="r1l89"
                         BASELINE="1879"
                         HEIGHT="47"
                         WIDTH="788"
                         VPOS="1832"
                         HPOS="1278">
                  <String HEIGHT="47"
                          WIDTH="95"
                          VPOS="1832"
                          HPOS="1264"
                          CONTENT="nes"
                          SUBS_TYPE="HypPart2"
                          SUBS_CONTENT="Joannes"/>
                  <SP HEIGHT="47" WIDTH="14" VPOS="1832" HPOS="1360"/>
                  <String HEIGHT="47"
                          WIDTH="177"
                          VPOS="1832"
                          HPOS="1319"
                          CONTENT="decipitur"/>
                  <SP HEIGHT="47" WIDTH="14" VPOS="1832" HPOS="1495"/>
                  <String HEIGHT="47" WIDTH="68" VPOS="1832" HPOS="1455" CONTENT="/"/>
                  <SP HEIGHT="47" WIDTH="14" VPOS="1832" HPOS="1523"/>
                  <String HEIGHT="47" WIDTH="82" VPOS="1832" HPOS="1482" CONTENT="si"/>
                  <SP HEIGHT="47" WIDTH="14" VPOS="1832" HPOS="1563"/>
                  <String HEIGHT="47"
                          WIDTH="149"
                          VPOS="1832"
                          HPOS="1523"
                          CONTENT="Ioannes"/>
                  <SP HEIGHT="47" WIDTH="14" VPOS="1832" HPOS="1672"/>
                  <String HEIGHT="47"
                          WIDTH="177"
                          VPOS="1832"
                          HPOS="1631"
                          CONTENT="assentiat"/>
                  <SP HEIGHT="47" WIDTH="14" VPOS="1832" HPOS="1808"/>
                  <String HEIGHT="47"
                          WIDTH="122"
                          VPOS="1832"
                          HPOS="1767"
                          CONTENT="illi:"/>
                  <SP HEIGHT="47" WIDTH="14" VPOS="1832" HPOS="1889"/>
                  <String HEIGHT="47"
                          WIDTH="95"
                          VPOS="1832"
                          HPOS="1849"
                          CONTENT="cum"/>
                  <SP HEIGHT="47" WIDTH="14" VPOS="1832" HPOS="1944"/>
                  <String HEIGHT="47"
                          WIDTH="109"
                          VPOS="1832"
                          HPOS="1903"
                          CONTENT="ille"/>
                  <SP HEIGHT="47" WIDTH="14" VPOS="1832" HPOS="2012"/>
                  <String HEIGHT="47"
                          WIDTH="109"
                          VPOS="1832"
                          HPOS="1957"
                          CONTENT="assen"
                          SUBS_TYPE="HypPart1"
                          SUBS_CONTENT="assensus"/>
                  <HYP CONTENT="-"/>
               </TextLine>
               <TextLine ID="r1l91"
                         BASELINE="1914"
                         HEIGHT="46"
                         WIDTH="784"
                         VPOS="1868"
                         HPOS="1273">
                  <String HEIGHT="46"
                          WIDTH="106"
                          VPOS="1868"
                          HPOS="1258"
                          CONTENT="sus"
                          SUBS_TYPE="HypPart2"
                          SUBS_CONTENT="assensus"/>
                  <SP HEIGHT="46" WIDTH="15" VPOS="1868" HPOS="1363"/>
                  <String HEIGHT="46"
                          WIDTH="106"
                          VPOS="1868"
                          HPOS="1318"
                          CONTENT="sit"/>
                  <SP HEIGHT="46" WIDTH="15" VPOS="1868" HPOS="1424"/>
                  <String HEIGHT="46"
                          WIDTH="211"
                          VPOS="1868"
                          HPOS="1379"
                          CONTENT="euidentia:"/>
                  <SP HEIGHT="46" WIDTH="15" VPOS="1868" HPOS="1590"/>
                  <String HEIGHT="46"
                          WIDTH="121"
                          VPOS="1868"
                          HPOS="1544"
                          CONTENT="quia"/>
                  <SP HEIGHT="46" WIDTH="15" VPOS="1868" HPOS="1665"/>
                  <String HEIGHT="46"
                          WIDTH="181"
                          VPOS="1868"
                          HPOS="1620"
                          CONTENT="assensus"/>
                  <SP HEIGHT="46" WIDTH="15" VPOS="1868" HPOS="1801"/>
                  <String HEIGHT="46"
                          WIDTH="136"
                          VPOS="1868"
                          HPOS="1755"
                          CONTENT="verus"/>
                  <SP HEIGHT="46" WIDTH="15" VPOS="1868" HPOS="1891"/>
                  <String HEIGHT="46"
                          WIDTH="151"
                          VPOS="1868"
                          HPOS="1846"
                          CONTENT="certus"/>
                  <SP HEIGHT="46" WIDTH="15" VPOS="1868" HPOS="1997"/>
                  <String HEIGHT="46"
                          WIDTH="121"
                          VPOS="1868"
                          HPOS="1936"
                          CONTENT="natura"/>
               </TextLine>
               <TextLine ID="r1l93"
                         BASELINE="1948"
                         HEIGHT="45"
                         WIDTH="790"
                         VPOS="1903"
                         HPOS="1272">
                  <String HEIGHT="45"
                          WIDTH="127"
                          VPOS="1903"
                          HPOS="1258"
                          CONTENT="liter"/>
                  <SP HEIGHT="45" WIDTH="14" VPOS="1903" HPOS="1385"/>
                  <String HEIGHT="45"
                          WIDTH="183"
                          VPOS="1903"
                          HPOS="1343"
                          CONTENT="causatus:"/>
                  <SP HEIGHT="45" WIDTH="14" VPOS="1903" HPOS="1526"/>
                  <String HEIGHT="45"
                          WIDTH="113"
                          VPOS="1903"
                          HPOS="1484"
                          CONTENT="quia"/>
                  <SP HEIGHT="45" WIDTH="14" VPOS="1903" HPOS="1596"/>
                  <String HEIGHT="45"
                          WIDTH="169"
                          VPOS="1903"
                          HPOS="1554"
                          CONTENT="causatur"/>
                  <SP HEIGHT="45" WIDTH="14" VPOS="1903" HPOS="1723"/>
                  <String HEIGHT="45" WIDTH="85" VPOS="1903" HPOS="1681" CONTENT="ad"/>
                  <SP HEIGHT="45" WIDTH="14" VPOS="1903" HPOS="1766"/>
                  <String HEIGHT="45"
                          WIDTH="99"
                          VPOS="1903"
                          HPOS="1723"
                          CONTENT="ita"/>
                  <SP HEIGHT="45" WIDTH="14" VPOS="1903" HPOS="1822"/>
                  <String HEIGHT="45"
                          WIDTH="113"
                          VPOS="1903"
                          HPOS="1780"
                          CONTENT="esse"/>
                  <SP HEIGHT="45" WIDTH="14" VPOS="1903" HPOS="1893"/>
                  <String HEIGHT="45"
                          WIDTH="127"
                          VPOS="1903"
                          HPOS="1850"
                          CONTENT="sicut"/>
                  <SP HEIGHT="45" WIDTH="14" VPOS="1903" HPOS="1977"/>
                  <String HEIGHT="45"
                          WIDTH="99"
                          VPOS="1903"
                          HPOS="1935"
                          CONTENT="hec"/>
                  <SP HEIGHT="45" WIDTH="14" VPOS="1903" HPOS="2034"/>
                  <String HEIGHT="45"
                          WIDTH="85"
                          VPOS="1903"
                          HPOS="1977"
                          CONTENT="pro"
                          SUBS_TYPE="HypPart1"
                          SUBS_CONTENT="propositio"/>
                  <HYP CONTENT="-"/>
               </TextLine>
               <TextLine ID="r1l95"
                         BASELINE="1983"
                         HEIGHT="42"
                         WIDTH="778"
                         VPOS="1941"
                         HPOS="1285">
                  <String HEIGHT="42"
                          WIDTH="138"
                          VPOS="1941"
                          HPOS="1272"
                          CONTENT="positio"
                          SUBS_TYPE="HypPart2"
                          SUBS_CONTENT="propositio"/>
                  <SP HEIGHT="42" WIDTH="13" VPOS="1941" HPOS="1410"/>
                  <String HEIGHT="42"
                          WIDTH="176"
                          VPOS="1941"
                          HPOS="1373"
                          CONTENT="significat"/>
                  <SP HEIGHT="42" WIDTH="13" VPOS="1941" HPOS="1549"/>
                  <String HEIGHT="42" WIDTH="63" VPOS="1941" HPOS="1511" CONTENT="/"/>
                  <SP HEIGHT="42" WIDTH="13" VPOS="1941" HPOS="1574"/>
                  <String HEIGHT="42" WIDTH="75" VPOS="1941" HPOS="1536" CONTENT="et"/>
                  <SP HEIGHT="42" WIDTH="13" VPOS="1941" HPOS="1611"/>
                  <String HEIGHT="42" WIDTH="75" VPOS="1941" HPOS="1574" CONTENT="ad"/>
                  <SP HEIGHT="42" WIDTH="13" VPOS="1941" HPOS="1649"/>
                  <String HEIGHT="42"
                          WIDTH="125"
                          VPOS="1941"
                          HPOS="1611"
                          CONTENT="aliter"/>
                  <SP HEIGHT="42" WIDTH="13" VPOS="1941" HPOS="1737"/>
                  <String HEIGHT="42"
                          WIDTH="100"
                          VPOS="1941"
                          HPOS="1699"
                          CONTENT="esse"/>
                  <SP HEIGHT="42" WIDTH="13" VPOS="1941" HPOS="1799"/>
                  <String HEIGHT="42"
                          WIDTH="100"
                          VPOS="1941"
                          HPOS="1762"
                          CONTENT="quam"/>
                  <SP HEIGHT="42" WIDTH="13" VPOS="1941" HPOS="1862"/>
                  <String HEIGHT="42"
                          WIDTH="88"
                          VPOS="1941"
                          HPOS="1825"
                          CONTENT="hec"/>
                  <SP HEIGHT="42" WIDTH="13" VPOS="1941" HPOS="1912"/>
                  <String HEIGHT="42"
                          WIDTH="176"
                          VPOS="1941"
                          HPOS="1875"
                          CONTENT="propositio"/>
                  <SP HEIGHT="42" WIDTH="13" VPOS="1941" HPOS="2050"/>
                  <String HEIGHT="42"
                          WIDTH="63"
                          VPOS="1941"
                          HPOS="2000"
                          CONTENT="si"
                          SUBS_TYPE="HypPart1"
                          SUBS_CONTENT="significat:"/>
                  <HYP CONTENT="-"/>
               </TextLine>
               <TextLine ID="r1l97"
                         BASELINE="2025"
                         HEIGHT="40"
                         WIDTH="785"
                         VPOS="1985"
                         HPOS="1272">
                  <String HEIGHT="40"
                          WIDTH="173"
                          VPOS="1985"
                          HPOS="1259"
                          CONTENT="gnificat:"
                          SUBS_TYPE="HypPart2"
                          SUBS_CONTENT="significat:"/>
                  <SP HEIGHT="40" WIDTH="13" VPOS="1985" HPOS="1432"/>
                  <String HEIGHT="40" WIDTH="80" VPOS="1985" HPOS="1392" CONTENT="et"/>
                  <SP HEIGHT="40" WIDTH="13" VPOS="1985" HPOS="1472"/>
                  <String HEIGHT="40" WIDTH="80" VPOS="1985" HPOS="1432" CONTENT="si"/>
                  <SP HEIGHT="40" WIDTH="13" VPOS="1985" HPOS="1511"/>
                  <String HEIGHT="40"
                          WIDTH="173"
                          VPOS="1985"
                          HPOS="1472"
                          CONTENT="decipitur"/>
                  <SP HEIGHT="40" WIDTH="13" VPOS="1985" HPOS="1645"/>
                  <String HEIGHT="40" WIDTH="67" VPOS="1985" HPOS="1605" CONTENT="/"/>
                  <SP HEIGHT="40" WIDTH="13" VPOS="1985" HPOS="1671"/>
                  <String HEIGHT="40"
                          WIDTH="160"
                          VPOS="1985"
                          HPOS="1631"
                          CONTENT="fallitur"/>
                  <SP HEIGHT="40" WIDTH="13" VPOS="1985" HPOS="1791"/>
                  <String HEIGHT="40" WIDTH="80" VPOS="1985" HPOS="1751" CONTENT="et"/>
                  <SP HEIGHT="40" WIDTH="13" VPOS="1985" HPOS="1831"/>
                  <String HEIGHT="40"
                          WIDTH="133"
                          VPOS="1985"
                          HPOS="1791"
                          CONTENT="errat."/>
                  <SP HEIGHT="40" WIDTH="13" VPOS="1985" HPOS="1924"/>
                  <String HEIGHT="40"
                          WIDTH="106"
                          VPOS="1985"
                          HPOS="1884"
                          CONTENT="Item"/>
                  <SP HEIGHT="40" WIDTH="13" VPOS="1985" HPOS="1990"/>
                  <String HEIGHT="40" WIDTH="80" VPOS="1985" HPOS="1951" CONTENT="vt"/>
                  <SP HEIGHT="40" WIDTH="13" VPOS="1985" HPOS="2030"/>
                  <String HEIGHT="40"
                          WIDTH="80"
                          VPOS="1985"
                          HPOS="1977"
                          CONTENT="dici"/>
               </TextLine>
               <TextLine ID="r1l99"
                         BASELINE="2060"
                         HEIGHT="41"
                         WIDTH="787"
                         VPOS="2019"
                         HPOS="1275">
                  <String HEIGHT="41"
                          WIDTH="119"
                          VPOS="2019"
                          HPOS="1260"
                          CONTENT="tur."/>
                  <SP HEIGHT="41" WIDTH="15" VPOS="2019" HPOS="1379"/>
                  <String HEIGHT="41"
                          WIDTH="119"
                          VPOS="2019"
                          HPOS="1334"
                          CONTENT="vii."/>
                  <SP HEIGHT="41" WIDTH="15" VPOS="2019" HPOS="1453"/>
                  <String HEIGHT="41"
                          WIDTH="208"
                          VPOS="2019"
                          HPOS="1409"
                          CONTENT="Ethicorum."/>
                  <SP HEIGHT="41" WIDTH="15" VPOS="2019" HPOS="1617"/>
                  <String HEIGHT="41"
                          WIDTH="148"
                          VPOS="2019"
                          HPOS="1572"
                          CONTENT="aliqui"/>
                  <SP HEIGHT="41" WIDTH="15" VPOS="2019" HPOS="1720"/>
                  <String HEIGHT="41"
                          WIDTH="178"
                          VPOS="2019"
                          HPOS="1676"
                          CONTENT="adherent"/>
                  <SP HEIGHT="41" WIDTH="15" VPOS="2019" HPOS="1854"/>
                  <String HEIGHT="41"
                          WIDTH="148"
                          VPOS="2019"
                          HPOS="1810"
                          CONTENT="tantum"/>
                  <SP HEIGHT="41" WIDTH="15" VPOS="2019" HPOS="1958"/>
                  <String HEIGHT="41"
                          WIDTH="119"
                          VPOS="2019"
                          HPOS="1914"
                          CONTENT="suis"/>
                  <SP HEIGHT="41" WIDTH="15" VPOS="2019" HPOS="2032"/>
                  <String HEIGHT="41"
                          WIDTH="89"
                          VPOS="2019"
                          HPOS="1973"
                          CONTENT="opi"
                          SUBS_TYPE="HypPart1"
                          SUBS_CONTENT="opinionibus"/>
                  <HYP CONTENT="-"/>
               </TextLine>
               <TextLine ID="r1l101"
                         BASELINE="2098"
                         HEIGHT="45"
                         WIDTH="770"
                         VPOS="2053"
                         HPOS="1278">
                  <String HEIGHT="45"
                          WIDTH="189"
                          VPOS="2053"
                          HPOS="1262"
                          CONTENT="nionibus"
                          SUBS_TYPE="HypPart2"
                          SUBS_CONTENT="opinionibus"/>
                  <SP HEIGHT="45" WIDTH="16" VPOS="2053" HPOS="1451"/>
                  <String HEIGHT="45"
                          WIDTH="173"
                          VPOS="2053"
                          HPOS="1404"
                          CONTENT="quantum"/>
                  <SP HEIGHT="45" WIDTH="16" VPOS="2053" HPOS="1577"/>
                  <String HEIGHT="45"
                          WIDTH="126"
                          VPOS="2053"
                          HPOS="1529"
                          CONTENT="alii"/>
                  <SP HEIGHT="45" WIDTH="16" VPOS="2053" HPOS="1655"/>
                  <String HEIGHT="45"
                          WIDTH="236"
                          VPOS="2053"
                          HPOS="1608"
                          CONTENT="conclusioni"/>
                  <SP HEIGHT="45" WIDTH="16" VPOS="2053" HPOS="1844"/>
                  <String HEIGHT="45"
                          WIDTH="267"
                          VPOS="2053"
                          HPOS="1781"
                          CONTENT="demonstrationis"/>
               </TextLine>
               <TextLine ID="r1l103"
                         BASELINE="2137"
                         HEIGHT="46"
                         WIDTH="775"
                         VPOS="2091"
                         HPOS="1279">
                  <String HEIGHT="46" WIDTH="75" VPOS="2091" HPOS="1264" CONTENT="⁋"/>
                  <SP HEIGHT="46" WIDTH="15" VPOS="2091" HPOS="1339"/>
                  <String HEIGHT="46"
                          WIDTH="238"
                          VPOS="2091"
                          HPOS="1294"
                          CONTENT="Respondetur."/>
                  <SP HEIGHT="46" WIDTH="15" VPOS="2091" HPOS="1532"/>
                  <String HEIGHT="46"
                          WIDTH="104"
                          VPOS="2091"
                          HPOS="1488"
                          CONTENT="non"/>
                  <SP HEIGHT="46" WIDTH="15" VPOS="2091" HPOS="1592"/>
                  <String HEIGHT="46"
                          WIDTH="209"
                          VPOS="2091"
                          HPOS="1547"
                          CONTENT="inconuenit"/>
                  <SP HEIGHT="46" WIDTH="15" VPOS="2091" HPOS="1756"/>
                  <String HEIGHT="46"
                          WIDTH="119"
                          VPOS="2091"
                          HPOS="1711"
                          CONTENT="quod"/>
                  <SP HEIGHT="46" WIDTH="15" VPOS="2091" HPOS="1830"/>
                  <String HEIGHT="46"
                          WIDTH="134"
                          VPOS="2091"
                          HPOS="1786"
                          CONTENT="error"/>
                  <SP HEIGHT="46" WIDTH="15" VPOS="2091" HPOS="1920"/>
                  <String HEIGHT="46" WIDTH="89" VPOS="2091" HPOS="1875" CONTENT="et"/>
                  <SP HEIGHT="46" WIDTH="15" VPOS="2091" HPOS="1965"/>
                  <String HEIGHT="46"
                          WIDTH="149"
                          VPOS="2091"
                          HPOS="1905"
                          CONTENT="scientia"/>
               </TextLine>
               <TextLine ID="r1l105"
                         BASELINE="2179"
                         HEIGHT="51"
                         WIDTH="781"
                         VPOS="2128"
                         HPOS="1276">
                  <String HEIGHT="51"
                          WIDTH="225"
                          VPOS="2128"
                          HPOS="1261"
                          CONTENT="coincidant:"/>
                  <SP HEIGHT="51" WIDTH="15" VPOS="2128" HPOS="1486"/>
                  <String HEIGHT="51"
                          WIDTH="165"
                          VPOS="2128"
                          HPOS="1441"
                          CONTENT="dummodo"/>
                  <SP HEIGHT="51" WIDTH="15" VPOS="2128" HPOS="1606"/>
                  <String HEIGHT="51"
                          WIDTH="105"
                          VPOS="2128"
                          HPOS="1561"
                          CONTENT="sit"/>
                  <SP HEIGHT="51" WIDTH="15" VPOS="2128" HPOS="1667"/>
                  <String HEIGHT="51"
                          WIDTH="135"
                          VPOS="2128"
                          HPOS="1621"
                          CONTENT="error"/>
                  <SP HEIGHT="51" WIDTH="15" VPOS="2128" HPOS="1757"/>
                  <String HEIGHT="51"
                          WIDTH="255"
                          VPOS="2128"
                          HPOS="1712"
                          CONTENT="propositionis"/>
                  <SP HEIGHT="51" WIDTH="15" VPOS="2128" HPOS="1967"/>
                  <String HEIGHT="51"
                          WIDTH="150"
                          VPOS="2128"
                          HPOS="1907"
                          CONTENT="inferen"
                          SUBS_TYPE="HypPart1"
                          SUBS_CONTENT="inferentis"/>
                  <HYP CONTENT="-"/>
               </TextLine>
               <TextLine ID="r1l107"
                         BASELINE="2208"
                         HEIGHT="43"
                         WIDTH="781"
                         VPOS="2165"
                         HPOS="1276">
                  <String HEIGHT="43"
                          WIDTH="96"
                          VPOS="2165"
                          HPOS="1262"
                          CONTENT="tis"
                          SUBS_TYPE="HypPart2"
                          SUBS_CONTENT="inferentis"/>
                  <SP HEIGHT="43" WIDTH="14" VPOS="2165" HPOS="1358"/>
                  <String HEIGHT="43"
                          WIDTH="164"
                          VPOS="2165"
                          HPOS="1317"
                          CONTENT="habentem"/>
                  <SP HEIGHT="43" WIDTH="14" VPOS="2165" HPOS="1482"/>
                  <String HEIGHT="43"
                          WIDTH="137"
                          VPOS="2165"
                          HPOS="1440"
                          CONTENT="errare"/>
                  <SP HEIGHT="43" WIDTH="14" VPOS="2165" HPOS="1577"/>
                  <String HEIGHT="43"
                          WIDTH="96"
                          VPOS="2165"
                          HPOS="1536"
                          CONTENT="per"/>
                  <SP HEIGHT="43" WIDTH="14" VPOS="2165" HPOS="1632"/>
                  <String HEIGHT="43"
                          WIDTH="219"
                          VPOS="2165"
                          HPOS="1591"
                          CONTENT="reflexionem:"/>
                  <SP HEIGHT="43" WIDTH="14" VPOS="2165" HPOS="1810"/>
                  <String HEIGHT="43" WIDTH="82" VPOS="2165" HPOS="1769" CONTENT="et"/>
                  <SP HEIGHT="43" WIDTH="14" VPOS="2165" HPOS="1851"/>
                  <String HEIGHT="43"
                          WIDTH="96"
                          VPOS="2165"
                          HPOS="1810"
                          CONTENT="sic"/>
                  <SP HEIGHT="43" WIDTH="14" VPOS="2165" HPOS="1906"/>
                  <String HEIGHT="43"
                          WIDTH="151"
                          VPOS="2165"
                          HPOS="1865"
                          CONTENT="dicatur"/>
                  <SP HEIGHT="43" WIDTH="14" VPOS="2165" HPOS="2016"/>
                  <String HEIGHT="43" WIDTH="82" VPOS="2165" HPOS="1975" CONTENT="de"/>
                  <SP HEIGHT="43" WIDTH="14" VPOS="2165" HPOS="2057"/>
                  <String HEIGHT="43" WIDTH="55" VPOS="2165" HPOS="2002" CONTENT="de"/>
               </TextLine>
               <TextLine ID="r1l109"
                         BASELINE="2248"
                         HEIGHT="43"
                         WIDTH="781"
                         VPOS="2205"
                         HPOS="1276">
                  <String HEIGHT="43"
                          WIDTH="172"
                          VPOS="2205"
                          HPOS="1263"
                          CONTENT="ceptione."/>
                  <SP HEIGHT="43" WIDTH="13" VPOS="2205" HPOS="1435"/>
                  <String HEIGHT="43"
                          WIDTH="93"
                          VPOS="2205"
                          HPOS="1395"
                          CONTENT="ibi"/>
                  <SP HEIGHT="43" WIDTH="13" VPOS="2205" HPOS="1488"/>
                  <String HEIGHT="43"
                          WIDTH="119"
                          VPOS="2205"
                          HPOS="1448"
                          CONTENT="autem"/>
                  <SP HEIGHT="43" WIDTH="13" VPOS="2205" HPOS="1567"/>
                  <String HEIGHT="43" WIDTH="66" VPOS="2205" HPOS="1528" CONTENT="a"/>
                  <SP HEIGHT="43" WIDTH="13" VPOS="2205" HPOS="1594"/>
                  <String HEIGHT="43"
                          WIDTH="185"
                          VPOS="2205"
                          HPOS="1554"
                          CONTENT="philosopho"/>
                  <SP HEIGHT="43" WIDTH="13" VPOS="2205" HPOS="1739"/>
                  <String HEIGHT="43"
                          WIDTH="172"
                          VPOS="2205"
                          HPOS="1700"
                          CONTENT="accipitur"/>
                  <SP HEIGHT="43" WIDTH="13" VPOS="2205" HPOS="1872"/>
                  <String HEIGHT="43"
                          WIDTH="132"
                          VPOS="2205"
                          HPOS="1832"
                          CONTENT="opinio"/>
                  <SP HEIGHT="43" WIDTH="13" VPOS="2205" HPOS="1964"/>
                  <String HEIGHT="43"
                          WIDTH="93"
                          VPOS="2205"
                          HPOS="1925"
                          CONTENT="pro"/>
                  <SP HEIGHT="43" WIDTH="13" VPOS="2205" HPOS="2017"/>
                  <String HEIGHT="43"
                          WIDTH="93"
                          VPOS="2205"
                          HPOS="1964"
                          CONTENT="fide."/>
               </TextLine>
               <TextLine ID="r1l111"
                         BASELINE="2284"
                         HEIGHT="44"
                         WIDTH="766"
                         VPOS="2240"
                         HPOS="1285">
                  <String HEIGHT="44" WIDTH="75" VPOS="2240" HPOS="1270" CONTENT="⁋"/>
                  <SP HEIGHT="44" WIDTH="15" VPOS="2240" HPOS="1345"/>
                  <String HEIGHT="44"
                          WIDTH="150"
                          VPOS="2240"
                          HPOS="1300"
                          CONTENT="Ectauo"/>
                  <SP HEIGHT="44" WIDTH="15" VPOS="2240" HPOS="1450"/>
                  <String HEIGHT="44"
                          WIDTH="195"
                          VPOS="2240"
                          HPOS="1405"
                          CONTENT="arguitur."/>
                  <SP HEIGHT="44" WIDTH="15" VPOS="2240" HPOS="1600"/>
                  <String HEIGHT="44"
                          WIDTH="150"
                          VPOS="2240"
                          HPOS="1555"
                          CONTENT="Possem"/>
                  <SP HEIGHT="44" WIDTH="15" VPOS="2240" HPOS="1706"/>
                  <String HEIGHT="44"
                          WIDTH="135"
                          VPOS="2240"
                          HPOS="1660"
                          CONTENT="scire"/>
                  <SP HEIGHT="44" WIDTH="15" VPOS="2240" HPOS="1796"/>
                  <String HEIGHT="44" WIDTH="90" VPOS="2240" HPOS="1751" CONTENT="in"/>
                  <SP HEIGHT="44" WIDTH="15" VPOS="2240" HPOS="1841"/>
                  <String HEIGHT="44"
                          WIDTH="210"
                          VPOS="2240"
                          HPOS="1796"
                          CONTENT="vniuersali"/>
                  <SP HEIGHT="44" WIDTH="15" VPOS="2240" HPOS="2006"/>
                  <String HEIGHT="44"
                          WIDTH="105"
                          VPOS="2240"
                          HPOS="1946"
                          CONTENT="omnem"/>
               </TextLine>
               <TextLine ID="r1l113"
                         BASELINE="2319"
                         HEIGHT="42"
                         WIDTH="781"
                         VPOS="2277"
                         HPOS="1273">
                  <String HEIGHT="42"
                          WIDTH="138"
                          VPOS="2277"
                          HPOS="1258"
                          CONTENT="mulam"/>
                  <SP HEIGHT="42" WIDTH="15" VPOS="2277" HPOS="1396"/>
                  <String HEIGHT="42"
                          WIDTH="123"
                          VPOS="2277"
                          HPOS="1350"
                          CONTENT="esse"/>
                  <SP HEIGHT="42" WIDTH="15" VPOS="2277" HPOS="1472"/>
                  <String HEIGHT="42"
                          WIDTH="184"
                          VPOS="2277"
                          HPOS="1426"
                          CONTENT="sterilem"/>
                  <SP HEIGHT="42" WIDTH="15" VPOS="2277" HPOS="1610"/>
                  <String HEIGHT="42" WIDTH="77" VPOS="2277" HPOS="1564" CONTENT="/"/>
                  <SP HEIGHT="42" WIDTH="15" VPOS="2277" HPOS="1641"/>
                  <String HEIGHT="42"
                          WIDTH="107"
                          VPOS="2277"
                          HPOS="1595"
                          CONTENT="per"/>
                  <SP HEIGHT="42" WIDTH="15" VPOS="2277" HPOS="1702"/>
                  <String HEIGHT="42"
                          WIDTH="107"
                          VPOS="2277"
                          HPOS="1656"
                          CONTENT="hoc"/>
                  <SP HEIGHT="42" WIDTH="15" VPOS="2277" HPOS="1763"/>
                  <String HEIGHT="42"
                          WIDTH="168"
                          VPOS="2277"
                          HPOS="1717"
                          CONTENT="medium:"/>
                  <SP HEIGHT="42" WIDTH="15" VPOS="2277" HPOS="1886"/>
                  <String HEIGHT="42"
                          WIDTH="153"
                          VPOS="2277"
                          HPOS="1840"
                          CONTENT="nullum"/>
                  <SP HEIGHT="42" WIDTH="15" VPOS="2277" HPOS="1993"/>
                  <String HEIGHT="42"
                          WIDTH="123"
                          VPOS="2277"
                          HPOS="1931"
                          CONTENT="animal"/>
               </TextLine>
               <TextLine ID="r1l115"
                         BASELINE="2358"
                         HEIGHT="41"
                         WIDTH="784"
                         VPOS="2317"
                         HPOS="1279">
                  <String HEIGHT="41"
                          WIDTH="180"
                          VPOS="2317"
                          HPOS="1263"
                          CONTENT="genitum"/>
                  <SP HEIGHT="41" WIDTH="16" VPOS="2317" HPOS="1442"/>
                  <String HEIGHT="41" WIDTH="82" VPOS="2317" HPOS="1393" CONTENT="a"/>
                  <SP HEIGHT="41" WIDTH="16" VPOS="2317" HPOS="1475"/>
                  <String HEIGHT="41"
                          WIDTH="163"
                          VPOS="2317"
                          HPOS="1426"
                          CONTENT="duobus"/>
                  <SP HEIGHT="41" WIDTH="16" VPOS="2317" HPOS="1589"/>
                  <String HEIGHT="41"
                          WIDTH="229"
                          VPOS="2317"
                          HPOS="1540"
                          CONTENT="indiuiduis"/>
                  <SP HEIGHT="41" WIDTH="16" VPOS="2317" HPOS="1769"/>
                  <String HEIGHT="41"
                          WIDTH="229"
                          VPOS="2317"
                          HPOS="1720"
                          CONTENT="diuersarum"/>
                  <SP HEIGHT="41" WIDTH="16" VPOS="2317" HPOS="1949"/>
                  <String HEIGHT="41"
                          WIDTH="180"
                          VPOS="2317"
                          HPOS="1883"
                          CONTENT="specierum"/>
               </TextLine>
               <TextLine ID="r1l117"
                         BASELINE="2395"
                         HEIGHT="40"
                         WIDTH="773"
                         VPOS="2355"
                         HPOS="1284">
                  <String HEIGHT="40"
                          WIDTH="193"
                          VPOS="2355"
                          HPOS="1268"
                          CONTENT="generat:"/>
                  <SP HEIGHT="40" WIDTH="16" VPOS="2355" HPOS="1461"/>
                  <String HEIGHT="40"
                          WIDTH="145"
                          VPOS="2355"
                          HPOS="1413"
                          CONTENT="omnis"/>
                  <SP HEIGHT="40" WIDTH="16" VPOS="2355" HPOS="1558"/>
                  <String HEIGHT="40"
                          WIDTH="129"
                          VPOS="2355"
                          HPOS="1509"
                          CONTENT="mula"/>
                  <SP HEIGHT="40" WIDTH="16" VPOS="2355" HPOS="1638"/>
                  <String HEIGHT="40"
                          WIDTH="113"
                          VPOS="2355"
                          HPOS="1590"
                          CONTENT="est"/>
                  <SP HEIGHT="40" WIDTH="16" VPOS="2355" HPOS="1703"/>
                  <String HEIGHT="40"
                          WIDTH="161"
                          VPOS="2355"
                          HPOS="1654"
                          CONTENT="animal"/>
                  <SP HEIGHT="40" WIDTH="16" VPOS="2355" HPOS="1815"/>
                  <String HEIGHT="40"
                          WIDTH="177"
                          VPOS="2355"
                          HPOS="1767"
                          CONTENT="genitum"/>
                  <SP HEIGHT="40" WIDTH="16" VPOS="2355" HPOS="1944"/>
                  <String HEIGHT="40"
                          WIDTH="177"
                          VPOS="2355"
                          HPOS="1880"
                          CONTENT="exindiui"
                          SUBS_TYPE="HypPart1"
                          SUBS_CONTENT="exindiuiduis"/>
                  <HYP CONTENT="-"/>
               </TextLine>
               <TextLine ID="r1l119"
                         BASELINE="2435"
                         HEIGHT="41"
                         WIDTH="770"
                         VPOS="2394"
                         HPOS="1282">
                  <String HEIGHT="41"
                          WIDTH="121"
                          VPOS="2394"
                          HPOS="1267"
                          CONTENT="duis"
                          SUBS_TYPE="HypPart2"
                          SUBS_CONTENT="exindiuiduis"/>
                  <SP HEIGHT="41" WIDTH="15" VPOS="2394" HPOS="1388"/>
                  <String HEIGHT="41"
                          WIDTH="211"
                          VPOS="2394"
                          HPOS="1342"
                          CONTENT="diuersarum"/>
                  <SP HEIGHT="41" WIDTH="15" VPOS="2394" HPOS="1554"/>
                  <String HEIGHT="41"
                          WIDTH="211"
                          VPOS="2394"
                          HPOS="1508"
                          CONTENT="specierum:"/>
                  <SP HEIGHT="41" WIDTH="15" VPOS="2394" HPOS="1720"/>
                  <String HEIGHT="41"
                          WIDTH="121"
                          VPOS="2394"
                          HPOS="1675"
                          CONTENT="ergo"/>
                  <SP HEIGHT="41" WIDTH="15" VPOS="2394" HPOS="1795"/>
                  <String HEIGHT="41"
                          WIDTH="136"
                          VPOS="2394"
                          HPOS="1750"
                          CONTENT="nulla"/>
                  <SP HEIGHT="41" WIDTH="15" VPOS="2394" HPOS="1886"/>
                  <String HEIGHT="41"
                          WIDTH="121"
                          VPOS="2394"
                          HPOS="1841"
                          CONTENT="mula"/>
                  <SP HEIGHT="41" WIDTH="15" VPOS="2394" HPOS="1961"/>
                  <String HEIGHT="41"
                          WIDTH="151"
                          VPOS="2394"
                          HPOS="1901"
                          CONTENT="generat."/>
               </TextLine>
               <TextLine ID="r1l121"
                         BASELINE="2467"
                         HEIGHT="41"
                         WIDTH="768"
                         VPOS="2426"
                         HPOS="1282">
                  <String HEIGHT="41"
                          WIDTH="112"
                          VPOS="2426"
                          HPOS="1268"
                          CONTENT="ergo"/>
                  <SP HEIGHT="41" WIDTH="14" VPOS="2426" HPOS="1380"/>
                  <String HEIGHT="41"
                          WIDTH="98"
                          VPOS="2426"
                          HPOS="1338"
                          CONTENT="est"/>
                  <SP HEIGHT="41" WIDTH="14" VPOS="2426" HPOS="1436"/>
                  <String HEIGHT="41"
                          WIDTH="182"
                          VPOS="2426"
                          HPOS="1394"
                          CONTENT="sterilis."/>
                  <SP HEIGHT="41" WIDTH="14" VPOS="2426" HPOS="1575"/>
                  <String HEIGHT="41" WIDTH="84" VPOS="2426" HPOS="1533" CONTENT="et"/>
                  <SP HEIGHT="41" WIDTH="14" VPOS="2426" HPOS="1617"/>
                  <String HEIGHT="41"
                          WIDTH="126"
                          VPOS="2426"
                          HPOS="1575"
                          CONTENT="tamen"/>
                  <SP HEIGHT="41" WIDTH="14" VPOS="2426" HPOS="1701"/>
                  <String HEIGHT="41"
                          WIDTH="223"
                          VPOS="2426"
                          HPOS="1659"
                          CONTENT="demonstrando"/>
                  <SP HEIGHT="41" WIDTH="14" VPOS="2426" HPOS="1882"/>
                  <String HEIGHT="41"
                          WIDTH="126"
                          VPOS="2426"
                          HPOS="1841"
                          CONTENT="mulam"/>
                  <SP HEIGHT="41" WIDTH="14" VPOS="2426" HPOS="1966"/>
                  <String HEIGHT="41"
                          WIDTH="140"
                          VPOS="2426"
                          HPOS="1910"
                          CONTENT="habentem"/>
               </TextLine>
               <TextLine ID="r1l123"
                         BASELINE="2507"
                         HEIGHT="40"
                         WIDTH="769"
                         VPOS="2467"
                         HPOS="1284">
                  <String HEIGHT="40"
                          WIDTH="151"
                          VPOS="2467"
                          HPOS="1270"
                          CONTENT="grossum"/>
                  <SP HEIGHT="40" WIDTH="14" VPOS="2467" HPOS="1421"/>
                  <String HEIGHT="40"
                          WIDTH="151"
                          VPOS="2467"
                          HPOS="1380"
                          CONTENT="ventrem"/>
                  <SP HEIGHT="40" WIDTH="14" VPOS="2467" HPOS="1531"/>
                  <String HEIGHT="40" WIDTH="69" VPOS="2467" HPOS="1490" CONTENT="/"/>
                  <SP HEIGHT="40" WIDTH="14" VPOS="2467" HPOS="1559"/>
                  <String HEIGHT="40"
                          WIDTH="165"
                          VPOS="2467"
                          HPOS="1517"
                          CONTENT="assentio"/>
                  <SP HEIGHT="40" WIDTH="14" VPOS="2467" HPOS="1682"/>
                  <String HEIGHT="40"
                          WIDTH="124"
                          VPOS="2467"
                          HPOS="1641"
                          CONTENT="huic:"/>
                  <SP HEIGHT="40" WIDTH="14" VPOS="2467" HPOS="1765"/>
                  <String HEIGHT="40"
                          WIDTH="96"
                          VPOS="2467"
                          HPOS="1723"
                          CONTENT="hec"/>
                  <SP HEIGHT="40" WIDTH="14" VPOS="2467" HPOS="1820"/>
                  <String HEIGHT="40"
                          WIDTH="137"
                          VPOS="2467"
                          HPOS="1778"
                          CONTENT="bestia"/>
                  <SP HEIGHT="40" WIDTH="14" VPOS="2467" HPOS="1916"/>
                  <String HEIGHT="40"
                          WIDTH="96"
                          VPOS="2467"
                          HPOS="1874"
                          CONTENT="est"/>
                  <SP HEIGHT="40" WIDTH="14" VPOS="2467" HPOS="1971"/>
                  <String HEIGHT="40"
                          WIDTH="137"
                          VPOS="2467"
                          HPOS="1916"
                          CONTENT="grauida:"/>
               </TextLine>
               <TextLine ID="r1l125"
                         BASELINE="2543"
                         HEIGHT="40"
                         WIDTH="789"
                         VPOS="2503"
                         HPOS="1276">
                  <String HEIGHT="40"
                          WIDTH="190"
                          VPOS="2503"
                          HPOS="1261"
                          CONTENT="hecbestia"/>
                  <SP HEIGHT="40" WIDTH="15" VPOS="2503" HPOS="1451"/>
                  <String HEIGHT="40"
                          WIDTH="102"
                          VPOS="2503"
                          HPOS="1408"
                          CONTENT="est"/>
                  <SP HEIGHT="40" WIDTH="15" VPOS="2503" HPOS="1510"/>
                  <String HEIGHT="40"
                          WIDTH="132"
                          VPOS="2503"
                          HPOS="1466"
                          CONTENT="mula:"/>
                  <SP HEIGHT="40" WIDTH="15" VPOS="2503" HPOS="1597"/>
                  <String HEIGHT="40"
                          WIDTH="161"
                          VPOS="2503"
                          HPOS="1554"
                          CONTENT="igitur."/>
                  <SP HEIGHT="40" WIDTH="15" VPOS="2503" HPOS="1714"/>
                  <String HEIGHT="40"
                          WIDTH="146"
                          VPOS="2503"
                          HPOS="1671"
                          CONTENT="Dices."/>
                  <SP HEIGHT="40" WIDTH="15" VPOS="2503" HPOS="1817"/>
                  <String HEIGHT="40"
                          WIDTH="146"
                          VPOS="2503"
                          HPOS="1773"
                          CONTENT="possum"/>
                  <SP HEIGHT="40" WIDTH="15" VPOS="2503" HPOS="1919"/>
                  <String HEIGHT="40"
                          WIDTH="161"
                          VPOS="2503"
                          HPOS="1875"
                          CONTENT="aliquid"/>
                  <SP HEIGHT="40" WIDTH="15" VPOS="2503" HPOS="2036"/>
                  <String HEIGHT="40"
                          WIDTH="88"
                          VPOS="2503"
                          HPOS="1977"
                          CONTENT="sci"
                          SUBS_TYPE="HypPart1"
                          SUBS_CONTENT="scire"/>
                  <HYP CONTENT="-"/>
               </TextLine>
               <TextLine ID="r1l127"
                         BASELINE="2587"
                         HEIGHT="48"
                         WIDTH="796"
                         VPOS="2539"
                         HPOS="1267">
                  <String HEIGHT="48"
                          WIDTH="84"
                          VPOS="2539"
                          HPOS="1253"
                          CONTENT="re"
                          SUBS_TYPE="HypPart2"
                          SUBS_CONTENT="scire"/>
                  <SP HEIGHT="48" WIDTH="14" VPOS="2539" HPOS="1337"/>
                  <String HEIGHT="48" WIDTH="84" VPOS="2539" HPOS="1295" CONTENT="in"/>
                  <SP HEIGHT="48" WIDTH="14" VPOS="2539" HPOS="1379"/>
                  <String HEIGHT="48"
                          WIDTH="196"
                          VPOS="2539"
                          HPOS="1337"
                          CONTENT="vniuersali"/>
                  <SP HEIGHT="48" WIDTH="14" VPOS="2539" HPOS="1532"/>
                  <String HEIGHT="48" WIDTH="70" VPOS="2539" HPOS="1490" CONTENT="e"/>
                  <SP HEIGHT="48" WIDTH="14" VPOS="2539" HPOS="1560"/>
                  <String HEIGHT="48"
                          WIDTH="168"
                          VPOS="2539"
                          HPOS="1518"
                          CONTENT="ignorare"/>
                  <SP HEIGHT="48" WIDTH="14" VPOS="2539" HPOS="1686"/>
                  <String HEIGHT="48" WIDTH="84" VPOS="2539" HPOS="1644" CONTENT="in"/>
                  <SP HEIGHT="48" WIDTH="14" VPOS="2539" HPOS="1728"/>
                  <String HEIGHT="48"
                          WIDTH="223"
                          VPOS="2539"
                          HPOS="1686"
                          CONTENT="particulari:"/>
                  <SP HEIGHT="48" WIDTH="14" VPOS="2539" HPOS="1909"/>
                  <String HEIGHT="48"
                          WIDTH="98"
                          VPOS="2539"
                          HPOS="1867"
                          CONTENT="non"/>
                  <SP HEIGHT="48" WIDTH="14" VPOS="2539" HPOS="1965"/>
                  <String HEIGHT="48" WIDTH="84" VPOS="2539" HPOS="1923" CONTENT="in"/>
                  <SP HEIGHT="48" WIDTH="14" VPOS="2539" HPOS="2007"/>
                  <String HEIGHT="48"
                          WIDTH="112"
                          VPOS="2539"
                          HPOS="1951"
                          CONTENT="parti"
                          SUBS_TYPE="HypPart1"
                          SUBS_CONTENT="particulari"/>
                  <HYP CONTENT="-"/>
               </TextLine>
               <TextLine ID="r1l129"
                         BASELINE="2623"
                         HEIGHT="46"
                         WIDTH="780"
                         VPOS="2577"
                         HPOS="1272">
                  <String HEIGHT="46"
                          WIDTH="137"
                          VPOS="2577"
                          HPOS="1258"
                          CONTENT="culari"
                          SUBS_TYPE="HypPart2"
                          SUBS_CONTENT="particulari"/>
                  <SP HEIGHT="46" WIDTH="14" VPOS="2577" HPOS="1395"/>
                  <String HEIGHT="46"
                          WIDTH="164"
                          VPOS="2577"
                          HPOS="1354"
                          CONTENT="negatiua"/>
                  <SP HEIGHT="46" WIDTH="14" VPOS="2577" HPOS="1518"/>
                  <String HEIGHT="46"
                          WIDTH="192"
                          VPOS="2577"
                          HPOS="1477"
                          CONTENT="condicente"/>
                  <SP HEIGHT="46" WIDTH="14" VPOS="2577" HPOS="1669"/>
                  <String HEIGHT="46"
                          WIDTH="109"
                          VPOS="2577"
                          HPOS="1628"
                          CONTENT="illi"/>
                  <SP HEIGHT="46" WIDTH="14" VPOS="2577" HPOS="1737"/>
                  <String HEIGHT="46"
                          WIDTH="205"
                          VPOS="2577"
                          HPOS="1696"
                          CONTENT="vniuersali:"/>
                  <SP HEIGHT="46" WIDTH="14" VPOS="2577" HPOS="1901"/>
                  <String HEIGHT="46"
                          WIDTH="96"
                          VPOS="2577"
                          HPOS="1860"
                          CONTENT="sed"/>
                  <SP HEIGHT="46" WIDTH="14" VPOS="2577" HPOS="1956"/>
                  <String HEIGHT="46"
                          WIDTH="151"
                          VPOS="2577"
                          HPOS="1901"
                          CONTENT="ignorando"/>
               </TextLine>
               <TextLine ID="r1l131"
                         BASELINE="2659"
                         HEIGHT="44"
                         WIDTH="790"
                         VPOS="2615"
                         HPOS="1270">
                  <String HEIGHT="44" WIDTH="76" VPOS="2615" HPOS="1257" CONTENT="in"/>
                  <SP HEIGHT="44" WIDTH="13" VPOS="2615" HPOS="1334"/>
                  <String HEIGHT="44"
                          WIDTH="204"
                          VPOS="2615"
                          HPOS="1295"
                          CONTENT="particulari."/>
                  <SP HEIGHT="44" WIDTH="13" VPOS="2615" HPOS="1499"/>
                  <String HEIGHT="44" WIDTH="76" VPOS="2615" HPOS="1461" CONTENT="i."/>
                  <SP HEIGHT="44" WIDTH="13" VPOS="2615" HPOS="1538"/>
                  <String HEIGHT="44" WIDTH="76" VPOS="2615" HPOS="1499" CONTENT="in"/>
                  <SP HEIGHT="44" WIDTH="13" VPOS="2615" HPOS="1576"/>
                  <String HEIGHT="44"
                          WIDTH="166"
                          VPOS="2615"
                          HPOS="1538"
                          CONTENT="singulari"/>
                  <SP HEIGHT="44" WIDTH="13" VPOS="2615" HPOS="1703"/>
                  <String HEIGHT="44"
                          WIDTH="127"
                          VPOS="2615"
                          HPOS="1665"
                          CONTENT="quando"/>
                  <SP HEIGHT="44" WIDTH="13" VPOS="2615" HPOS="1792"/>
                  <String HEIGHT="44"
                          WIDTH="115"
                          VPOS="2615"
                          HPOS="1754"
                          CONTENT="latet"/>
                  <SP HEIGHT="44" WIDTH="13" VPOS="2615" HPOS="1869"/>
                  <String HEIGHT="44" WIDTH="76" VPOS="2615" HPOS="1831" CONTENT="me"/>
                  <SP HEIGHT="44" WIDTH="13" VPOS="2615" HPOS="1907"/>
                  <String HEIGHT="44" WIDTH="64" VPOS="2615" HPOS="1869" CONTENT="/"/>
                  <SP HEIGHT="44" WIDTH="13" VPOS="2615" HPOS="1933"/>
                  <String HEIGHT="44" WIDTH="76" VPOS="2615" HPOS="1894" CONTENT="an"/>
                  <SP HEIGHT="44" WIDTH="13" VPOS="2615" HPOS="1971"/>
                  <String HEIGHT="44"
                          WIDTH="89"
                          VPOS="2615"
                          HPOS="1933"
                          CONTENT="hec"/>
                  <SP HEIGHT="44" WIDTH="13" VPOS="2615" HPOS="2022"/>
                  <String HEIGHT="44"
                          WIDTH="89"
                          VPOS="2615"
                          HPOS="1971"
                          CONTENT="singu"/>
               </TextLine>
               <TextLine ID="r1l133"
                         BASELINE="2705"
                         HEIGHT="50"
                         WIDTH="556"
                         VPOS="2655"
                         HPOS="1279">
                  <String HEIGHT="50"
                          WIDTH="128"
                          VPOS="2655"
                          HPOS="1265"
                          CONTENT="laris"/>
                  <SP HEIGHT="50" WIDTH="14" VPOS="2655" HPOS="1393"/>
                  <String HEIGHT="50"
                          WIDTH="100"
                          VPOS="2655"
                          HPOS="1350"
                          CONTENT="sit"/>
                  <SP HEIGHT="50" WIDTH="14" VPOS="2655" HPOS="1450"/>
                  <String HEIGHT="50"
                          WIDTH="200"
                          VPOS="2655"
                          HPOS="1407"
                          CONTENT="singularis"/>
                  <SP HEIGHT="50" WIDTH="14" VPOS="2655" HPOS="1607"/>
                  <String HEIGHT="50"
                          WIDTH="128"
                          VPOS="2655"
                          HPOS="1564"
                          CONTENT="huius"/>
                  <SP HEIGHT="50" WIDTH="14" VPOS="2655" HPOS="1692"/>
                  <String HEIGHT="50"
                          WIDTH="200"
                          VPOS="2655"
                          HPOS="1635"
                          CONTENT="vniuersalis."/>
               </TextLine>
            </TextBlock>
         </PrintSpace>
      </Page>
   </Layout>
</alto>
