2389 3302
296 216 103 69 quod
361 216 116 69 maior
438 216 90 69 est
490 216 116 69 falsa
567 216 103 69 nisi
632 216 155 69 capiatur
748 216 168 69 subiectum
877 216 90 69 pro
929 216 155 69 obiecto:
1032 216 65 69 nec

292 276 93 47 hoc
345 276 160 47 sufficit
465 276 80 47 ad
505 276 173 47 scientiam
638 276 186 47 practicam:
784 276 106 47 quia
851 276 93 47 sic
904 276 146 47 physica
997 276 93 47 esset

285 313 168 45 practica
411 313 112 45 quae
481 313 154 45 tractat
593 313 84 45 de
635 313 154 45 actibus
746 313 126 45 anime
830 313 210 45 intellectus
998 313 84 45 et
1026 313 56 45 vo

282 351 180 43 luntatis.
420 351 180 43 similiter
559 351 180 43 geometria
697 351 124 43 esset
780 351 180 43 practica:
918 351 111 43 quia
973 351 111 43 geome-

289 391 97 43 tra
345 391 139 43 potest
442 391 195 43 describere
595 391 167 43 figuras:
720 391 97 43 sed
775 391 97 43 hoc
831 391 97 43 est
886 391 139 43 contra
970 391 111 43 Aristo

287 433 140 41 telem.
385 433 98 41 vi.
441 433 224 41 metaphysice:
623 433 98 41 qui
679 433 224 41 mathematicam
861 433 84 41 et
903 433 168 41 physicam
1015 433 70 41 po-

285 462 105 45 nit
345 462 255 45 speculatiuas.
555 462 75 45 ⁋
585 462 165 45 Secundo
704 462 195 45 arguitur.
854 462 90 45 si
899 462 180 45 dilectio
1019 462 75 45 dei

285 498 133 45 esset
374 498 162 45 praxis:
492 498 221 45 metaphysica
669 498 133 45 esset
757 498 192 45 practica:
904 498 103 45 nam
949 498 147 45 metaphy-

283 540 113 42 sica
354 540 198 42 considerat
509 540 85 42 de
551 540 99 42 deo
608 540 170 42 rationem
735 540 198 42 bonitatis:
890 540 85 42 et
933 540 99 42 per
975 540 113 42 conse-

292 573 123 50 quens
374 573 273 50 diligibilitatis.
607 573 150 50 Insuper
716 573 123 50 omnia
798 573 96 50 que
853 573 82 50 in
894 573 123 50 sacra
962 573 123 50 scriptu

279 610 89 44 ra
324 610 192 44 traduntur
471 610 89 44 ad
515 610 148 44 praxim
619 610 221 44 pertinentia
796 610 74 44 /
825 610 207 44 ordinantur
988 610 89 44 ad
1017 610 74 44 co-

291 648 209 50 gnitionem:
456 648 90 50 vt
500 648 120 50 vita
575 648 150 50 actiua
680 648 90 50 ad
725 648 284 50 contemplatiuam.
964 648 90 50 Ad
994 648 90 50 pri-

288 686 94 45 mum
341 686 108 45 nego
409 686 242 45 consequentiam.
610 686 148 45 quanuis
718 686 108 45 enim
785 686 202 45 metaphysica
933 686 161 45 consideret

291 726 122 43 deum
367 726 122 43 esse
443 726 153 43 summum
550 726 76 43 e
581 726 198 43 perfectum
733 726 153 43 bonum:
840 726 92 43 ex
886 726 107 43 quo
931 726 153 43 sequitur

293 761 106 44 dato
359 761 106 44 quod
426 761 93 44 sit
479 761 133 44 maxime
572 761 200 44 diligibile:
732 761 146 44 nusquam
838 761 120 44 tamen
918 761 120 44 docet
998 761 93 44 nec
1038 761 53 44 di

285 800 121 46 rigit
365 800 161 46 qualiter
486 800 94 46 aut
539 800 148 46 quomodo
647 800 107 46 deus
714 800 94 46 est
767 800 201 46 diligendus.
928 800 67 46 ⁋
955 800 80 46 Ad
982 800 94 46 aliud

279 834 163 46 negatur
398 834 207 46 assumptum:
561 834 118 46 quia
635 834 178 46 dilectio
768 834 148 46 diuina
872 834 89 46 in
916 834 148 46 patria
1005 834 74 46 est

287 871 122 45 etiam
369 871 122 45 actus
450 871 108 45 vite
517 871 243 45 contemplatiue.
720 871 95 45 Sed
774 871 81 45 an
815 871 95 45 sit
869 871 135 45 praxis
964 871 68 45 /
977 871 95 45 dubin

284 908 103 44 est.
348 908 90 44 nam
400 908 154 44 secundum
515 908 154 44 tenentes
631 908 103 44 quod
695 908 154 44 causatur
810 908 167 44 totaliter
939 908 64 44 a
964 908 103 44 deo:
1016 908 64 44 nul

280 943 157 46 latenus
394 943 100 46 est
451 943 157 46 praxis.
566 943 100 46 Sed
623 943 114 46 pars
695 943 114 46 illa
766 943 114 46 mihi
838 943 114 46 pius
909 943 143 46 placet
995 943 86 46 quod

282 988 153 45 partim
389 988 183 45 cauletur
526 988 76 45 a
556 988 214 45 voluntate.
724 988 107 45 Sed
785 988 153 45 iterum
892 988 107 45 hoc
938 988 137 45 tenendo

287 1025 98 38 est
343 1025 224 38 difficultas:
525 1025 112 38 deus
595 1025 112 38 enim
665 1025 196 38 necessitat
819 1025 196 38 voluntatem
973 1025 84 38 ad
1001 1025 84 38 con-

290 1055 202 46 tinuationem
451 1055 81 46 et
492 1055 81 46 ad
532 1055 175 46 elitionem
667 1055 135 46 illius
761 1055 135 46 actus.
855 1055 81 46 et
895 1055 135 46 potest
976 1055 108 46 teneri

294 1095 98 46 quod
355 1095 86 46 est
404 1095 135 46 praxis:
503 1095 86 46 hoc
552 1095 111 46 autem
626 1095 148 46 sufficit
737 1095 98 46 quod
798 1095 62 46 a
823 1095 160 46 principio
933 1095 148 46 voluntario

289 1135 176 41 causetur:
425 1135 81 41 et
465 1135 95 41 sit
519 1135 81 41 in
560 1135 108 41 eius
627 1135 176 41 potestate
763 1135 162 41 causare:
884 1135 81 41 et
925 1135 122 41 esset
992 1135 95 41 etiam

279 1166 87 47 in
323 1166 116 47 eius
396 1166 189 47 facultate
541 1166 160 47 cessare
658 1166 87 47 si
702 1166 116 47 deus
774 1166 146 47 vellet
876 1166 102 47 eam
920 1166 160 47 dimittere

287 1203 69 44 a
315 1203 248 44 necessitatione
522 1203 207 44 voluntatis.
687 1203 97 44 Vel
742 1203 97 44 sic
797 1203 138 44 dicis.
894 1203 165 44 voluntas
1004 1203 69 44 pu-

289 1244 83 44 re
331 1244 139 44 libere
428 1244 181 44 continuat
567 1244 111 44 suum
637 1244 139 44 actum:
734 1244 97 44 nec
790 1244 223 44 necessitatur
971 1244 111 44 nunc
1026 1244 56 44 in

289 1285 211 35 continuando
458 1285 70 35 a
486 1285 112 35 deo:
556 1285 84 35 et
598 1285 112 35 tunc
668 1285 84 35 tu
711 1285 126 35 ponis
795 1285 112 35 quod
865 1285 169 35 voluntas
978 1285 98 35 dere-

285 1318 163 41 linquat
404 1318 118 41 suum
478 1318 133 41 actum
566 1318 89 41 ex
611 1318 104 41 sua
670 1318 192 41 libertate
818 1318 178 41 cessando
951 1318 89 41 ab
980 1318 104 41 actu.

291 1355 131 45 Ponis
379 1355 131 45 casum
466 1355 145 45 preter
567 1355 145 45 legem.
669 1355 203 45 conformant
828 1355 116 45 enim
901 1355 131 45 beati
973 1355 102 45 spiri

292 1392 107 46 tus
353 1392 123 46 suas
430 1392 215 46 voluntates
599 1392 200 46 voluntati
752 1392 154 46 diume.
860 1392 92 46 in
906 1392 107 46 hoc
952 1392 138 46 nanquam

287 1430 141 38 vident
386 1430 113 38 deum
457 1430 127 38 velle
541 1430 127 38 illum
626 1430 127 38 actum
711 1430 113 38 esse
782 1430 184 38 perpetuo:
923 1430 85 38 et
966 1430 99 38 cum
1008 1430 71 38 il-

281 1464 77 46 le
320 1464 115 46 actus
396 1464 90 46 sit
448 1464 90 46 eis
499 1464 269 46 delectabilissimus
729 1464 64 46 /
755 1464 128 46 semper
845 1464 192 46 continuant:
985 1464 90 46 quen-

291 1501 162 45 admodum
409 1501 162 45 Joannes
527 1501 177 45 baptista
660 1501 103 45 non
719 1501 266 45 necessitabatur
940 1501 74 45 a
970 1501 103 45 deo
1014 1501 74 45 im-

293 1542 119 42 plere
372 1542 172 42 praecepta
505 1542 146 42 diuina:
611 1542 93 42 quo
664 1542 93 42 non
717 1542 159 42 obstante
836 1542 80 42 ea
876 1542 93 42 non
916 1542 159 42 dereliquit

277 1579 221 47 incustodita.
457 1579 152 47 Ponendo
567 1579 124 47 autem
650 1579 110 47 quod
719 1579 124 47 actus
802 1579 193 47 voluntatis
940 1579 138 47 derelin-

292 1621 140 41 quant:
390 1621 126 41 ponis
474 1621 126 41 casum
558 1621 112 41 pter
628 1621 140 41 legem:
726 1621 84 41 et
768 1621 112 41 illo
838 1621 112 41 dato
908 1621 112 41 deus
964 1621 112 41 pueni-

286 1655 100 37 ret
343 1655 243 37 necessitando.
543 1655 186 37 exemplum:
687 1655 129 37 senex
772 1655 186 37 permittit
916 1655 157 37 paruulu
1016 1655 57 37 vo

286 1690 173 43 luntarie
415 1690 173 43 incedere
545 1690 188 43 vbilibet:
690 1690 101 43 qui
747 1690 144 43 libere
848 1690 101 43 per
906 1690 144 43 magnam
992 1690 87 43 par-

283 1727 86 47 tem
332 1727 148 47 itineris
443 1727 148 47 incedit:
554 1727 86 47 cum
604 1727 111 47 autem
678 1727 123 47 tendit
764 1727 74 47 in
801 1727 123 47 ruinam
888 1727 62 47 /
912 1727 161 47 dirigitur
1024 1727 49 47 ab

290 1767 113 39 alio
361 1767 85 39 ne
403 1767 141 39 cadat.
502 1767 99 39 Sed
558 1767 113 39 tunc
629 1767 141 39 dicis.
728 1767 113 39 tota
798 1767 113 39 vita
869 1767 141 39 actiua
968 1767 113 39 erit
1024 1767 57 39 vi

289 1802 86 41 ta
332 1802 244 41 contemplatiua
533 1802 158 41 melior:
647 1802 100 41 cum
705 1802 129 41 inter
791 1802 187 41 indiuidua
934 1802 115 41 vite
992 1802 86 41 acti

290 1831 79 49 ue
329 1831 79 49 et
369 1831 224 49 contemplatiue
553 1831 92 49 sit
606 1831 158 49 excedens
724 1831 79 49 et
763 1831 171 49 excessum:
895 1831 79 49 et
934 1831 145 49 optimum
1026 1831 53 49 in

284 1873 172 43 diuiduum
413 1873 115 43 vite
484 1873 143 43 actiue
584 1873 115 43 erit
656 1873 143 43 melius
756 1873 143 43 optimo
856 1873 186 43 indiuiduo
985 1873 86 43 vite

293 1910 244 43 contemplatiue:
497 1910 108 43 immo
564 1910 108 43 tota
632 1910 176 43 multitudo
767 1910 108 43 vite
835 1910 135 43 actiue
930 1910 108 43 erit
984 1910 95 43 meli-

287 1948 92 44 or.
339 1948 92 44 Non
392 1948 132 44 aliter
484 1948 171 44 ternarius
616 1948 145 44 formice
721 1948 118 44 musce
800 1948 79 44 et
839 1948 132 44 homins
931 1948 92 44 est
971 1948 105 44 perfe-

287 1989 128 39 ctior
372 1989 199 39 entitatiue
528 1989 170 39 ternario
656 1989 113 39 mule
727 1989 113 39 equi
797 1989 85 39 et
840 1989 213 39 elephantis.
996 1989 71 39 Sed

280 2024 106 44 hoc
341 2024 106 44 est
401 2024 167 44 falsum:
523 2024 122 44 quia
599 2024 198 44 Magdalena
751 2024 152 44 elegit
857 2024 167 44 optimam
963 2024 122 44 partem

294 2058 91 47 que
346 2058 156 47 exercuit
463 2058 117 47 actus
541 2058 104 47 vite
606 2058 221 47 contemplatiue
787 2058 104 47 quam
852 2058 143 47 martha.
956 2058 117 47 luce.
1021 2058 52 47 x.

287 2100 212 39 iespondetur
457 2100 113 39 quod
527 2100 184 39 congeries
669 2100 141 39 actuum
768 2100 198 39 voluntatis
923 2100 99 39 est
966 2100 113 39 melior

291 2137 196 42 aggregato
442 2137 136 42 actuu
532 2137 241 42 intellectus:
728 2137 90 42 vt
773 2137 211 42 argumentum
939 2137 166 42 arguit:

290 2172 176 43 supposito
426 2172 95 43 vno
480 2172 108 43 quod
548 2172 163 43 voluntas
670 2172 95 43 est
724 2172 163 43 nobilior
846 2172 163 43 potentia
954 2172 122 43 inquan-

288 2208 91 48 tum
340 2208 155 48 voluntas
456 2208 104 48 quam
521 2208 194 48 intellectus
677 2208 168 48 inquantum
806 2208 207 48 intellectus.
961 2208 117 48 vterque

282 2249 112 41 autem
356 2249 124 41 actuum
443 2249 149 41 scilicet
555 2249 186 41 intellectus
703 2249 74 41 et
741 2249 174 41 voluntatis
877 2249 99 41 vite
927 2249 161 41 contemplati

292 2284 84 45 ue
334 2284 167 45 competit
459 2284 112 45 tunc
529 2284 195 45 Magdalene:
683 2284 84 45 et
724 2284 209 45 intellectus
892 2284 126 45 actum
961 2284 112 45 habuit

291 2321 80 42 et
331 2321 187 42 voluntatis
477 2321 187 42 diligendo:
624 2321 93 42 non
678 2321 107 42 quod
744 2321 160 42 habuerit
864 2321 214 42 beatitudinem
1025 2321 53 42 in

291 2358 108 42 via:
358 2358 94 42 vel
412 2358 121 42 actus
493 2358 148 42 eiusdem
601 2358 148 42 speciei
709 2358 94 42 cum
763 2358 135 42 illis.
857 2358 81 42 De
884 2358 189 42 comparatione

293 2397 116 38 autem
371 2397 103 38 vite
435 2397 219 38 contemplatiue
616 2397 77 38 ad
654 2397 142 38 actiuam
758 2397 116 38 alibi
835 2397 90 38 est
874 2397 103 38 sermo.

367 2427 110 52 Irca
436 2427 110 52 ista
505 2427 192 52 dubitatur:
656 2427 82 52 an
697 2427 151 52 habitus
807 2427 206 52 speculatiui
958 2427 124 52 distin-

295 2440 71 67 ⁋
323 2440 170 67 Aguantur
450 2440 71 67 a
479 2440 184 67 practicis
620 2440 99 67 per
676 2440 155 67 obiecta
789 2440 99 67 vel
846 2440 127 67 fines
917 2440 155 67 proprios.

291 2507 59 42 ⁋
315 2507 131 42 Secundo
410 2507 166 42 dubitatur.
541 2507 131 42 quomodo
636 2507 166 42 conueniant
767 2507 178 42 intellectus
898 2507 166 42 speculatiuus

286 2546 88 44 et
330 2546 205 44 practicus.
492 2546 73 44 ⁋
521 2546 147 44 Tertio
624 2546 205 44 dubitatur.
785 2546 88 44 an
829 2546 176 44 assensus
946 2546 132 44 practi-

286 2588 99 35 cus
343 2588 184 35 sequatur:
484 2588 85 35 et
527 2588 170 35 interdum
655 2588 213 35 concludatur
825 2588 85 35 ex
867 2588 142 35 duobus
953 2588 113 35 assen-

281 2618 142 44 sibus:
380 2618 142 44 quorum
480 2618 114 44 vnus
551 2618 99 44 est
607 2618 227 44 speculatiuus
792 2618 85 44 et
835 2618 128 44 alter
906 2618 170 44 practicus.

287 2659 70 50 ⁋
315 2659 225 50 Respondetur.
498 2659 141 50 duplex
597 2659 99 50 est
653 2659 211 50 distinctio:
822 2659 141 50 quedam
920 2659 99 50 est
962 2659 113 50 intrin

1146 225 101 54 seca
1210 225 76 54 et
1248 225 164 54 identica:
1374 225 101 54 quam
1437 225 114 54 nihil
1513 225 114 54 aliud
1589 225 89 54 est
1640 225 101 54 quam
1703 225 89 54 vna
1754 225 89 54 res
1804 225 89 54 que
1842 225 114 54 distin-

1152 277 129 48 guitur
1243 277 78 48 ab
1281 277 103 48 alia
1346 277 91 48 re.
1398 277 91 48 sic
1450 277 181 48 distinctio
1592 277 129 48 sortis
1682 277 65 48 a
1708 277 142 48 platone
1812 277 91 48 est
1850 277 78 48 ipse

1138 310 148 54 nortes
1242 310 104 54 qui
1301 310 74 54 a
1331 310 163 54 platone
1450 310 252 54 distinguitur.
1658 310 119 54 Alia
1732 310 104 54 est
1777 310 163 54 arguitiua

1143 346 88 47 et
1187 346 249 47 accidentalis:
1392 346 88 47 et
1436 346 88 47 de
1480 346 117 47 illa
1553 346 190 47 loquimur.
1700 346 73 47 ⁋
1729 346 102 47 hoc
1773 346 161 47 supposito

1141 387 172 44 ponuntur
1270 387 101 44 due
1327 387 244 44 conclusiones.
1529 387 129 44 Prior
1615 387 115 44 est.
1687 387 172 44 scientia
1802 387 129 44 specula

1138 421 115 48 tiua
1209 421 72 48 a
1238 421 172 48 practica
1367 421 230 48 distinguitur
1554 421 187 48 arguitiue
1697 421 86 48 ab
1740 421 172 48 obiectis
1855 421 72 48 to-

1134 459 145 45 talibus:
1243 459 85 45 hoc
1291 459 85 45 est
1340 459 61 45 a
1364 459 230 45 propositionibus
1558 459 121 45 ipsis:
1642 459 85 45 vel
1691 459 170 45 propositio
1824 459 97 45 ipsa
1872 459 61 45 for

1144 497 163 44 naliter
1263 497 178 44 importat
1396 497 163 44 praxim:
1515 497 89 44 vt
1559 497 148 44 vitium
1663 497 104 44 est
1722 497 208 44 purgandum:
1871 497 59 44 et

1147 536 103 42 unc
1206 536 117 42 eius
1279 536 176 42 assensus
1412 536 103 42 est
1470 536 206 42 practicus.
1632 536 88 42 si
1676 536 117 42 vero
1749 536 103 42 non
1793 536 147 42 importat

1132 569 203 46 formaliter
1291 569 159 46 praxim:
1407 569 116 46 dato
1479 569 116 46 quod
1551 569 217 46 virtualiter
1725 569 188 46 propinque
1856 569 72 46 vel

1143 607 146 43 remote:
1249 607 106 43 eius
1316 607 160 43 assensus
1435 607 93 43 non
1488 607 93 43 est
1542 607 186 43 practicus:
1688 607 93 43 sed
1728 607 199 43 speculatiuus.

1138 646 117 44 modo
1211 646 131 44 eadem
1299 646 204 44 propositio
1459 646 160 44 simplex
1576 646 102 44 non
1634 646 175 44 importat
1765 646 146 44 praxim
1853 646 87 44 for-

1132 683 170 42 maliter:
1259 683 85 42 et
1302 683 85 42 ea
1345 683 142 42 caret:
1444 683 156 42 igitur.
1557 683 170 42 Interdum
1685 683 99 42 est
1742 683 199 42 distinctio
1883 683 57 42 ra

1135 721 146 47 tionis
1237 721 146 47 solum:
1339 721 87 47 vt
1383 721 131 47 patet
1471 721 175 47 assumpto
1602 721 160 47 assensu
1718 721 204 47 copulatiue
1864 721 73 47 vel

1132 756 204 36 disiunctiue
1296 756 163 36 capiendo
1418 756 150 36 iudiciu
1527 756 150 36 totius:
1636 756 109 36 tunc
1704 756 109 36 enim
1773 756 109 36 idem
1827 756 109 36 assen-

1145 794 98 41 sus
1201 794 98 41 est
1257 794 182 41 practicus
1397 794 84 41 et
1439 794 238 41 speculatiuus:
1634 794 182 41 practicus
1774 794 98 41 pro
1816 794 112 41 quanto

1143 832 103 47 est
1202 832 207 47 formaliter
1365 832 207 47 directiuus
1527 832 148 47 praxis
1630 832 89 47 de
1674 832 103 47 qua
1733 832 103 47 vna
1778 832 148 47 proposi-

1136 867 98 41 tio
1192 867 154 41 dictat:
1304 867 224 41 speculatiuus
1486 867 126 41 autem
1570 867 98 41 pro
1626 867 140 41 quanto
1724 867 126 41 habet
1794 867 140 41 obiectum

1132 905 110 45 pure
1201 905 235 45 speculatiuum.
1395 905 83 45 et
1436 905 83 45 si
1477 905 124 45 istud
1560 905 97 45 non
1615 905 207 45 contingeret
1781 905 83 45 de
1809 905 124 45 assensu

1146 942 126 40 otali:
1235 942 139 40 numquam
1335 942 101 40 idem
1399 942 151 40 assensus
1512 942 113 40 esset
1588 942 202 40 speculatiuus
1752 942 76 40 et
1777 942 151 40 practicus.

1146 979 103 45 uod
1205 979 132 45 multi
1293 979 176 45 doctores
1425 979 191 45 vtrobique
1572 979 161 45 credunt
1689 979 117 45 esse
1763 979 147 45 verum.
1851 979 73 45 sed

1132 1015 124 45 patet
1215 1015 110 45 quod
1284 1015 110 45 non:
1352 1015 83 45 de
1394 1015 96 45 hoc
1449 1015 138 45 totali
1545 1015 165 45 iudicio:
1669 1015 83 45 vt
1710 1015 151 45 amplius
1806 1015 124 45 patebit

1140 1059 88 40 in
1184 1059 234 40 distinctione
1375 1059 190 40 sequenti.
1521 1059 234 40 Speculatiuus
1711 1059 117 40 enim
1785 1059 102 40 non
1829 1059 102 40 habet

1131 1088 174 46 obiectum
1262 1088 189 46 practicum
1408 1088 189 46 inquantum
1553 1088 174 46 hismodi.
1684 1088 131 46 Extra
1771 1088 116 46 hanc
1829 1088 102 46 autem

1131 1127 178 43 materiam
1265 1127 163 43 nunquam
1384 1127 134 43 dabis
1473 1127 252 43 propositionem
1681 1127 208 43 formaliter
1829 1127 104 43 impor

1132 1162 139 42 tantem
1229 1162 139 42 praxim
1326 1162 83 42 et
1368 1162 83 42 ea
1409 1162 180 42 carentem.
1548 1162 97 42 sic
1603 1162 152 42 nunquam
1714 1162 125 42 dabis
1783 1162 139 42 assensum

1136 1203 237 42 speculatiuum
1329 1203 118 42 esse
1403 1203 178 42 notitiam
1536 1203 207 42 practicam.
1699 1203 104 42 non
1758 1203 148 42 dubium
1847 1203 74 42 est

1142 1240 118 46 quin
1216 1240 103 46 sit
1275 1240 177 46 assensus
1408 1240 236 46 speculatiuus
1600 1240 89 46 et
1644 1240 192 46 practicus
1791 1240 89 46 de
1821 1240 103 46 eodem

1141 1276 154 40 obiecto
1253 1276 154 40 remoto:
1364 1276 84 40 vt
1406 1276 84 40 de
1448 1276 168 40 subiecto
1574 1276 154 40 obiecti
1686 1276 182 40 practici:
1825 1276 98 40 vel
1867 1276 56 40 de

1140 1315 226 43 praedicato.
1321 1315 106 43 Nam
1381 1315 136 43 habeo
1472 1315 181 43 notitiam
1608 1315 242 43 speculatiuam
1804 1315 91 43 de
1834 1315 91 43 hac:

1138 1354 113 44 homo
1208 1354 99 44 est
1265 1354 197 44 risibilis:
1420 1354 85 44 et
1462 1354 183 44 practicam
1603 1354 85 44 de
1645 1354 113 44 hac:
1716 1354 113 44 homo
1786 1354 99 44 est
1828 1354 99 44 dili-

1142 1381 153 53 gendus
1249 1381 169 53 propter
1372 1381 138 53 deum.
1464 1381 77 53 ⁋
1494 1381 169 53 Secunda
1617 1381 215 53 conclusio.
1771 1381 153 53 quilibet

1140 1427 161 47 habitus
1257 1427 190 47 practicus
1404 1427 73 47 a
1433 1427 175 47 quolibet
1564 1427 219 47 speculatiuo
1740 1427 161 47 proprio
1842 1427 88 47 fine

1138 1461 244 48 distinguitur.
1339 1461 187 48 probatur:
1483 1461 115 48 quia
1554 1461 158 48 nullius
1669 1461 158 48 habitus
1770 1461 158 48 speculati

1128 1498 83 46 ui
1170 1498 97 46 est
1225 1498 153 46 aliquis
1337 1498 125 46 alius
1420 1498 125 46 actus
1503 1498 69 46 a
1531 1498 125 46 scire
1614 1498 195 46 cuiuslibet
1767 1498 153 46 habitus
1865 1498 69 46 pra

1139 1536 130 41 ctici:
1230 1536 117 41 alius
1308 1536 117 41 autem
1387 1536 117 41 actus
1465 1536 65 41 a
1491 1536 117 41 scire
1569 1536 143 41 proprio
1673 1536 91 41 est
1725 1536 130 41 finis.
1817 1536 104 41 Dixi
1869 1536 52 41 de

1129 1573 121 43 fine
1205 1573 167 43 proprio
1326 1573 212 43 competenti
1493 1573 167 43 habitui
1614 1573 91 43 ex
1660 1573 152 43 natura
1766 1573 167 43 habitus
1872 1573 46 43 /

1121 1608 104 43 non
1181 1608 75 43 a
1211 1608 194 43 voluntate
1360 1608 179 43 habentis
1494 1608 179 43 habitum.
1629 1608 104 43 nam
1688 1608 164 43 quaeuis
1793 1608 134 43 aliquis

1132 1648 177 48 addiscat
1265 1648 206 48 geometriam
1427 1648 88 48 vt
1471 1648 103 48 eam
1530 1648 147 48 doceat
1633 1648 88 48 et
1677 1648 177 48 lucretur
1795 1648 133 48 diuiti-

1132 1682 98 47 as:
1188 1682 98 47 nec
1244 1682 140 47 docere
1343 1682 70 47 /
1371 1682 98 47 nec
1427 1682 154 47 lucrari
1539 1682 98 47 est
1595 1682 126 47 finis
1679 1682 182 47 geometrie
1806 1682 112 47 compe-

1137 1718 123 46 tens
1213 1718 92 46 ex
1259 1718 169 46 propria
1382 1718 169 46 natura:
1504 1718 107 46 cum
1566 1718 123 46 ipsa
1642 1718 107 46 nec
1704 1718 153 46 doceat
1795 1718 123 46 docere

1135 1758 96 44 vel
1190 1758 165 44 lucrari:
1314 1758 96 44 nec
1369 1758 151 44 alterum
1479 1758 124 44 eorum
1561 1758 96 44 sit
1616 1758 124 44 actus
1698 1758 82 44 ab
1739 1758 82 44 ea
1767 1758 151 44 immediate

1134 1795 176 44 elicitus.
1270 1795 163 44 Hhabitus
1392 1795 122 44 autem
1473 1795 203 44 speculatiui
1636 1795 136 44 nullus
1731 1795 95 44 est
1785 1795 122 44 actus
1853 1795 68 44 di-

1127 1830 171 46 rectiuus:
1258 1830 92 46 cum
1311 1830 105 46 eius
1377 1830 118 46 actus
1456 1830 158 46 elicitus
1574 1830 92 46 non
1627 1830 92 46 sit
1679 1830 197 46 directiuus:
1824 1830 92 46 omnis

1126 1870 121 42 enim
1201 1870 166 42 habitus
1322 1870 197 42 practicus
1474 1870 212 42 directiuus
1640 1870 106 42 est
1700 1870 151 42 praxis
1791 1870 121 42 alicu-

1139 1900 101 49 us:
1196 1900 101 49 qui
1254 1900 145 49 quidem
1356 1900 101 49 est
1414 1900 116 49 eius
1486 1900 130 49 actus
1573 1900 188 49 directus:
1718 1900 130 49 alius
1805 1900 87 49 ab
1834 1900 87 49 actu

1136 1941 135 51 proprio
1234 1941 147 51 elicito.
1345 1941 147 51 quilibet
1455 1941 111 51 autem
1529 1941 160 51 huiusmodi
1652 1941 111 51 actus
1725 1941 86 51 est
1775 1941 111 51 finis
1836 1941 86 51 habi-

1127 1977 107 48 tus.
1193 1977 120 48 vnde.
1273 1977 93 48 ix.
1327 1977 200 48 metaphysice
1487 1977 160 48 dicitur.
1606 1977 120 48 finis
1686 1977 120 48 autem
1766 1977 93 48 est
1806 1977 107 48 actus:

1132 2018 84 43 et
1174 2018 126 43 huius
1258 2018 139 43 gratia
1355 2018 167 43 potentia
1481 2018 167 43 sumitur:
1606 2018 98 43 non
1662 2018 112 43 enim
1732 2018 84 43 vt
1774 2018 126 43 visum
1843 2018 70 43 ha-

1131 2052 135 47 beant
1221 2052 150 47 vident
1326 2052 195 47 animalia:
1476 2052 105 47 sed
1537 2052 90 47 vt
1582 2052 165 47 videant
1702 2052 135 47 visum
1777 2052 135 47 habent.

1134 2086 177 50 Similiter
1271 2086 123 50 autem
1353 2086 82 50 et
1394 2086 191 50 edificandi
1544 2086 177 50 scientiam
1680 2086 82 50 vt
1721 2086 191 50 edificent:
1857 2086 55 50 et

1135 2126 187 49 theoricam
1279 2126 86 49 vt
1322 2126 216 49 speculentur
1495 2126 86 49 et
1538 2126 101 49 ii.
1596 2126 231 49 metaphysice.
1769 2126 144 49 theorice

1130 2165 119 57 finis
1209 2165 93 57 est
1262 2165 159 57 veritas:
1382 2165 159 57 practice
1501 2165 106 57 vero
1567 2165 119 57 opus:
1647 2165 80 57 et
1687 2165 133 57 tertio
1779 2165 80 57 de
1806 2165 106 57 anima:

1138 2202 199 47 ntellectus
1294 2202 99 47 qui
1351 2202 156 47 propter
1464 2202 156 47 aliquid
1578 2202 241 47 ratiocinatur.
1776 2202 85 47 et
1805 2202 113 47 practi

1138 2238 85 51 us
1180 2238 156 51 differt
1293 2238 71 51 a
1322 2238 212 51 speculatiuo
1492 2238 85 51 in
1534 2238 127 51 fine.
1619 2238 99 51 vbi
1675 2238 212 51 commentator
1831 2238 85 51 con-

1139 2273 132 50 nento.
1231 2273 119 50 xlix.
1310 2273 185 50 operatiuus
1456 2273 66 50 (
1482 2273 145 50 inquit)
1588 2273 145 50 differt
1693 2273 66 50 a
1720 2273 198 50 speculatiuo
1865 2273 53 50 in

1125 2311 278 55 participatione
1356 2311 93 55 et
1402 2311 139 55 fine.
1495 2311 77 55 ⁋
1526 2311 93 55 Ad
1572 2311 185 55 secundam
1696 2311 216 55 dubitationem

1126 2352 152 46 dicitur
1237 2352 111 46 quod
1306 2352 111 46 ille
1375 2352 152 46 habitus
1486 2352 97 46 est
1541 2352 194 46 practicus:
1694 2352 208 46 quimediante
1846 2352 69 46 suo

1132 2397 113 43 actu
1203 2397 156 43 elicito
1316 2397 99 43 est
1372 2397 198 43 formaliter
1528 2397 141 43 praxis
1627 2397 212 43 directiuus:
1797 2397 113 43 ille
1853 2397 71 43 ve-

1126 2419 87 57 ro
1169 2419 101 57 est
1227 2419 246 57 speculatiuus:
1429 2419 130 57 cuius
1516 2419 174 57 proprius
1646 2419 130 57 actus
1733 2419 101 57 non
1791 2419 101 57 est
1834 2419 87 57 for-

1130 2463 151 43 maliter
1240 2463 137 43 praxis
1336 2463 206 43 directiuus.
1501 2463 82 43 ex
1542 2463 151 43 actibus
1651 2463 110 43 enim
1720 2463 178 43 practicis
1843 2463 69 43 ha-

1119 2496 128 52 bitus
1204 2496 199 52 practicus:
1360 2496 85 52 et
1403 2496 85 52 ex
1446 2496 156 52 actibus
1560 2496 227 52 speculatiuis
1744 2496 156 52 habitus
1844 2496 71 52 spe

1121 2535 184 45 culatiuus
1262 2535 198 45 generatur.
1418 2535 212 45 intellectus
1587 2535 127 45 autem
1672 2535 184 45 practicus
1813 2535 85 45 ab
1841 2535 71 45 ha-

1120 2571 110 45 bitu
1189 2571 69 45 /
1216 2571 82 45 et
1257 2571 110 45 actu
1326 2571 165 45 practico
1450 2571 206 45 denoinatur:
1614 2571 82 45 et
1655 2571 220 45 speculatiuus
1820 2571 96 45 intel

1126 2606 128 51 lectus
1216 2606 77 51 ab
1254 2606 103 51 actu
1319 2606 77 51 et
1357 2606 128 51 habitu
1447 2606 205 51 speculatiuo.
1614 2606 90 51 Non
1665 2606 90 51 est
1717 2606 128 51 tantum
1794 2606 116 51 discri-

1115 2646 102 58 men
1174 2646 131 58 reale
1261 2646 131 58 inter
1349 2646 219 58 intellectum
1524 2646 190 58 practicum
1670 2646 88 58 et
1699 2646 219 58 speculatiuum:
