2364 3307
448 210 103 58 sed
507 210 103 58 est
566 210 118 58 idem
640 210 221 58 intellectus
816 210 162 58 numero:
934 210 103 58 qui
993 210 118 58 alia
1066 210 162 58 ratione
1169 210 74 58 vo-

455 265 122 43 catur
537 265 190 43 practicus:
686 265 81 43 et
726 265 108 43 alia
794 265 149 43 ratione
902 265 230 43 speculatiuus:
1092 265 122 43 sicut
1160 265 81 43 real

445 301 97 41 ter
500 301 207 41 intellectus
666 301 97 41 est
721 301 179 41 voluntas.
859 301 97 41 Quo
915 301 110 41 fit:
984 301 83 41 vt
1025 301 97 41 hec
1080 301 97 41 sit
1136 301 110 41 vera
1191 301 55 41 de

448 338 158 46 virtute
563 338 187 46 sermonis:
707 338 216 46 intellectui
880 338 216 46 speculatiuo
1053 338 158 46 habitus
1154 338 86 46 pra-

459 376 132 48 ticus
547 376 175 48 inheret:
679 376 190 48 identidem
825 376 219 48 intellectui
1000 376 175 48 practico
1117 376 132 48 habitus

448 415 227 42 speculatiuus
632 415 170 42 inheret:
759 415 99 42 sed
816 415 127 42 tales
901 415 99 42 non
958 415 113 42 sunt
1029 415 170 42 consuete
1156 415 85 42 in
1184 415 57 42 mo

456 454 73 42 do
492 454 158 42 loquendi.
614 454 97 42 Quod
674 454 97 42 ille
735 454 97 42 sint
796 454 97 42 vere
857 454 121 42 patet:
941 454 97 42 quia
1002 454 85 42 vna
1051 454 134 42 illarum
1148 454 85 42 est
1184 454 61 42 ve-

455 487 91 46 ra:
507 487 78 46 et
546 487 104 46 equa
611 487 91 46 est
663 487 117 46 ratio
741 487 78 46 de
780 487 117 46 alia:
858 487 104 46 ergo
923 487 143 46 vtraque
1027 487 91 46 est
1079 487 117 46 vera.
1144 487 91 46 vnius

450 532 143 38 veritas
554 532 130 38 patet:
645 532 104 38 quia
709 532 104 38 huic
774 532 117 38 anime
852 532 143 38 inheret
956 532 143 38 habitus
1047 532 195 38 speculatiuus:

441 559 104 44 hec
501 559 134 44 anima
590 559 104 44 est
650 559 224 44 intellectus
829 559 209 44 practicus:
993 559 119 44 ergo
1052 559 194 44 intellectui

459 600 177 44 practico
592 600 162 44 inheret
710 600 162 44 habitus
828 600 250 44 speculatiuus:
1034 600 147 44 maiore
1137 600 88 44 in
1166 600 74 44 obl

467 638 84 40 uo
509 638 70 40 /
537 638 141 40 minore
636 638 84 40 in
678 638 127 40 recto
762 638 70 40 /
791 638 211 40 concludendo
960 638 141 40 eandem
1044 638 197 40 obliquitatem

450 675 78 41 in
489 675 209 41 conclusione.
659 675 78 41 Ex
698 675 105 41 isto
764 675 118 41 patet
842 675 105 41 quod
907 675 91 41 non
960 675 91 41 est
1012 675 105 41 idem
1077 675 144 41 obiectu
1169 675 78 41 pra-

451 712 142 39 cticum
550 712 71 39 /
579 712 142 39 praxis
678 712 71 39 /
706 712 128 39 actus
792 712 185 39 practicus
934 712 71 39 /
962 712 156 39 habitus
1076 712 185 39 practicus
1203 712 43 39 /

451 752 92 42 et
497 752 230 42 intellectus
680 752 214 42 practicus.
849 752 77 42 â‹
879 752 92 42 Ad
925 752 168 42 tertiam
1033 752 214 42 dubitationem

444 785 207 41 conceditur
607 785 118 41 quod
681 785 192 41 conclusio
829 785 178 41 practica
962 785 178 41 sequitur
1095 785 89 41 ex
1125 785 118 41 duabus

454 827 138 41 quarum
551 827 97 41 vna
606 827 207 41 premissarum
771 827 97 41 est
826 827 165 41 practica
951 827 83 41 et
992 827 110 41 alia
1047 827 193 41 speculatiua:

449 862 85 42 vt
491 862 99 42 sic
548 862 183 42 arguendo:
688 862 113 42 omne
759 862 141 42 summum
858 862 127 42 bonum
942 862 99 42 est
998 862 211 42 diligendum:
1153 862 85 42 deus

448 900 107 38 est
509 900 153 38 summum
616 900 153 38 bonum:
722 900 122 38 ergo
799 900 122 38 deus
875 900 107 38 est
936 900 229 38 diligendus.
1119 900 122 38 omne
1180 900 61 38 ma

452 934 109 45 lum
515 934 109 45 est
577 934 203 45 vitandum:
733 934 218 45 adulterium
905 934 109 45 est
967 934 156 45 malum:
1076 934 125 45 ergo
1139 934 109 45 adul-

444 971 157 39 terium
554 971 110 39 est
617 971 204 39 vitandum.
774 971 172 39 minores
899 971 172 39 istorum
1009 971 235 39 syllogismorum

441 1010 118 43 sunt
515 1010 237 43 speculatiue:
708 1010 89 43 et
752 1010 133 43 earum
841 1010 178 43 assensus
974 1010 118 43 sunt
1034 1010 207 43 speculatiui:

457 1044 132 42 sicut
545 1044 235 42 syllogismus:
736 1044 132 42 cuius
824 1044 103 42 vna
883 1044 220 42 premissarum
1059 1044 103 42 est
1103 1044 147 42 negatiua

458 1088 99 41 est
514 1088 197 41 negatiuus:
669 1088 127 41 totus
754 1088 113 41 enim
824 1088 211 41 syllogismus
993 1088 197 41 insequitur
1134 1088 113 41 finem:

458 1118 127 39 sicut
542 1118 127 39 primo
627 1118 155 39 priorum
740 1118 85 39 in
782 1118 211 39 mixtionibus
951 1118 85 39 ex
993 1118 99 39 vna
1050 1118 85 39 de
1078 1118 169 39 contingen-

454 1156 73 45 ti
490 1156 73 45 et
527 1156 97 45 alia
588 1156 73 45 de
624 1156 170 45 necessario
758 1156 146 45 sequitur
867 1156 158 45 conclusio
989 1156 73 45 ex
1025 1156 122 45 altera
1110 1156 134 45 tantum.
1195 1156 49 45 Si

455 1194 170 46 assensus
582 1194 156 46 minorum
696 1194 85 46 in
738 1194 99 46 his
795 1194 213 46 syllogismis
965 1194 199 46 sufficiant
1121 1194 85 46 ad
1150 1194 99 46 noti-

453 1235 128 42 tiam
533 1235 225 42 practicam:
710 1235 209 42 euacuabis
870 1235 193 42 notitiam
998 1235 241 42 speculatiuam.

455 1271 70 43 â‹
483 1271 182 43 Dubitatur
623 1271 154 43 quarto:
735 1271 154 43 quomodo
847 1271 168 43 scientia
974 1271 168 43 practica
1100 1271 98 43 seu
1142 1271 98 43 actus

457 1306 84 42 ua
499 1306 223 42 distinguatur
680 1306 70 42 a
708 1306 181 42 prudentia
847 1306 70 42 /
875 1306 84 42 et
917 1306 167 42 scientia
1042 1306 153 42 factiua
1153 1306 84 42 ab
1181 1306 56 42 ar

452 1342 96 45 te.
507 1342 219 45 Respondetur.
685 1342 123 45 actio
767 1342 68 45 a
794 1342 137 45 factio
890 1342 233 45 distinguuntur
1082 1342 82 45 ab
1109 1342 137 45 inuicem:

460 1381 75 49 vt
497 1381 125 49 patet.
584 1381 87 49 vi.
634 1381 174 49 ethicorum.
771 1381 87 49 sed
821 1381 75 49 de
858 1381 100 49 modo
920 1381 187 49 differentie
1070 1381 87 49 non
1119 1381 87 49 est
1157 1381 87 49 vsque

458 1420 129 43 quaque
548 1420 142 43 certum:
651 1420 155 43 actibile
767 1420 103 43 enim
832 1420 90 43 vel
883 1420 142 43 agibile
986 1420 155 43 secundum
1089 1420 155 43 Eustratium

446 1457 117 42 primo
524 1457 169 42 ethicorum
654 1457 91 42 est
706 1457 104 42 quod
771 1457 130 42 cessat
863 1457 143 42 agentis
967 1457 143 42 actione
1071 1457 169 42 cessante:
1188 1457 52 42 id

457 1490 82 45 st
498 1490 95 45 non
553 1490 95 45 est
607 1490 109 45 nisi
675 1490 95 45 dum
729 1490 109 45 agit
797 1490 136 45 agens:
892 1490 122 45 sicut
974 1490 204 45 intellectio
1137 1490 95 45 non
1178 1490 68 45 est

443 1529 110 39 nisi
512 1529 96 39 dum
567 1529 124 39 agens
650 1529 96 39 eam
705 1529 124 39 agit:
787 1529 83 39 vt
828 1529 138 39 videre
925 1529 69 39 /
952 1529 151 39 audire:
1062 1529 83 39 et
1103 1529 96 39 sic
1158 1529 83 39 de
1186 1529 55 39 ta

447 1564 130 50 libus.
538 1564 169 50 Factibile
668 1564 104 50 vero
733 1564 143 50 dicitur
837 1564 104 50 quod
902 1564 156 50 cessante
1019 1564 143 50 actione
1123 1564 91 50 per
1162 1564 78 50 quam

456 1601 99 44 abet
518 1601 99 44 esse
580 1601 87 44 non
629 1601 136 44 cessat:
728 1601 87 44 seu
778 1601 99 44 quod
840 1601 87 44 non
890 1601 136 44 desinit
989 1601 99 44 esse
1051 1601 124 44 agente
1125 1601 112 44 cessan-

444 1638 88 46 te
488 1638 147 46 agere:
591 1638 132 46 sicut
679 1638 132 46 liber
767 1638 103 46 vel
826 1638 117 46 arca
900 1638 103 46 non
958 1638 147 46 cessat
1061 1638 132 46 earum
1135 1638 117 46 agenti

444 1676 104 41 bus
504 1676 224 41 cessantibus
683 1676 149 41 agere:
787 1676 104 41 hoc
847 1676 134 41 autem
937 1676 254 41 intelligendum
1146 1676 104 41 est
1190 1676 60 41 de

454 1716 197 46 agentibus
605 1716 197 46 secundis.
757 1716 106 46 nam
817 1716 136 46 nulla
908 1716 106 46 res
969 1716 212 46 subsistere
1120 1716 121 46 potest

441 1749 108 48 deo
502 1749 185 48 cessante
641 1749 139 48 agere
734 1749 155 48 ipsam.
842 1749 124 48 huic
920 1749 124 48 modo
997 1749 170 48 dicendi
1105 1749 139 48 videtur

447 1791 120 46 esse
522 1791 195 46 conformis
672 1791 240 46 philosophus.
868 1791 105 46 ix.
928 1791 225 46 metaphysice
1108 1791 90 46 et
1138 1791 105 46 primo

453 1831 206 44 ethicorum.
615 1831 73 44 â‹
644 1831 103 44 Sed
703 1831 147 44 contra
806 1831 103 44 hoc
865 1831 191 44 arguitur.
1012 1831 220 44 Aristoteles
1174 1831 73 44 pri

452 1867 95 51 mo
500 1867 190 51 magnorum
642 1867 190 51 Moralium
785 1867 143 51 ponit
880 1867 238 51 citharizare
1070 1867 143 51 inter
1149 1867 95 51 ope-

459 1906 172 42 rationes:
591 1906 132 42 quarum
683 1906 92 42 non
736 1906 92 42 est
789 1906 119 42 aliud
868 1906 106 42 opus
934 1906 145 42 praeter
1040 1906 211 42 operationem:
1198 1906 53 42 et

455 1940 129 47 tamen
541 1940 215 47 citharizare
712 1940 100 47 non
770 1940 157 47 videtur
884 1940 115 47 esse
956 1940 143 47 actio:
1056 1940 100 47 sed
1113 1940 129 47 magis
1185 1940 57 47 fa

446 1976 126 50 ctio:
530 1976 98 50 cum
586 1976 182 50 pertineat
726 1976 84 50 ad
768 1976 140 50 artem:
866 1976 84 50 et
908 1976 98 50 non
964 1976 84 50 ad
1006 1976 210 50 prudentiam.
1160 1976 84 50 Alii

449 2015 135 47 dicunt
544 2015 108 47 quod
612 2015 135 47 factio
707 2015 95 47 est
761 2015 95 47 que
815 2015 149 47 transit
923 2015 81 47 in
964 2015 163 47 materiam
1072 2015 163 47 exteriorem

456 2052 77 43 vt
495 2052 192 43 domificatio
648 2052 64 43 /
674 2052 179 43 fabricatio
814 2052 64 43 /
840 2052 77 43 et
878 2052 153 43 hismodi.
993 2052 115 43 Actio
1070 2052 115 43 autem
1147 2052 90 43 est
1185 2052 64 43 que

443 2090 129 47 manet
529 2090 86 47 in
571 2090 157 47 agente:
686 2090 86 47 vt
729 2090 157 47 volitio
843 2090 72 47 /
872 2090 229 47 intellectio.
1058 2090 72 47 â‹
1087 2090 100 47 Sed
1130 2090 114 47 contra

452 2121 110 54 hoc
515 2121 204 54 arguitur.
672 2121 141 54 omnes
767 2121 236 54 operationes
955 2121 189 54 virtutum
1081 2121 157 54 moralium

442 2162 123 49 sunt
519 2162 200 49 actiones:
672 2162 154 49 quarum
780 2162 139 49 tamen
873 2162 139 49 multe
965 2162 200 49 transeunt
1119 2162 92 49 in
1150 2162 92 49 mate

446 2203 112 43 riam
516 2203 210 43 exteriorem.
684 2203 140 43 Placet
782 2203 126 43 aliis
865 2203 84 43 et
907 2203 196 43 apparenter
1061 2203 140 43 aliter
1145 2203 84 43 dice

462 2239 88 47 re:
513 2239 100 47 quod
575 2239 100 47 omni
638 2239 138 47 habitui
738 2239 213 47 intellectuali
913 2239 125 47 cmonis
1001 2239 88 47 est
1051 2239 150 47 operatio
1151 2239 88 47 inter

453 2272 144 46 lectus:
557 2272 91 46 sed
610 2272 209 46 differenter:
780 2272 144 46 quoniam
884 2272 118 46 omnis
963 2272 157 46 operatio
1067 2272 170 46 intellectus

442 2310 172 56 ordinata
571 2310 186 56 finaliter
714 2310 86 56 ad
757 2310 201 56 dirigendam
915 2310 215 56 operationem
1073 2310 172 56 exteriorem

449 2353 80 45 vt
489 2353 107 45 ipsa
556 2353 94 45 res
609 2353 147 45 operata
716 2353 80 45 in
756 2353 80 45 se
796 2353 94 45 sit
850 2353 107 45 bona
917 2353 80 45 et
957 2353 161 45 perfecta
1077 2353 147 45 dicitur
1171 2353 67 45 fa-

457 2388 112 48 ctio
527 2388 112 48 siue
597 2388 168 48 operatio
723 2388 168 48 factiua:
849 2388 84 48 et
892 2388 168 48 pertinet
1018 2388 84 48 ad
1060 2388 140 48 artem.
1144 2388 98 48 Omnis

456 2429 134 43 autem
546 2429 179 43 operatio
680 2429 224 43 intellectus
859 2429 179 43 ordinata
993 2429 194 43 finaliter
1142 2429 89 43 ad
1171 2429 75 43 di-

449 2463 160 42 rigendam
569 2463 187 42 electionem
716 2463 80 42 vt
756 2463 147 42 electio
863 2463 94 42 sit
916 2463 80 42 in
956 2463 80 42 se
996 2463 107 42 bona
1063 2463 80 42 et
1103 2463 147 42 honesta
1197 2463 40 42 /

448 2499 153 45 dicitur
559 2499 125 45 actio
643 2499 111 45 siue
712 2499 167 45 operatio
838 2499 153 45 actiua:
949 2499 83 45 et
991 2499 153 45 spectat
1102 2499 83 45 ad
1130 2499 111 45 prudem

455 2539 128 43 tiam.
540 2539 99 43 Non
597 2539 199 43 inconuenit
753 2539 113 43 idem
824 2539 184 43 pertinere
965 2539 85 43 ad
1008 2539 128 43 artem
1093 2539 85 43 et
1121 2539 128 43 pruden-

457 2575 99 48 tiam
519 2575 149 48 secundum
630 2575 111 48 aliam
704 2575 74 48 et
742 2575 111 48 aliam
816 2575 161 48 rationem:
940 2575 74 48 et
977 2575 87 48 sic
1026 2575 99 48 idem
1088 2575 87 48 est
1126 2575 111 48 agibile

458 2618 77 41 et
497 2618 179 41 factibile:
637 2618 115 41 actio
714 2618 64 41 a
739 2618 140 41 factio.
841 2618 115 41 domus
918 2618 102 41 enim
982 2618 89 41 est
1033 2618 179 41 factibilis
1161 2618 89 41 prout

445 2649 207 54 intenditur
608 2649 89 54 vt
652 2649 103 54 res
711 2649 133 54 extra
799 2649 221 54 operabilis:
977 2649 89 54 et
1021 2649 103 54 sic
1065 2649 192 54 domificatio

1298 211 93 65 est
1351 211 147 65 factio:
1458 211 93 65 sed
1511 211 120 65 domus
1591 211 93 65 est
1645 211 160 65 agibilis
1765 211 160 65 secundum
1885 211 107 65 quod
1938 211 174 65 ordinabilis

1300 267 83 42 in
1342 267 125 42 finem
1425 267 167 42 vltimum:
1551 267 111 42 puta
1620 267 83 42 in
1662 267 223 42 felicitatem:
1843 267 83 42 et
1884 267 209 42 domificatio
2037 267 70 42 sic

1303 307 96 40 est
1358 307 137 40 actio.
1454 307 68 40 â‹
1481 307 82 40 Ex
1522 307 109 40 isto
1590 307 123 40 patet
1672 307 109 40 quod
1741 307 96 40 non
1795 307 123 40 solum
1877 307 164 40 operatio
2000 307 96 40 que
2041 307 55 40 de

1293 344 201 37 relinquit
1447 344 124 37 opus
1524 344 185 37 operatum
1663 344 139 37 aliud
1756 344 93 37 ab
1802 344 124 37 ipsa
1880 344 201 37 operatioe
2019 344 77 37 di-

1295 382 129 44 citur
1381 382 158 44 factio:
1496 382 129 44 prout
1582 382 144 44 factio
1682 382 158 44 spectat
1797 382 86 44 ad
1840 382 144 44 artem:
1941 382 86 44 et
1984 382 101 44 non
2042 382 86 44 ad

1297 416 205 45 prudentiam:
1461 416 96 45 qui
1516 416 205 45 citharizare
1680 416 68 45 /
1708 416 164 45 equitare
1831 416 68 45 /
1858 416 150 45 cantare
1967 416 68 45 /
1995 416 109 45 sunt
2049 416 55 45 fa

1301 455 149 41 ctiones
1410 455 81 41 et
1450 455 176 41 pertinent
1585 455 81 41 ad
1626 455 122 41 artem
1707 455 122 41 sicut
1788 455 203 41 domificare.
1950 455 95 41 vel
1991 455 108 41 fabri-

1304 495 129 45 care:
1390 495 86 45 et
1433 495 172 45 secundum
1562 495 101 45 hoc
1620 495 144 45 potest
1720 495 144 45 exponi
1821 495 230 45 philosophus.
2008 495 72 45 â‹
2022 495 72 45 Ara

1310 529 121 48 autem
1390 529 81 48 et
1430 529 175 48 prudentia
1565 529 201 48 multifariam
1726 529 242 48 distinguuntur.
1927 529 94 48 nam
1968 529 134 48 obiectum

1301 569 192 36 prudentie
1449 569 104 36 est
1508 569 163 36 agibile
1627 569 178 36 inquatum
1760 569 178 36 agibile:
1893 569 133 36 artis
1967 569 133 36 factibi

1301 603 76 41 le
1339 603 166 41 inquantum
1467 603 178 41 factibile:
1607 603 76 41 et
1645 603 115 41 licet
1722 603 115 41 eadem
1798 603 89 41 res
1849 603 89 41 sit
1900 603 153 41 agibilis
2015 603 76 41 et
2040 603 64 41 fa-

1300 642 177 43 ctibilis:
1436 642 95 43 hoc
1491 642 95 43 est
1545 642 163 43 secundum
1667 642 163 43 diuersas
1790 642 177 43 rationes:
1925 642 82 43 vt
1966 642 122 43 domus
2034 642 68 43 est

1298 675 189 45 factibilis
1446 675 162 45 secundum
1567 675 189 45 factionem:
1715 675 94 45 que
1769 675 94 45 est
1823 675 121 45 motus
1904 675 175 45 transiens
2039 675 81 45 in

1296 712 177 47 materiam
1429 712 221 47 exteriorem:
1606 712 103 47 qua
1665 712 133 47 domus
1754 712 133 47 extra
1842 712 221 47 producitur:
2004 712 89 47 ipsa

1294 755 110 43 vero
1363 755 96 43 est
1418 755 165 43 agibilis
1542 755 165 43 secundum
1666 755 179 43 actionem:
1803 755 96 43 que
1858 755 96 43 est
1913 755 165 43 interior
2023 755 69 43 ele

1298 789 127 45 ctio
1378 789 95 45 ad
1425 789 207 45 faciendam
1584 789 143 45 domum
1680 789 175 45 propter
1807 789 191 45 honestum
1950 789 143 45 finem
2029 789 64 45 et

1302 829 102 41 per
1361 829 131 41 media
1448 829 174 41 honesta.
1578 829 131 41 Finis
1665 829 189 41 prudentie
1811 829 102 41 est
1869 829 189 41 honestum:
1999 829 102 41 artis

1303 860 113 58 vero
1373 860 127 58 finis
1458 860 141 58 vtile.
1557 860 99 58 Sed
1613 860 127 58 istud
1697 860 183 58 discrimen
1838 860 99 58 non
1895 860 99 58 est
1951 860 141 58 reale:
2036 860 70 58 vti

1298 897 76 46 le
1336 897 101 46 enim
1399 897 88 46 non
1450 897 202 46 distinguitur
1614 897 76 46 ab
1652 897 151 46 honesto:
1765 897 88 46 sed
1816 897 151 46 sufficit
1929 897 151 46 rationis
2030 897 63 46 di-

1292 937 166 50 stinctio:
1420 937 154 50 secundum
1536 937 166 50 discrimem
1664 937 205 50 Aristotelis.
1830 937 90 50 vi.
1881 937 179 50 ethicorum.
2009 937 90 50 artis

1294 977 95 45 est
1349 977 149 45 virtus:
1457 977 176 45 prudentie
1593 977 108 45 vero
1660 977 95 45 non
1715 977 95 45 est
1769 977 149 45 virtus:
1877 977 81 45 id
1918 977 95 45 est
1972 977 95 45 ars
2013 977 81 45 indi

1292 1018 105 42 get
1352 1018 194 42 prudentia
1501 1018 194 42 dirigente
1651 1018 134 42 ipsum
1740 1018 209 42 artificium
1905 1018 90 42 in
1950 1018 134 42 finem
2024 1018 75 42 de-

1306 1053 118 41 itum
1380 1053 88 41 et
1424 1053 191 41 honestum:
1571 1053 191 41 prudentia
1718 1053 118 41 vero
1792 1053 103 41 non
1851 1053 162 41 indiget
1969 1053 118 41 alia
2027 1053 74 41 cau

1301 1082 77 56 sa
1340 1082 90 56 sic
1391 1082 181 56 dirigente.
1533 1082 168 56 Prudentia
1662 1082 103 56 item
1727 1082 77 56 et
1766 1082 155 56 scientia
1882 1082 181 56 differunt:
2011 1082 77 56 quia

1306 1118 143 50 scientia
1413 1118 143 50 secundum
1520 1118 190 50 philosophum.
1674 1118 83 50 vi.
1722 1118 154 50 ethicorum
1841 1118 59 50 /
1864 1118 83 50 est
1912 1118 154 50 eternorum
2019 1118 71 50 inge

1304 1159 144 48 nitorum
1409 1159 66 48 e
1435 1159 275 48 incorruptibilium:
1671 1159 92 48 hoc
1723 1159 92 48 est
1776 1159 144 48 secunde
1867 1159 223 48 intentionaliter

1300 1199 234 50 propositionum
1493 1199 96 50 non
1548 1199 179 50 potentium
1686 1199 138 50 aliter
1782 1199 83 50 se
1824 1199 151 50 habere.
1934 1199 83 50 et
1961 1199 138 50 scientia

1295 1241 100 44 est
1352 1241 242 44 vniuersalium:
1551 1241 185 44 prudentia
1693 1241 114 44 vero
1764 1241 100 44 est
1821 1241 213 44 singularium
1991 1241 85 44 et
2020 1241 71 44 po-

1304 1278 158 39 tentium
1418 1278 144 39 aliter
1519 1278 86 39 se
1562 1278 158 39 habere.
1677 1278 86 39 et
1720 1278 129 39 eodem
1806 1278 115 39 modo
1878 1278 86 39 de
1921 1278 129 39 arte.
1993 1278 100 39 Varie

1299 1310 118 42 autem
1377 1310 91 42 hec
1430 1310 78 42 ab
1469 1310 222 42 expositoribus
1652 1310 196 42 Aristotelis
1809 1310 222 42 intelligitur.
1991 1310 91 42 ego
2031 1310 65 42 sic

1301 1344 175 50 intelligo
1435 1344 216 50 Aristotelem:
1611 1344 175 50 prudentia
1745 1344 94 50 est
1799 1344 162 50 interdum
1907 1344 189 50 vniuersalium

1305 1390 67 44 t
1331 1390 243 44 necessariorum:
1534 1390 81 44 et
1574 1390 108 44 tunc
1642 1390 175 44 coincidit
1776 1390 81 44 in
1817 1390 189 44 supponendo
1965 1390 94 44 cum
2006 1390 94 44 scien

1301 1423 101 43 tia
1358 1423 187 43 practica.
1502 1423 72 43 A
1531 1423 144 43 morali
1632 1423 144 43 quidem
1733 1423 216 43 philosophia
1906 1423 173 43 differt:
2021 1423 72 43 que

1292 1461 92 47 est
1344 1461 79 47 de
1384 1461 171 47 habitibus
1515 1461 197 47 voluntatis:
1673 1461 118 47 palam
1752 1461 92 47 est
1805 1461 105 47 enim
1870 1461 105 47 quod
1936 1461 92 47 non
1976 1461 118 47 differt

1292 1501 93 44 ab
1339 1501 171 44 ipsamet
1464 1501 109 44 que
1526 1501 109 44 est
1588 1501 171 44 moralis
1713 1501 234 44 philosophia
1884 1501 218 44 intellectua-

1299 1529 105 51 lis.
1364 1529 91 51 sed
1417 1529 91 51 non
1469 1529 91 51 est
1521 1529 157 51 necesse:
1639 1529 105 51 quod
1704 1529 170 51 prudentia
1835 1529 91 51 sit
1887 1529 209 51 vniuersalium
2044 1529 52 51 et

1305 1573 223 45 necessariorum:
1490 1573 99 45 quod
1552 1573 173 45 requiritur
1688 1573 74 45 ad
1725 1573 173 45 scientiam.
1861 1573 74 45 et
1898 1573 87 45 sic
1948 1573 87 45 est
1985 1573 111 45 discri-

1298 1611 98 41 men
1354 1611 183 41 rationis:
1495 1611 98 41 vel
1551 1611 197 41 aggregatum
1706 1611 169 41 scientie
1832 1611 169 41 practice
1944 1611 155 41 distingui

1298 1645 111 46 tur
1362 1645 95 46 ab
1409 1645 206 46 aggregato
1567 1645 222 46 prudentie:
1742 1645 111 46 cum
1805 1645 111 46 vna
1868 1645 206 46 multitudo
2011 1645 79 46 in-

1289 1688 126 43 cludat
1378 1688 202 43 contingentes
1541 1688 214 43 propositiones
1718 1688 101 43 quas
1781 1688 101 43 alia
1844 1688 164 43 excludit.
1970 1688 88 43 cum
2008 1688 88 43 autem

1300 1717 224 53 Aristoteles
1480 1717 135 53 inter
1569 1717 105 53 hec
1629 1717 180 53 voluerit
1764 1717 150 53 ponere
1869 1717 209 53 discrimen:
2018 1717 75 53 non

1306 1762 137 43 bebuit
1402 1762 150 43 dicere:
1511 1762 137 43 saltem
1607 1762 82 43 ad
1648 1762 109 43 suum
1716 1762 164 43 negocium
1839 1762 96 43 non
1894 1762 191 43 spectabat:
2031 1762 68 43 da-

1303 1796 89 44 re
1348 1796 134 44 eorum
1437 1796 267 44 conuenientiam:
1659 1796 104 44 sed
1719 1796 134 44 solum
1808 1796 252 44 differentiam.
2001 1796 89 44 Pru-

1304 1828 139 44 dentia
1401 1828 125 44 nihil
1485 1828 125 44 aliud
1568 1828 97 44 est
1623 1828 111 44 nisi
1693 1828 153 44 notitia
1804 1828 194 44 iudicatiua
1942 1828 153 44 ostendens

1295 1872 154 39 aliquid
1407 1872 112 39 esse
1477 1872 182 39 faciendum
1618 1872 154 39 taliter
1730 1872 168 39 qualiter
1856 1872 126 39 fieri
1941 1872 140 39 debet:
2025 1872 70 39 vel

1301 1903 187 45 fugiendum
1445 1903 158 45 taliter
1560 1903 173 45 qualiter
1690 1903 115 45 fugi
1762 1903 144 45 debet:
1862 1903 86 45 vt
1906 1903 158 45 notitia
2007 1903 86 45 iudi

1301 1945 139 46 catiua
1398 1945 97 46 qua
1454 1945 139 46 iudico
1551 1945 111 46 quod
1621 1945 111 46 iste
1690 1945 195 46 cholericus
1843 1945 111 46 bili
1912 1945 167 46 commotus
2024 1945 69 46 est

1306 1982 99 40 per
1362 1982 127 40 leuia
1447 1982 127 40 verba
1532 1982 212 40 mitigandus:
1701 1982 99 40 vel
1757 1982 155 40 notitia
1870 1982 127 40 huius
1955 1982 71 40 /
1983 1982 99 40 ome
2025 1982 71 40 ho-

1289 2022 143 39 nestum
1389 2022 100 39 est
1446 2022 229 39 prosequendum
1632 2022 72 39 /
1661 2022 186 39 prudentia
1804 2022 100 39 est
1861 2022 143 39 auriga
1961 2022 86 39 et
1990 2022 100 39 dire-

1308 2057 106 44 trix
1374 2057 158 44 virtutum
1493 2057 172 44 moralium.
1625 2057 106 44 idem
1691 2057 119 44 autem
1770 2057 92 44 est
1823 2057 185 44 prudentiam
1955 2057 132 44 dirigere

1303 2094 147 40 virtutem
1413 2094 61 40 /
1438 2094 74 40 et
1474 2094 86 40 eam
1523 2094 159 40 regulare:
1646 2094 74 40 et
1683 2094 159 40 ostendere
1805 2094 147 40 qualiter
1915 2094 98 40 ipsa
1977 2094 110 40 fieri
2038 2094 49 40 de

1304 2132 121 45 beat.
1384 2132 216 45 Experimentum
1560 2132 81 45 vo
1600 2132 67 45 a
1627 2132 94 45 ars
1681 2132 94 45 hoc
1735 2132 108 45 modo
1802 2132 162 45 scatent:
1924 2132 81 45 vt
1964 2132 121 45 patet
2032 2132 67 45 pri

1295 2170 83 47 mo
1337 2170 208 47 metaphysice
1504 2170 97 47 et.
1559 2170 97 47 ii.
1615 2170 222 47 posteriorum.
1795 2170 83 47 ex
1837 2170 125 47 sensu
1920 2170 97 47 fit
1962 2170 125 47 memoria

1287 2210 95 35 ex
1335 2210 174 35 memoria
1461 2210 237 35 experimetum
1650 2210 79 35 /
1682 2210 95 35 ex
1729 2210 158 35 multis
1840 2210 237 35 experimetis
2013 2210 79 35 in-

1301 2239 157 45 ducitur
1415 2239 100 45 vna
1472 2239 229 45 vniuersalis:
1658 2239 100 45 que
1715 2239 100 45 est
1772 2239 200 45 principium
1930 2239 143 45 artis.
2016 2239 71 45 hoc

1291 2278 101 43 est
1348 2278 86 43 ex
1391 2278 244 43 senlationibus
1592 2278 158 43 quelunt
1707 2278 158 43 notitie
1822 2278 187 43 intuitiue
1966 2278 101 43 fit
2009 2278 72 43 me-

1294 2319 140 36 moria:
1392 2319 84 36 id
1434 2319 98 36 est
1490 2319 154 36 notitia
1603 2319 197 36 memoratiua
1757 2319 154 36 eiusdem
1869 2319 168 36 obiecti:
1982 2319 98 36 cuius

1288 2354 115 42 fuit
1360 2354 188 42 sensatio:
1504 2354 87 42 et
1547 2354 101 42 hec
1605 2354 202 42 memoratiua
1764 2354 101 42 est
1822 2354 159 42 notitia
1923 2354 173 42 abstracti-

1294 2392 107 44 ua:
1355 2392 123 44 ambe
1432 2392 138 44 autem
1523 2392 123 44 iste
1600 2392 184 44 sensatio
1738 2392 77 44 a
1768 2392 168 44 memoria
1891 2392 123 44 sunt
1952 2392 138 44 notitie

1294 2427 213 50 singulares
1461 2427 198 50 simplices
1613 2427 258 50 apprehensiue.
1826 2427 91 50 ex
1871 2427 152 50 multis
1962 2427 122 50 quoque

1294 2467 169 45 memoriis
1421 2467 99 45 fit
1477 2467 240 45 experimentum.
1675 2467 99 45 Est
1731 2467 127 45 autem
1816 2467 226 45 experimentum
1985 2467 99 45 iudi-

1294 2508 119 43 cium
1368 2508 178 43 alicuius
1502 2508 208 43 singularis
1666 2508 104 43 non
1725 2508 164 43 sensati
1844 2508 178 43 causatum
1978 2508 89 43 ex
2008 2508 89 43 mul-

1298 2540 100 49 tis
1355 2540 172 49 memoriis
1484 2540 215 49 consimilium
1656 2540 129 49 prius
1742 2540 215 49 sensatorum.
1914 2540 158 49 exemuli
2014 2540 72 49 cau

1295 2574 94 45 sa:
1348 2574 94 45 per
1402 2574 134 45 tactum
1496 2574 107 45 noui
1563 2574 80 45 a.
1603 2574 107 45 igne
1670 2574 134 45 fuisse
1764 2574 201 45 calefactiuu
1925 2574 80 45 et
1965 2574 80 45 b.
1992 2574 94 45 ignem

1302 2615 188 43 similiter:
1449 2615 108 43 viso
1517 2615 81 43 c.
1557 2615 108 43 igne
1624 2615 67 43 a
1651 2615 148 43 remotis
1758 2615 108 43 quem
1826 2615 94 43 non
1879 2615 134 43 sensi:
1973 2615 81 43 ex
2000 2615 81 43 memo

1293 2656 106 51 riis
1359 2656 80 51 a.
1399 2656 80 51 et
1439 2656 80 51 b.
1479 2656 133 51 ignium
1571 2656 119 51 prius
1651 2656 186 51 sensatorum
1797 2656 66 51 a
1824 2656 93 51 me:
1877 2656 133 51 iudico
1970 2656 80 51 c.
1996 2656 93 51 ignem
