2361 3309
385 233 166 62 latiuo.
506 233 76 62 ⁋
536 233 166 62 Septimo
657 233 181 62 arguitur
793 233 166 62 ponendo
914 233 121 62 vnam
974 233 212 62 consequentia

386 289 142 39 cuius
481 289 142 39 maior
576 289 111 39 est
639 289 190 39 euidens:
782 289 142 39 minor
877 289 174 39 opinata
1003 289 111 39 vel
1051 289 142 39 credita

392 322 98 46 iam
448 322 182 46 conclusio
588 322 168 46 sequitur
714 322 196 46 debiliorem
868 322 154 46 partem.
980 322 98 46 ibi
1036 322 112 46 sunt
1092 322 98 46 multi

391 359 193 44 assensus:
540 359 119 44 vnus
614 359 163 44 maioris
733 359 74 44 /
762 359 134 44 alius
851 359 163 44 minoris
970 359 74 44 /
1000 359 163 44 tertius
1104 359 89 44 con-

391 396 182 42 clusionis
531 396 70 42 /
559 396 154 42 quartus
671 396 182 42 bonitatis
811 396 210 42 consequene:
979 396 154 42 quintus
1091 396 98 42 quo
1133 396 56 42 ar

390 436 156 46 sentitur
507 436 169 46 primissis
638 436 78 46 et
677 436 195 46 conclusioni
833 436 143 46 propter
937 436 182 46 primissas:
1081 436 91 46 iam
1120 436 78 46 erit

384 476 119 42 vnus
458 476 89 42 et
503 476 119 42 idem
577 476 178 42 assensus
711 476 163 42 euidens
830 476 89 42 et
874 476 208 42 ineuidens:
1038 476 119 42 quia
1097 476 89 42 ille

381 512 180 46 assensus
516 512 120 46 erit
591 512 165 46 maioris
710 512 75 46 /
740 512 165 46 minoris
860 512 90 46 et
905 512 254 46 conclusionis.
1114 512 75 46 ⁋
1129 512 60 46 Re

392 549 186 44 spondetur
535 549 201 44 concedendo
693 549 172 44 illatum.
822 549 100 44 est
879 549 115 44 enim
951 549 158 44 euidens
1052 549 143 44 respectu

385 584 171 51 alicuius
513 584 71 51 /
541 584 85 51 et
584 584 185 51 ineuidens
726 584 171 51 respectu
854 584 185 51 alterius:
997 584 100 51 sed
1054 584 100 51 non
1096 584 100 51 respe

385 624 97 45 ctu
441 624 167 45 eisudem.
566 624 125 45 sicut
649 624 111 45 idem
719 624 125 45 actus
802 624 97 45 est
858 624 125 45 velle
942 624 83 45 et
983 624 125 45 nolle
1053 624 139 45 respectu

397 662 205 45 diuersorum:
561 662 96 45 sed
616 662 96 45 non
670 662 164 45 respectu
793 662 164 45 eiusdem.
916 662 82 45 Et
957 662 96 45 set
1012 662 164 45 assensus
1121 662 68 45 quo

382 698 113 50 quis
452 698 169 50 assentit
579 698 211 50 conclusioni
748 698 155 50 propter
860 698 183 50 primissas
1001 698 84 50 ab
1043 698 155 50 assensu
1142 698 56 50 ex

389 740 171 43 tremorum
517 740 185 43 causetur:
660 740 128 43 sicut
745 740 171 43 coceptus
873 740 185 43 relatiuus
1016 740 71 43 a
1030 740 157 43 concepti-

382 772 98 50 bus
438 772 196 50 absolutis:
592 772 98 50 non
649 772 126 50 tamen
733 772 98 50 est
789 772 168 50 assensus
915 772 211 50 primissarum
1084 772 84 50 et
1112 772 84 50 con-

388 812 196 48 clusionis
539 812 90 48 ca
584 812 211 48 sufficiens
750 812 90 48 et
795 812 181 48 adequata
931 812 90 48 in
976 812 226 48 productione
1142 812 60 48 as

390 854 147 43 sensus
493 854 147 43 talis.
596 854 132 43 sicut
684 854 88 43 de
728 854 162 43 notitia
846 854 162 43 reflexa
963 854 88 43 et
1007 854 132 43 aliis
1081 854 117 43 dicere

394 892 190 51 dabemus
532 892 225 51 Propterea
705 892 242 51 frequenter
895 892 190 51 habemus
1016 892 173 51 assensus

386 924 234 56 promissarum
573 924 78 56 a
604 924 140 56 alium
698 924 187 56 assensum
838 924 218 56 distinctum
1009 924 109 56 non
1056 924 140 56 habendo

392 973 133 38 vnum
476 973 200 38 assensum
626 973 233 38 simplicem:
809 973 117 38 quo
875 973 233 38 assentimus
1042 973 150 38 conclu-

383 1009 147 63 sioni
481 1009 180 63 propter
595 1009 196 63 premissas.

550 1036 80 61 ⁋
582 1036 272 61 Distinctionis
806 1036 144 61 prime
903 1036 176 61 questio
1015 1036 144 61 tertia.

633 1072 117 58 Irca
706 1072 117 58 hanc
780 1072 249 58 distinctionem
984 1072 146 58 primam
1072 1072 117 58 tertio

640 1116 155 46 iritur.
752 1116 84 46 An
795 1116 141 46 plures
893 1116 126 46 actus
977 1116 155 46 possint
1090 1116 112 46 esse
1146 1116 56 46 in

636 1153 178 51 voluntate.
776 1153 76 51 Et
814 1153 140 51 mouetur
916 1153 152 51 quaestio
1030 1153 127 51 protur
1106 1153 89 51 quen-

635 1188 99 46 dam
692 1188 171 46 tenentem
820 1188 142 46 partem
919 1188 171 46 negatiua
1033 1188 156 46 quaestio-

636 1227 106 44 nis.
702 1227 80 44 Et
742 1227 80 44 si
782 1227 106 44 sic:
848 1227 159 44 voluntas
967 1227 93 44 non
1021 1227 133 44 potest
1100 1227 93 44 habe-

611 1268 105 48 sre
671 1268 120 48 vsum
746 1268 90 48 et
791 1268 210 48 fruitionem
955 1268 210 48 distincta.
1120 1268 75 48 ⁋
1135 1268 60 48 Re

405 1304 175 51 pondetur
537 1304 219 51 affirmatiue
712 1304 88 51 ad
756 1304 234 51 quaestionem.
946 1304 175 51 probatur
1078 1304 117 51 sic.
1137 1304 58 51 no

396 1344 160 45 notitia
513 1344 189 45 intuitiua
659 1344 87 45 et
702 1344 175 45 iudicium
834 1344 233 45 affirmatiuum
1023 1344 102 45 vel
1067 1344 131 45 negati-

391 1390 98 38 uum
447 1390 112 38 quod
517 1390 98 38 est
573 1390 168 38 effectus
699 1390 154 38 notitie
810 1390 182 38 intuitiue
950 1390 112 38 sunt
1020 1390 126 38 simul
1104 1390 84 38 in
1132 1390 70 38 in-

396 1419 174 45 tellectum.
533 1419 162 45 similiter
657 1419 112 45 actus
732 1419 150 45 directus
844 1419 75 45 et
881 1419 162 45 reflexus:
1006 1419 137 45 notitia
1093 1419 100 45 sensi-

386 1458 140 43 sitiua
484 1458 70 43 /
512 1458 84 43 et
554 1458 238 43 intellectiua:
750 1458 182 43 similiter
891 1458 98 43 due
947 1458 154 43 notitie
1045 1458 154 43 intuitiue

388 1496 201 49 distincte
542 1496 201 49 albedinis
697 1496 93 49 et
744 1496 217 49 nigredinis
914 1496 93 49 vt
961 1496 217 49 experimur.
1116 1496 77 49 Si-

387 1533 163 47 militer
506 1533 89 47 in
550 1533 163 47 angelis
669 1533 104 47 est
729 1533 163 47 notitia
847 1533 134 47 rerum
937 1533 89 47 in
981 1533 148 47 verbo:
1085 1533 89 47 et
1115 1533 74 47 non

398 1576 115 43 titia
475 1576 115 43 earum
551 1576 77 43 in
590 1576 140 43 proprio
692 1576 128 43 genere
781 1576 153 43 secundum
896 1576 191 43 Augustinum.
1049 1576 77 43 ii
1087 1576 77 43 et
1113 1576 89 43 iiii.

384 1611 131 47 super
472 1611 175 47 genesim.
603 1611 116 47 ergo
675 1611 175 47 voluntas
806 1611 145 47 potest
908 1611 145 47 habere
1010 1611 145 47 plures
1097 1611 102 47 actus

403 1643 222 46 voluntatis:
581 1643 118 46 quia
655 1643 104 46 non
714 1643 163 46 minoris
832 1643 163 46 potetie
951 1643 104 46 est
1010 1643 178 46 voluntas
1143 1643 89 46 ad

400 1683 121 42 suos
476 1683 136 42 actus
566 1683 121 42 quam
642 1683 227 42 intellectus
824 1683 91 42 in
869 1683 136 42 suos.
960 1683 182 42 Preterea
1081 1683 106 42 inte-

386 1726 107 48 dum
447 1726 169 48 aliquis
570 1726 123 48 odit
646 1726 138 48 malum
738 1726 245 48 perpetratum.
937 1726 169 48 Amplius
1045 1726 153 48 sequitur

391 1764 112 45 quod
461 1764 112 45 nemo
531 1764 140 45 potest
628 1764 168 45 mentiri.
754 1764 140 45 patet:
852 1764 112 45 quia
922 1764 168 45 mentiens
1047 1764 126 45 habet
1117 1764 84 45 dis-

401 1801 133 43 sensum
494 1801 80 43 in
534 1801 120 43 mente
613 1801 133 43 illius
706 1801 106 43 quam
773 1801 159 43 profert:
892 1801 80 43 et
932 1801 120 43 habet
1012 1801 159 43 mentalem
1118 1801 80 43 vlti

396 1840 132 47 matam
485 1840 147 47 illius
587 1840 162 47 vocalis
705 1840 118 47 quam
779 1840 147 47 dicit.
882 1840 103 47 Sed
940 1840 147 47 dicis.
1043 1840 88 47 si
1087 1840 118 47 quis
1146 1840 59 47 di

392 1874 109 53 cat
455 1874 141 53 papam
549 1874 172 53 dormire
674 1874 78 53 /
705 1874 156 53 dubius
814 1874 94 53 in
861 1874 156 53 mente:
971 1874 109 53 hoc
1033 1874 109 53 est
1080 1874 125 53 nullum

396 1915 180 41 assensum
531 1915 165 41 habens:
652 1915 90 41 is
697 1915 196 41 mentitur:
847 1915 90 41 et
892 1915 105 41 sic
952 1915 105 41 non
1013 1915 165 41 habetur
1118 1915 75 41 iu-

390 1952 153 46 dicium
497 1952 92 46 in
543 1952 215 46 oppositum.
712 1952 107 46 hoc
773 1952 107 46 non
834 1952 153 46 euitat
941 1952 230 46 propositum:
1110 1952 92 46 bene

392 1994 115 46 volo
463 1994 115 46 quod
535 1994 201 46 mentiatur.
692 1994 100 46 sed
750 1994 172 46 interdum
879 1994 186 46 experimur
1022 1994 100 46 nos
1065 1994 143 46 proferre

405 2029 144 46 aliquid
509 2029 170 46 exterius:
640 2029 91 46 cum
692 2029 118 46 tamen
771 2029 196 46 dissentimus
928 2029 105 46 actu
993 2029 78 46 in
1032 2029 131 46 mente.
1111 2029 78 46 Ulti

390 2066 96 43 mo
438 2066 207 43 arguitur.
597 2066 96 43 si
645 2066 159 43 sortes
756 2066 207 43 proferret
915 2066 143 43 coram
1011 2066 96 43 me
1043 2066 159 43 terminum

396 2104 160 44 asinus:
513 2104 87 44 et
557 2104 131 44 simul
644 2104 160 44 tempore
761 2104 131 44 plato
848 2104 175 44 terminum
979 2104 131 44 homo:
1052 2104 146 44 velformo

399 2146 122 39 vnum
475 2146 198 39 conceptum
627 2146 137 39 solum
718 2146 213 39 (supposito
885 2146 122 39 quod
961 2146 198 39 equaliter
1098 2146 106 39 aduen

388 2177 119 51 tam
456 2177 119 51 vel
524 2177 137 51 duos
610 2177 119 51 vel
678 2177 171 51 nullu.
797 2177 188 51 Tertium
934 2177 119 51 est
1002 2177 171 51 contra
1105 2177 102 51 expe

403 2219 188 39 rientiam:
547 2219 87 39 et
591 2219 145 39 nescis
692 2219 116 39 dare
765 2219 145 39 causam
866 2219 145 39 primi:
967 2219 145 39 dandum
1069 2219 101 39 est
1112 2219 87 39 ergo

401 2257 175 42 secundum.
535 2257 108 42 idem
603 2257 94 42 fit
656 2257 81 42 in
697 2257 121 42 primo
778 2257 189 42 argumento:
926 2257 94 42 nam
980 2257 135 42 quando
1074 2257 121 42 video
1141 2257 54 42 ni

399 2297 178 42 gredinem
533 2297 134 42 prope
622 2297 208 42 albedinem:
786 2297 178 42 vtrumque
920 2297 164 42 illorum
1024 2297 178 42 obiectorum

397 2336 153 41 causat
504 2336 184 41 notitiam
642 2336 215 41 distinctam
811 2336 107 41 sui
872 2336 92 41 vt
918 2336 215 41 experimur.
1087 2336 107 41 Sed
1133 2336 77 41 di-

407 2367 109 46 cis.
475 2367 109 46 haec
543 2367 122 46 ratio
625 2367 95 46 est
679 2367 204 46 sophistica:
842 2367 109 46 quod
910 2367 122 46 patet
992 2367 150 46 ponendo
1087 2367 109 46 centu-

401 2411 188 38 terminos
542 2411 141 38 simul
637 2411 204 38 prolatos:
793 2411 172 38 petendo
919 2411 141 38 cuius
1013 2411 172 38 termini
1123 2411 78 38 con

408 2448 145 40 ceptum
510 2448 145 40 formet
612 2448 116 40 iste
685 2448 174 40 audiens.
816 2448 102 40 Sed
874 2448 102 40 non
932 2448 102 40 est
990 2448 145 40 simile
1077 2448 131 40 propter

396 2484 163 46 statum:
515 2484 119 46 quia
589 2484 134 46 formo
678 2484 193 46 conceptum
827 2484 208 46 terminorum
990 2484 89 46 ad
1035 2484 119 46 quos
1094 2484 104 46 magis

400 2529 179 42 aduerto.
534 2529 89 42 si
579 2529 134 42 autem
668 2529 134 42 ponas
758 2529 89 42 me
803 2529 194 42 equaliter
952 2529 224 42 aduertentem
1116 2529 89 42 cir-

397 2562 82 39 ca
438 2562 136 39 omnes:
533 2562 109 39 tunc
601 2562 95 39 non
656 2562 149 39 apparet
764 2562 122 39 ratio
846 2562 122 39 quare
927 2562 163 39 notitiam
1050 2562 122 39 vnius
1117 2562 82 39 ter-

406 2597 117 42 mini
479 2597 146 42 formo.
582 2597 146 42 Roones
684 2597 88 42 vo
728 2597 205 42 aduersarii
889 2597 161 42 probant
1006 2597 117 42 quod
1064 2597 132 42 auditio

410 2640 118 40 visio
488 2640 65 40 e
514 2640 131 40 tactio
606 2640 91 40 non
658 2640 157 40 praesent
776 2640 105 40 esse
841 2640 131 40 simul:
933 2640 91 40 vel
985 2640 105 40 ille
1037 2640 170 40 sensationes

403 2675 124 56 anime
486 2675 165 56 inherent
610 2675 151 56 tanquam
720 2675 96 56 suo
775 2675 179 56 subiecto:
912 2675 83 56 et
954 2675 110 56 tunc
1022 2675 124 56 palam
1091 2675 124 56 estquod

1240 226 124 65 sunt
1317 226 93 65 in
1363 226 139 65 eodem
1456 226 201 65 subiecto.
1611 226 93 65 Et
1657 226 93 65 si
1703 226 170 65 ponatur
1827 226 124 65 quod
1889 226 170 65 subiectis

1243 285 191 48 corporeis
1390 285 206 48 inhereant:
1552 285 220 48 causabuntur
1728 285 162 48 notitie
1845 285 88 48 in
1875 285 176 48 intellectu

1243 324 135 38 eorum
1333 324 105 38 que
1393 324 120 38 sunt
1467 324 90 38 in
1512 324 149 38 sensu.
1617 324 75 38 ⁋
1647 324 149 38 Contra
1751 324 120 38 hanc
1826 324 239 38 conclusionem
2005 324 60 38 ar

1254 360 134 43 guitur
1347 360 107 43 sic.
1414 360 80 43 si
1454 360 94 43 duo
1508 360 121 43 actus
1588 360 147 43 possunt
1695 360 107 43 esse
1762 360 80 43 in
1803 360 134 43 anima:
1896 360 161 43 quattuor
2003 360 54 43 et

1263 397 121 50 inque
1343 397 81 50 et
1384 397 161 50 infiniti
1505 397 175 50 praesent:
1639 397 202 50 quemadmodum
1800 397 202 50 Aristoteles
1948 397 108 50 arguit

1243 437 128 44 iiii.
1328 437 199 44 physicorum
1484 437 156 44 secundi
1598 437 199 44 tractatus.
1755 437 142 44 capite
1854 437 142 44 primo.
1954 437 85 44 Si
1982 437 71 44 duo

1250 477 154 39 corpora
1362 477 168 39 praesent
1488 477 112 39 esse
1558 477 84 39 in
1600 477 126 39 eodem
1684 477 126 39 loco:
1768 477 112 39 tria
1838 477 154 39 possunt
1950 477 112 39 esse
2006 477 56 39 in

1245 516 138 45 eodem
1337 516 123 45 loco
1414 516 77 45 /
1445 516 92 45 et
1491 516 200 45 infinita.
1645 516 77 45 ⁋
1675 516 246 45 Confirmatur.
1875 516 123 45 quia
1937 516 123 45 seque-

1242 545 133 57 retur
1331 545 119 57 quod
1405 545 178 57 attentio
1539 545 222 57 intellectus
1716 545 133 57 circa
1805 545 119 57 vnum
1879 545 178 57 obiectum
1998 545 74 57 non

1249 586 173 54 impediret
1382 586 200 54 attentionem
1542 586 120 54 circa
1622 586 133 54 aliud.
1715 586 186 54 consequens
1861 586 93 54 est
1915 586 133 54 contra
1994 586 67 54 ex-

1246 625 222 48 perientiam:
1424 625 118 48 quia
1498 625 178 48 pluribus
1631 625 178 48 intentus
1764 625 133 48 minor
1853 625 104 48 est
1912 625 89 48 ad
1942 625 133 48 singula

1247 668 151 44 sensus.
1357 668 69 44 ⁋
1385 668 82 44 Ad
1426 668 137 44 primum
1522 668 82 44 re
1563 668 179 44 spondetur
1701 668 151 44 negando
1811 668 247 44 consequentiam:
2003 668 69 44 nec

1248 705 105 38 est
1308 705 150 38 simile
1413 705 90 38 de
1458 705 225 38 corporibus.
1638 705 105 38 sed
1697 705 105 38 sic
1757 705 135 38 debet
1847 705 120 38 capi
1907 705 150 38 similitu

1247 738 102 52 do.
1306 738 131 52 sicut
1393 738 117 52 vnum
1466 738 146 52 corpus
1569 738 146 52 replet
1671 738 117 52 vnum
1744 738 131 52 locum
1831 738 102 52 sic
1890 738 117 52 quod
1948 738 117 52 nullum

1250 776 144 43 aliud
1346 776 160 43 corpus
1458 776 144 43 secum
1554 776 224 43 compatitur
1729 776 256 43 naturaliter:
1937 776 112 43 hoc
1985 776 80 43 est

1244 822 138 44 quando
1341 822 110 44 tota
1410 822 179 44 capacitas
1548 822 110 44 loci
1617 822 179 44 repletur:
1755 822 97 44 sic
1810 822 83 44 si
1851 822 110 44 tota
1906 822 152 44 capacitas

1247 857 140 46 actiua
1345 857 126 46 anime
1429 857 182 46 repleatur
1568 857 84 46 in
1610 857 209 46 multitudine
1778 857 140 46 actuum
1875 857 70 46 /
1903 857 98 46 non
1945 857 112 46 potest

1244 892 136 48 plus
1329 892 187 48 habere.
1465 892 85 48 ⁋
1499 892 102 48 Ad
1550 892 306 48 confirmationem
1804 892 136 48 nego
1872 892 187 48 consequem

1249 932 135 39 tiam.
1339 932 105 39 sed
1399 932 120 39 illa
1473 932 105 39 non
1533 932 180 39 prouenit
1668 932 90 39 ex
1713 932 224 39 repugnantia
1892 932 150 39 actuum
1982 932 75 39 duo

1244 970 93 41 rum
1297 970 93 41 vel
1350 970 133 41 trium:
1443 970 93 41 sed
1496 970 119 41 solum
1575 970 159 41 prouenit
1695 970 80 41 ex
1734 970 106 41 hoc:
1801 970 133 41 quando
1894 970 159 41 potentia
2000 970 66 41 mul

1251 1006 106 42 tum
1312 1006 198 42 occupatur
1464 1006 137 42 circa
1555 1006 122 42 vnum
1631 1006 183 42 obiectum
1768 1006 76 42 /
1798 1006 137 42 parum
1890 1006 137 42 aliud
1966 1006 91 42 con-

1249 1044 167 42 siderat.
1374 1044 98 42 Sed
1430 1044 139 42 dices.
1528 1044 209 42 intellectus
1695 1044 139 42 potest
1792 1044 125 42 hatre
1876 1044 181 42 infinitos
2001 1044 56 42 se

1249 1082 152 41 paratos
1360 1082 97 41 non
1415 1082 235 41 constituentes
1609 1082 124 41 vnum.
1692 1082 138 41 patet:
1788 1082 111 41 quia
1858 1082 97 41 est
1913 1082 97 41 ita
1954 1082 111 41 facile

1265 1120 142 46 abere
1360 1120 158 46 plures
1471 1120 158 46 paruos
1581 1120 142 46 actus
1676 1120 126 46 quam
1755 1120 142 46 haere
1850 1120 142 46 tres:
1929 1120 126 46 quorum

1267 1155 134 47 libet
1357 1155 134 47 habet
1446 1155 164 47 centies
1565 1155 134 47 mille
1655 1155 164 47 partes.
1774 1155 75 47 ⁋
1804 1155 238 47 Respondetur.
1982 1155 75 47 hoc

1242 1198 219 40 argumentum
1415 1198 172 40 militat
1540 1198 157 40 contra
1650 1198 204 40 factorem:
1806 1198 94 40 si
1853 1198 141 40 velit
1932 1198 125 40 ponere

1251 1233 241 42 intensionem
1443 1233 144 42 fieri
1540 1233 112 42 per
1604 1233 225 42 additionem
1780 1233 160 42 partis
1893 1233 96 42 ad
1925 1233 144 42 partem.

1249 1272 104 48 nam
1309 1272 104 48 cum
1368 1272 119 48 vnus
1443 1272 134 48 actus
1533 1272 90 48 vt
1577 1272 164 48 quatuor
1697 1272 134 48 habet
1786 1272 164 48 centies
1906 1272 134 48 mille
1980 1272 75 48 par

1247 1310 115 44 tes
1312 1310 181 44 equales
1444 1310 115 44 non
1509 1310 296 44 communicantes:
1756 1310 246 44 intellectus
1937 1310 131 44 distra

1261 1351 128 41 ditur
1346 1351 128 41 circa
1432 1351 128 41 varia
1518 1351 171 41 obiecta:
1646 1351 86 41 et
1689 1351 100 41 sic
1746 1351 100 41 non
1803 1351 143 41 potest
1903 1351 143 41 habere
1989 1351 71 41 tot

1266 1388 148 39 aruos
1364 1388 148 39 actus
1463 1388 148 39 circa
1562 1388 148 39 varia
1661 1388 181 39 obiecta
1792 1388 132 39 quot
1875 1388 148 39 habet
1957 1388 115 39 circa

1246 1425 116 37 idem
1318 1425 188 37 obiectum.
1463 1425 72 37 ⁋
1492 1425 159 37 Secundo
1608 1425 188 37 arguitur.
1752 1425 145 37 quando
1854 1425 159 37 species
1955 1425 116 37 super-

1240 1459 99 42 me
1290 1459 199 42 alicuius
1439 1459 182 42 generis
1572 1459 282 42 contrariantur
1804 1459 249 42 formaliter:
1986 1459 83 42 oes

1254 1499 178 45 species
1383 1499 178 45 mediate
1512 1499 129 45 sunt
1593 1499 323 45 incompossibiles.
1867 1499 145 45 patet
1964 1499 97 45 de
1996 1499 65 45 al

1261 1539 150 47 dedine
1366 1539 90 47 et
1411 1539 195 47 nigredine
1560 1539 90 47 et
1605 1539 90 47 de
1650 1539 195 47 speciebus
1800 1539 165 47 mediis.
1919 1539 105 47 sed
1964 1539 90 47 scia

1255 1578 82 50 et
1296 1578 123 50 error
1379 1578 246 50 contrariantur:
1584 1578 110 50 ergo
1652 1578 123 50 omnes
1734 1578 151 50 species
1844 1578 205 50 intensionum
1995 1578 68 50 qua

1252 1612 122 39 sunt
1328 1612 137 39 media
1420 1612 137 39 inter
1511 1612 122 39 ista
1587 1612 76 39 /
1618 1612 122 39 sunt
1694 1612 229 39 naturaliter
1862 1612 198 39 incompossi-

1252 1650 144 44 biles.
1353 1650 72 44 ⁋
1381 1650 245 44 Confirinatur.
1584 1650 173 44 secundum
1714 1650 231 44 Aristotelem.
1901 1650 101 44 ii.
1945 1650 115 44 topico

1246 1687 106 43 rum
1307 1687 197 43 contingit
1458 1687 137 43 plura
1550 1687 152 43 scire:
1656 1687 228 43 intelligere
1838 1687 182 43 veronon.
1975 1687 76 43 ⁋
2005 1687 91 43 Ad

1257 1733 148 39 primum
1361 1733 177 39 dicitur:
1494 1733 118 39 quod
1568 1733 103 39 hoc
1627 1733 207 39 argumentum
1789 1733 177 39 probaret
1922 1733 148 39 contra
2011 1733 59 39 fa

1248 1770 150 39 ctorem
1353 1770 345 39 incompossibilitatem
1653 1770 195 39 habituum.
1802 1770 165 39 Habitus
1922 1770 120 39 enim
1982 1770 75 39 er-

1258 1802 150 38 roneus
1363 1802 90 38 et
1408 1802 240 38 scientificus
1603 1802 135 38 circa
1694 1802 120 38 idem
1769 1802 180 38 obiectum
1889 1802 180 38 contrariam

1250 1844 119 46 tur
1318 1844 204 46 secundum
1471 1844 204 46 communem
1624 1844 153 46 modum
1726 1844 85 46 ⁋
1760 1844 102 46 Ad
1794 1844 272 46 confirmationem

1253 1880 141 47 dicitur
1356 1880 103 47 quod
1420 1880 193 47 Aristoteles
1575 1880 90 47 per
1626 1880 116 47 scire
1703 1880 180 47 intelligit
1844 1880 219 47 habitualiter:
2012 1880 51 47 et

1248 1918 108 45 per
1309 1918 232 45 intelligere
1495 1918 186 45 notitiam
1635 1918 201 45 actualem.
1790 1918 124 45 modo
1867 1918 186 45 actualis
1991 1918 62 45 no

1254 1952 133 53 titia
1343 1952 104 53 non
1402 1952 89 53 ad
1447 1952 104 53 tot
1506 1952 207 53 extenditur
1669 1952 119 53 quot
1743 1952 222 53 habitualis.
1921 1952 148 53 probat
2010 1952 59 53 ei

1257 1991 104 43 ibi
1316 1991 118 43 quod
1390 1991 222 43 intelligere
1568 1991 104 43 non
1627 1991 104 43 est
1686 1991 133 43 genus
1775 1991 89 43 ad
1819 1991 148 43 scire:
1923 1991 104 43 cum
1967 1991 89 43 mul-

1253 2028 207 50 tiplicatis
1416 2028 207 50 indiuiduis
1579 2028 163 50 speciei
1697 2028 266 50 multiplicentur
1904 2028 163 50 respondem

1261 2068 107 42 ter
1322 2068 198 42 indiuidua
1474 2068 183 42 generis:
1612 2068 92 42 vt
1657 2068 153 42 plures
1764 2068 168 42 homines
1886 2068 122 42 sunt
1947 2068 107 42 plura

1253 2108 167 41 animalia.
1382 2108 103 41 modo
1446 2108 116 41 dicit
1523 2108 103 41 quod
1587 2108 167 41 contingit
1716 2108 116 41 plura
1793 2108 129 41 scire:
1883 2108 116 41 idest
1947 2108 116 41 habitus

1254 2147 233 46 scientificos
1444 2147 204 46 distinctos
1605 2147 161 46 habere:
1721 2147 102 46 sed
1780 2147 117 46 stat
1853 2147 117 46 quod
1926 2147 102 46 non
1969 2147 88 46 heat

1254 2184 119 42 duas
1329 2184 269 42 intellectiones
1553 2184 119 42 immo
1627 2184 104 42 nec
1687 2184 134 42 vnam.
1776 2184 104 42 vel
1836 2184 119 42 sic:
1896 2184 164 42 contingit

1261 2225 123 44 plura
1344 2225 137 44 scire.
1439 2225 82 44 i.
1481 2225 164 44 scientia
1604 2225 96 44 est
1659 2225 164 44 respectu
1782 2225 164 44 complexi
1905 2225 110 44 quod
1974 2225 82 44 ex
2001 2225 55 44 mu

1254 2265 109 44 tis
1316 2265 233 44 componitur.
1502 2265 233 44 intellectio
1688 2265 124 44 vero
1765 2265 109 44 est
1827 2265 140 44 circa
1920 2265 109 44 non
1967 2265 109 44 plura

1266 2295 119 48 quia
1341 2295 104 48 est
1400 2295 179 48 tamcirca
1535 2295 179 48 complexa
1669 2295 119 48 quam
1744 2295 224 48 incomplexa.
1923 2295 75 48 ⁋
1938 2295 119 48 Tertio

1262 2341 206 41 arguitur.
1421 2341 127 41 Tunc
1500 2341 111 41 per
1563 2341 95 41 te
1611 2341 159 41 sortes
1722 2341 143 41 videt
1817 2341 143 41 album
1912 2341 95 41 et
1944 2341 127 41 nigrum

1254 2373 143 42 simul
1349 2373 95 42 et
1397 2373 143 42 semel
1492 2373 95 42 Et
1539 2373 158 42 vltra:
1650 2373 158 42 sortes
1761 2373 143 42 videt
1856 2373 174 42 nigrum:
1967 2373 95 42 ergo

1269 2411 131 41 videt
1357 2411 131 41 nihil
1444 2411 117 41 quod
1517 2411 102 41 est
1575 2411 146 41 album.
1677 2411 87 41 Et
1721 2411 146 41 vltra:
1823 2411 117 41 ergo
1896 2411 131 41 nihil
1969 2411 87 41 quod

1264 2448 106 40 est
1324 2448 136 40 album
1415 2448 166 40 videtur
1536 2448 76 40 a
1567 2448 151 40 sorte.
1673 2448 76 40 ⁋
1703 2448 91 40 Et
1748 2448 227 40 confirmatur
1915 2448 151 40 probando

1254 2485 117 44 quod
1328 2485 88 44 si
1372 2485 146 44 posset
1474 2485 146 44 habere
1577 2485 117 44 duas
1650 2485 176 44 notitias
1782 2485 146 44 posset
1884 2485 146 44 habere
1972 2485 88 44 infi

1266 2526 134 45 nitas.
1359 2526 161 45 probatur
1480 2526 107 45 sic.
1547 2526 80 45 si
1587 2526 201 45 iutellectus
1748 2526 134 45 posset
1842 2526 121 45 hatre
1922 2526 107 45 duas
1976 2526 80 45 pos-

1263 2560 104 49 set
1323 2560 134 49 hatre
1412 2560 178 49 directam
1546 2560 104 49 cum
1605 2560 178 49 reflexa:
1739 2560 89 49 et
1784 2560 104 49 hic
1843 2560 164 49 habebit
1947 2560 119 49 infini

1269 2602 100 44 tas.
1332 2602 163 44 probatur.
1458 2602 88 44 sit
1508 2602 63 44 a
1533 2602 138 44 notitia
1633 2602 176 44 albedinis:
1771 2602 88 44 iam
1822 2602 88 44 per
1872 2602 75 44 te
1897 2602 163 44 intellectus

1260 2639 147 48 potest
1363 2639 147 48 habere
1466 2639 117 48 bene
1539 2639 176 48 notitiam
1671 2639 176 48 reflexam
1803 2639 88 48 de
1847 2639 88 48 a.
1892 2639 117 48 Quod
1950 2639 103 48 pate-

1257 2682 86 50 qui
1306 2682 98 50 vnus
1367 2682 135 50 angelus
1465 2682 123 50 potest
1551 2682 123 50 hatere
1637 2682 147 50 notitiam
1747 2682 172 50 intuitiuam
1882 2682 74 50 de
1919 2682 74 50 a.
1943 2682 123 50 obiecto.
