2336 3306
374 237 83 46 sa
416 237 181 46 equalitur
555 237 167 46 respicit
680 237 125 46 omnes
764 237 139 46 actus:
861 237 83 46 et
903 237 97 46 non
958 237 125 46 magis
1028 237 153 46 concurrit

373 271 100 50 cum
430 271 115 50 actu
502 271 201 50 voluntatis
659 271 86 50 ad
702 271 100 50 hoc
760 271 115 50 quod
831 271 172 50 voluntas
960 271 129 50 velit
1032 271 143 50 intelle-

372 312 104 43 ctum
437 312 170 43 producere
568 312 104 43 vnam
633 312 157 43 notitiam
750 312 104 43 quam
816 312 131 43 aliam.
907 312 91 43 sed
959 312 91 43 cum
1011 312 157 43 voluntas
1116 312 52 43 si

376 350 161 44 libera:
493 350 131 44 nihil
581 350 219 44 impedimenti
756 350 117 44 est.
829 350 146 44 Dices.
931 350 102 44 vna
990 350 161 44 notitia
1092 350 73 44 for

373 387 109 47 tius
441 387 122 47 mouet
523 387 109 47 quam
591 387 149 47 altera.
699 387 109 47 modo
767 387 204 47 intellectus
930 387 163 47 producit
1038 387 136 47 notitiam

379 426 169 47 reflexam
506 426 155 47 illius.
618 426 155 47 Contra.
731 426 113 47 tunc
801 426 127 47 solum
886 426 155 47 habebit
998 426 169 47 notitiam
1111 426 70 47 pri

370 463 83 47 me
412 463 152 47 notitie
523 463 166 47 directe:
647 463 111 47 quae
717 463 152 47 videtur
828 463 180 47 intensior
966 463 83 47 et
1008 463 125 47 etiam
1077 463 97 47 perfe

378 499 126 51 ctior
462 499 84 51 si
504 499 168 51 obiectum
630 499 112 51 eius
700 499 140 51 fuerit
799 499 210 51 substantia.
967 499 154 51 Currere
1065 499 112 51 namque

379 545 84 37 ad
421 545 211 37 influentiam
590 545 126 37 celi:
674 545 98 37 vel
730 545 84 37 ad
772 545 239 37 dispositionem
969 545 183 37 corporis:
1096 545 70 37 non

372 579 165 44 videtur
492 579 105 44 ita
552 579 240 44 rationabile.
747 579 90 44 Et
793 579 150 44 simile
898 579 195 44 contingit
1048 579 90 44 de
1078 579 90 44 noti

373 615 100 48 tia
430 615 215 48 abstractiua
602 615 115 48 quae
674 615 158 48 habetir
788 615 115 48 nunc
860 615 86 48 et
903 615 100 48 non
960 615 129 48 alia:
1032 615 143 48 supposi-

372 652 88 47 to
416 652 117 47 quod
490 652 161 47 species
607 652 190 47 equaliter
753 652 146 47 mouent
856 652 161 47 quantum
973 652 103 47 est
1032 652 88 47 de
1075 652 103 47 se.
1119 652 59 47 Ui

377 688 127 49 detur
461 688 127 49 autem
546 688 113 49 esse
616 688 99 49 hic
673 688 183 49 currendum
814 688 85 49 ad
856 688 197 49 libertatem
997 688 169 49 voluntatis

374 735 105 40 Quo
434 735 120 40 fit:
509 735 90 40 vt
554 735 150 40 brutum
660 735 105 40 non
720 735 150 40 possit
825 735 150 40 habere
930 735 180 40 notitiam
1051 735 120 40 abstra

370 772 142 40 ctiuam
469 772 171 40 alicuius
597 772 171 40 reicuius
725 772 128 40 habet
810 772 156 40 species
924 772 100 40 aet
981 772 100 40 non
1024 772 156 40 alterius:

369 804 117 47 nisi
442 804 117 47 ille
515 804 161 47 species
632 804 131 47 magis
720 804 161 47 moueant
836 804 117 47 quam
909 804 131 47 alie.
997 804 131 47 Forte
1070 804 102 47 potes

376 843 127 40 dici:
461 843 141 40 quando
560 843 156 40 species
673 843 184 40 equaliter
814 843 141 40 mouent
913 843 71 40 /
942 843 212 40 intellectus
1097 843 71 40 non

376 885 145 41 potest
477 885 145 41 habere
578 885 116 41 vnam
651 885 174 41 notitiam
781 885 116 41 quin
853 885 130 41 alias
940 885 159 41 habeat:
1056 885 87 41 si
1085 885 87 41 sini

378 916 88 46 in
422 916 147 46 sphera
526 916 221 46 actiuitatis
702 916 133 46 eius.
791 916 88 46 Si
835 916 118 46 vero
909 916 236 46 transcendant
1086 916 88 46 eius

379 956 243 49 actiuitatem:
576 956 152 49 nullam
683 956 182 49 notitiam
819 956 182 49 habebit:
956 956 167 49 ceteris
1062 956 122 49 omnino

376 1000 205 43 paribus.
529 1000 119 43 Sed
598 1000 205 43 interdum
751 1000 119 43 vna
819 1000 187 43 species
955 1000 153 43 magis
1041 1000 136 43 mouet-

382 1026 88 48 et
426 1026 102 48 est
485 1026 102 48 via
543 1026 161 48 preuia:
660 1026 88 48 vt
704 1026 88 48 si
748 1026 117 48 quis
821 1026 146 48 videat
923 1026 219 48 bibliopolam
1099 1026 73 48 /
1114 1026 58 48 de

373 1067 182 44 scendit
506 1067 199 44 gradatim
655 1067 99 44 in
705 1067 199 44 notitiam
854 1067 199 44 librorum
1003 1067 99 44 in
1036 1067 149 44 particu

383 1107 143 55 lari.
478 1107 143 55 Vides
574 1107 191 55 quicquid
717 1107 95 55 in
765 1107 111 55 hac
828 1107 143 55 parte
924 1107 238 55 posuerimus:
1099 1107 79 55 rem

384 1145 157 48 ipsam
488 1145 261 48 caliginosam
679 1145 157 48 manere.

512 1184 282 44 Distinctionis
744 1184 149 44 prime
843 1184 182 44 questio
959 1184 149 44 quarta.

543 1214 140 52 Varto
637 1214 140 52 circa
731 1214 125 52 hanc
809 1214 265 52 distinctionem
1011 1214 172 52 queritur:

533 1261 88 35 an
577 1261 162 35 fruitio
695 1261 103 35 sit
754 1261 191 35 cognitio:
901 1261 88 35 et
945 1261 176 35 breuiter
1077 1261 88 35 an
1107 1261 73 35 qui

526 1293 174 52 amlibet
653 1293 142 52 actus
747 1293 221 52 voluntatis
921 1293 111 52 sit
985 1293 205 52 cognitio.
1127 1293 63 52 Et

528 1334 191 48 equaeritur
678 1334 109 48 ista
747 1334 164 48 questio:
869 1334 109 48 quia
938 1334 123 48 modus
1019 1334 123 48 conis
1088 1334 95 48 tenet

376 1378 173 37 nullum
497 1378 155 37 actum
600 1378 242 37 voluntatis
790 1378 138 37 esse
876 1378 224 37 notitiam.
1032 1378 155 37 Opposi-

381 1413 93 41 tum
434 1413 120 41 tamen
514 1413 133 41 tenent
607 1413 147 41 aliqui:
714 1413 80 41 et
754 1413 93 41 sic
807 1413 147 41 dicerem
914 1413 187 41 fruitionem
1060 1413 107 41 esse
1113 1413 67 41 non

376 1447 173 47 titiam:
502 1447 173 47 pariter
628 1447 95 47 et
676 1447 142 47 vsum.
802 1447 158 47 Contra
912 1447 221 47 positionem
1070 1447 110 47 argu-

386 1486 92 47 tur
438 1486 105 47 sic.
504 1486 105 47 quia
570 1486 171 47 superfiue
701 1486 118 47 ponit
779 1486 210 47 pluralitatem
950 1486 197 47 notitiarum:
1107 1486 79 47 et
1134 1486 52 47 in

386 1517 173 56 utiliter
515 1517 130 56 ponit
601 1517 158 56 aliquam
717 1517 101 56 rem
774 1517 115 56 esse
846 1517 187 56 notitiam:
990 1517 115 56 quod
1062 1517 101 56 non
1105 1517 72 56 est

385 1559 133 46 miuus
474 1559 237 46 inconueniens
667 1559 208 46 reputandum
830 1559 119 46 quam
904 1559 193 46 superfiue
1053 1559 148 46 ponere
1142 1559 44 46 a

377 1599 131 47 liquam
468 1599 91 47 rem
521 1599 118 47 esse:
599 1599 105 47 quia
664 1599 91 47 cum
717 1599 91 47 hoc
769 1599 105 47 quod
834 1599 118 47 ponit
913 1599 183 47 volitionem
1056 1599 105 47 esse
1109 1599 65 47 non

378 1639 176 43 titiam:
506 1639 144 43 ponit
602 1639 176 43 aliquam
730 1639 192 43 notitiam
873 1639 160 43 illius
985 1639 176 43 obiecti
1097 1639 80 43 que

379 1672 99 48 non
436 1672 99 48 est
492 1672 156 48 volitio
606 1672 99 48 nec
662 1672 170 48 nolitio:
790 1672 99 48 nec
847 1672 142 48 vnquam
946 1672 156 48 habetur
1059 1672 85 48 ex
1088 1672 99 48 volun

383 1713 105 46 tate
449 1713 105 46 sine
515 1713 105 46 alia
580 1713 158 46 notitia.
699 1713 105 46 ergo
765 1713 171 46 superfiue
896 1713 119 46 ponit
975 1713 158 46 notitiam
1081 1713 105 46 distin

379 1748 110 46 ctam
448 1748 69 46 a
476 1748 193 46 volitione:
627 1748 97 46 vel
683 1748 179 46 superflue
821 1748 193 46 volitionem
972 1748 124 46 dicit
1055 1748 110 46 esse
1110 1748 83 46 noti

384 1786 139 45 tiam.
507 1786 108 45 Sed
569 1786 154 45 potest
677 1786 123 45 dici
754 1786 123 45 quod
831 1786 108 45 hoc
893 1786 216 45 argumentum
1063 1786 108 45 non
1109 1786 77 45 con

384 1824 167 48 cludit:
505 1824 121 48 quia
581 1824 91 48 de
626 1824 136 48 eodem
717 1824 152 48 obieco
823 1824 167 48 habetur
945 1824 167 48 notitia
1051 1824 136 48 sensiti

392 1865 82 47 ua
433 1865 164 47 exterior
557 1865 69 47 /
584 1865 164 47 interior
707 1865 82 47 et
749 1865 233 47 intellectiua:
940 1865 82 47 et
981 1865 123 47 eidem
1064 1865 123 47 anime
1132 1865 55 47 in

397 1903 144 48 perent
497 1903 173 48 secundum
627 1903 144 48 multos
728 1903 202 48 loquentes:
886 1903 130 48 quare
973 1903 101 48 non
1016 1903 173 48 superfiuit

392 1946 154 43 habere
499 1946 215 43 volitionem
668 1946 107 43 que
729 1946 107 43 est
791 1946 169 43 notitia
914 1946 77 43 a
944 1946 184 43 notitiam
1067 1946 123 43 diffe-

388 1975 142 48 rentes
487 1975 142 48 specie
587 1975 128 48 circa
672 1975 114 48 idem
743 1975 185 48 obiectum.
885 1975 156 48 Insuper
999 1975 100 48 non
1056 1975 100 48 est
1099 1975 85 48 idem

400 2021 224 41 multiplicare
582 2021 112 41 res:
652 2021 84 41 et
694 2021 140 41 alicui
792 2021 98 41 rei
847 2021 112 41 dare
917 2021 126 41 talem
1001 2021 84 41 et
1043 2021 126 41 talem
1113 2021 70 41 de-

396 2053 251 45 nominationem.
603 2053 103 45 Sed
662 2053 162 45 contra.
779 2053 177 45 secundum
912 2053 118 45 hunc
986 2053 177 45 doctorem
1104 2053 88 45 qua-

391 2090 145 46 stione
493 2090 131 46 prima
580 2090 160 46 prologi
696 2090 87 46 in
740 2090 160 46 secunda
856 2090 160 46 lectura
972 2090 102 46 non
1030 2090 102 46 est
1074 2090 116 46 aliqua

398 2133 156 41 notitia
511 2133 184 41 intuitiua
653 2133 99 41 rei
710 2133 199 41 sensibilis
866 2133 184 41 distincta
1008 2133 85 41 ab
1050 2133 113 41 omni
1107 2133 71 41 sen

399 2163 141 46 satione
502 2163 180 46 exteriori.
643 2163 77 46 et
682 2163 116 46 ratio
759 2163 103 46 est:
823 2163 103 46 quia
887 2163 154 46 sensatio
1003 2163 141 46 homnins
1093 2163 90 46 imme-

394 2205 127 45 diate
479 2205 184 45 recipitur
620 2205 85 45 in
663 2205 212 45 intellectu:
832 2205 85 45 et
875 2205 113 45 illa
946 2205 99 45 vna
1002 2205 170 45 sufficit
1115 2205 71 45 sud

402 2241 205 45 susceptiuo
563 2241 190 45 immediate
710 2241 88 45 ad
754 2241 117 45 omne
827 2241 176 45 iudicium
959 2241 176 45 habendum
1091 2241 88 45 de
1120 2241 73 45 sen

396 2279 71 42 si
432 2279 118 42 bonili
514 2279 94 42 quod
573 2279 82 42 est
620 2279 94 42 eius
679 2279 153 42 obiectum:
796 2279 71 42 et
831 2279 82 42 sic
878 2279 94 42 alia
937 2279 176 42 superfluit.
1078 2279 82 42 ita
1114 2279 82 42 vide-

408 2314 87 47 tur
457 2314 75 47 in
495 2314 175 47 proposito:
632 2314 87 47 nam
682 2314 137 47 notitia
782 2314 100 47 quae
844 2314 87 47 non
894 2314 87 47 est
944 2314 137 47 volitio
1043 2314 75 47 ad
1081 2314 112 47 omnia
1143 2314 50 47 iu

403 2355 135 41 dicia
493 2355 180 41 sufficit
628 2355 105 41 suo
688 2355 225 41 susceptiuo:
868 2355 105 41 nec
928 2355 165 41 volitio
1048 2355 120 41 ipsa
1108 2355 90 41 ali-

400 2394 172 40 qualiter
529 2394 86 40 ad
571 2394 100 40 hoc
629 2394 200 40 formaliter
786 2394 172 40 prodest:
915 2394 143 40 igitur
1015 2394 86 40 in
1058 2394 115 40 alio
1115 2394 72 40 su-

405 2431 145 40 sceptiuo
514 2431 85 40 non
562 2431 85 40 est
611 2431 97 40 alia
671 2431 133 40 notitia
768 2431 97 40 quae
829 2431 85 40 sit
877 2431 145 40 volitio.
986 2431 97 40 idem
1047 2431 97 40 enim
1107 2431 85 40 est
1144 2431 48 40 su

405 2469 194 42 sceptiuum
555 2469 269 42 intellectionis
779 2469 90 42 et
824 2469 209 42 volitionis
989 2469 180 42 secundum
1108 2469 75 42 eum

436 2509 104 46 hec
495 2509 177 46 obiectio
628 2509 133 46 habet
717 2509 222 46 apparentiam
894 2509 89 46 in
939 2509 207 46 principiis
1086 2509 104 46 huius

396 2549 136 42 viri:
487 2549 106 42 cui
547 2549 106 42 est
608 2549 152 42 facile
714 2549 121 42 dare
790 2549 243 42 responsiones
987 2549 106 42 cum
1048 2549 136 42 parua
1123 2549 61 42 pr

405 2587 164 37 teruia.
524 2587 104 37 sed
584 2587 164 37 tenendo
703 2587 224 37 fundamentum
882 2587 89 37 in
927 2587 104 37 vno
986 2587 75 37 /
1016 2587 119 37 nego
1091 2587 104 37 eum
1135 2587 60 37 in

400 2624 134 39 alio.
489 2624 104 39 nam
549 2624 163 39 ponendo
667 2624 178 39 notitiam
801 2624 208 39 sensitiuam
964 2624 89 39 et
994 2624 193 39 intellectim

406 2659 100 61 uam
463 2659 199 61 distinctas
619 2659 85 61 de
662 2659 128 61 eodem
748 2659 171 61 obiecto:
876 2659 100 61 sic
933 2659 157 61 volitio
1047 2659 71 61 a
1061 2659 128 61 notitia

1231 227 174 52 habentur
1362 227 87 52 de
1406 227 131 52 eodem
1493 227 174 52 obiecto.
1653 227 160 52 Secundo
1769 227 189 52 arguitur.
1914 227 87 52 si
1943 227 87 52 ali-

1232 276 107 43 quis
1299 276 174 43 cognoscat
1432 276 147 43 aliquid
1540 276 107 43 quod
1607 276 94 43 non
1660 276 147 43 diligit
1767 276 94 43 nec
1821 276 121 43 odit:
1901 276 80 43 et
1928 276 107 43 postea

1229 311 141 49 stante
1328 311 141 49 priori
1426 311 155 49 notitia
1539 311 169 49 incipiat
1666 311 183 49 diligere:
1807 311 198 49 sequeretur
1948 311 85 49 quod

1231 346 122 54 plus
1307 346 229 54 coguosceret
1490 346 122 54 quam
1566 346 153 54 antea.
1673 346 107 54 hoc
1734 346 107 54 est
1795 346 153 54 contra
1887 346 153 54 experien

1230 391 140 39 tiam.
1355 391 94 39 Et
1402 391 250 39 confirmatur.
1605 391 109 39 vel
1667 391 187 39 dilectio
1808 391 109 39 qua
1870 391 156 39 diligo
1964 391 78 39 sor

1237 427 90 46 tem
1288 427 77 46 in
1327 427 179 46 praesentia
1468 427 90 46 est
1519 427 167 46 intuitiua
1647 427 90 46 vel
1699 427 205 46 abstractiua.
1865 427 90 46 non
1904 427 128 46 secundum

1242 461 94 43 cum
1295 461 94 43 sit
1349 461 94 43 rei
1402 461 201 43 praesentis.
1563 461 94 43 nec
1617 461 147 43 primum:
1724 461 107 43 quia
1791 461 107 43 tunc
1858 461 80 43 de
1898 461 121 43 eodem
1965 461 67 43 ob-

1235 507 145 39 lecto
1331 507 193 39 adequato
1476 507 96 39 in
1524 507 145 39 eadem
1621 507 193 39 potentia
1766 507 209 39 immediata
1910 507 129 39 essent

1241 541 101 47 pue
1298 541 158 47 notitie
1413 541 202 47 intuitiue.
1601 541 86 47 Ad
1644 541 173 47 secundum
1774 541 158 47 concedo
1889 541 115 47 quod
1947 541 86 47 pius

1240 581 183 45 cognoscet
1380 581 112 45 quam
1451 581 126 45 antea
1535 581 197 45 extensiue.
1690 581 84 45 et
1732 581 112 45 nego
1802 581 112 45 quod
1872 581 98 45 sit
1915 581 112 45 contra

1239 617 276 42 experientiam:
1466 617 130 42 immo
1547 617 113 42 vix
1612 617 211 42 experimur
1774 617 227 42 oppositum.
1968 617 65 42 Ad

1227 654 237 49 confirmationem
1425 654 119 49 dico:
1504 654 105 49 quod
1570 654 158 49 dilectio
1688 654 105 49 quae
1754 654 132 49 diligo
1846 654 132 49 sortem
1939 654 79 49 in
1965 654 66 49 pre

1236 688 151 40 sentia
1342 688 106 40 est
1402 688 166 40 notitia
1523 688 212 40 intuitiua:
1690 688 91 40 et
1735 688 106 40 cum
1796 688 106 40 hoc
1856 688 136 40 habeo
1932 688 106 40 noti-

1234 728 114 49 tiam
1305 728 200 49 intuitiuam
1462 728 214 49 sensitiuam.
1633 728 100 49 nec
1690 728 100 49 hoc
1747 728 200 49 inconuenit
1889 728 143 49 plusquam

1226 765 97 53 de
1274 765 145 53 eodem
1371 765 178 53 obiecto
1500 765 161 53 habere
1613 765 97 53 in
1662 765 145 53 eodem
1759 765 194 53 subiecto
1904 765 129 53 puta
1968 765 65 53 in

1237 806 136 41 anima
1328 806 242 41 intellectiua
1524 806 121 41 duas
1600 806 197 41 notitias:
1751 806 151 41 quarum
1857 806 106 41 vna
1902 806 136 41 vocatur

1236 843 174 49 sensitiua
1370 843 80 49 et
1410 843 107 49 alia
1477 843 215 49 intellectiua
1651 843 67 49 /
1678 843 107 49 quae
1745 843 134 49 specie
1826 843 201 49 distinguuntur

1226 879 116 43 Sed
1293 879 133 43 iste
1376 879 166 43 doctor
1491 879 182 43 ponendo
1624 879 133 43 vnam
1707 879 199 43 notitiam
1839 879 199 43 sensitiuam

1234 919 165 47 dicendo
1354 919 120 47 quod
1429 919 105 47 non
1489 919 195 47 incouenit
1640 919 150 47 habere
1745 919 120 47 duas
1820 919 195 47 notitias:
1955 919 75 47 qua

1238 955 101 45 rum
1295 955 101 45 vna
1353 955 101 45 est
1411 955 159 45 volitio
1526 955 72 45 a
1555 955 115 45 alia
1627 955 202 45 sensitiua:
1786 955 101 45 sed
1829 955 202 45 inconueniens

1234 993 100 41 est
1291 993 129 41 hatre
1377 993 114 41 duas
1448 993 86 41 in
1491 993 215 41 intellectum
1663 993 172 41 respectu
1792 993 157 41 eiusdem
1892 993 143 41 obiecti.

1235 1033 194 40 voluntarie
1387 1033 125 40 autem
1470 1033 194 40 loqueretur
1623 1033 138 40 contra
1720 1033 138 40 alios:
1817 1033 180 40 reprobans
1941 1033 97 40 illud

1239 1072 108 42 quod
1306 1072 175 42 habeantur
1440 1072 81 42 in
1480 1072 121 42 eadem
1561 1072 121 42 anima
1642 1072 94 42 due
1696 1072 148 42 notitie
1803 1072 188 42 intuitiue:
1937 1072 108 42 quarum

1233 1109 105 42 vna
1293 1109 105 42 est
1353 1109 195 42 sensitiua
1503 1109 90 42 et
1548 1109 120 42 alia
1623 1109 255 42 intellectiva.
1864 1109 105 42 Sed
1909 1109 120 42 contra

1238 1142 126 51 istud
1322 1142 183 51 arguitur.
1463 1142 183 51 recedente
1603 1142 126 51 sorte
1688 1142 126 51 manet
1772 1142 112 51 ipsa
1842 1142 183 51 dilectio:
1969 1142 70 51 sed

1236 1182 166 43 notitia
1357 1182 197 43 intuitiua
1508 1182 106 43 non
1569 1182 136 43 manet
1660 1182 166 43 obiecto
1781 1182 182 43 absente.
1902 1182 136 43 igitur.

1266 1219 179 48 Preterea
1400 1219 179 48 secundum
1534 1219 134 48 istum
1624 1219 134 48 modum
1713 1219 209 48 defendendi
1862 1219 179 48 ponerentur

1240 1259 153 51 quatuor
1351 1259 167 51 notitie:
1476 1259 139 51 quarum
1574 1259 97 51 vna
1629 1259 97 51 est
1685 1259 153 51 volitio
1796 1259 97 51 vel
1851 1259 153 51 nolitio
1963 1259 69 51 /
1977 1259 69 51 vna

1238 1294 170 44 sensitiua
1369 1294 157 44 exterior
1487 1294 65 44 /
1513 1294 79 44 et
1552 1294 170 44 sensitiua
1683 1294 157 44 interior
1801 1294 65 44 /
1827 1294 79 44 et
1854 1294 196 44 intellectiva.

1265 1336 138 47 Primum
1361 1336 152 47 istorum
1472 1336 97 47 non
1527 1336 138 47 valet.
1623 1336 152 47 negatur
1734 1336 110 47 enim
1803 1336 110 47 quod
1872 1336 138 47 maneat
1954 1336 83 47 illa

1238 1371 178 44 dilectio
1372 1371 193 44 intuitiua
1521 1371 164 44 absente
1640 1371 178 44 obiecto:
1773 1371 104 44 sed
1833 1371 178 44 succedit
1952 1371 89 44 alia

1237 1413 223 47 abstractiua.
1419 1413 112 47 immo
1488 1413 168 47 dilectio
1614 1413 112 47 quae
1684 1413 168 47 dependet
1810 1413 70 47 a
1838 1413 154 47 notitia
1935 1413 112 47 intui-

1242 1448 100 50 tiua
1304 1448 100 50 quae
1366 1448 87 50 est
1416 1448 150 50 praecise
1528 1448 112 50 actus
1603 1448 175 50 voluntatis
1741 1448 62 50 /
1766 1448 125 50 specie
1853 1448 200 50 distinguitur
2003 1448 37 50 a

1233 1486 209 45 dilectione
1398 1486 209 45 dependente
1562 1486 75 45 a
1592 1486 165 45 notitia
1712 1486 239 45 abstractiua.
1906 1486 90 45 vt
1936 1486 105 45 patet

1243 1523 85 41 de
1285 1523 199 41 dilectione
1442 1523 100 41 vie
1499 1523 85 41 et
1541 1523 156 41 patrie.
1684 1523 85 41 Ad
1726 1523 128 41 aliud
1812 1523 199 41 concederet
1954 1523 85 41 illa

1240 1561 98 41 tum
1296 1561 168 41 quamquam
1422 1561 112 41 enim
1492 1561 168 41 possumus
1618 1561 154 41 opinari
1729 1561 70 41 /
1757 1561 98 41 non
1813 1561 140 41 temere
1911 1561 98 41 est
1953 1561 98 41 abeu-

1240 1598 95 51 dum
1295 1598 81 51 ab
1335 1598 163 51 opinione
1457 1598 257 51 coni:praesertim
1674 1598 95 51 cum
1728 1598 163 51 rationes
1850 1598 136 51 prohac
1932 1598 108 51 opinio

1239 1634 90 52 ne
1284 1634 149 52 modici
1388 1634 119 52 sint
1463 1634 164 52 mometi.
1582 1634 90 52 Et
1627 1634 194 52 expraesse
1776 1634 104 52 est
1836 1634 119 52 btus
1896 1634 149 52 Augusti.

1234 1671 83 53 in
1276 1671 194 53 oppositum:
1428 1671 111 53 vbi.
1497 1671 83 53 x.
1539 1671 83 53 de
1580 1671 180 53 trinitate
1719 1671 152 53 laborat
1829 1671 83 53 ad
1871 1671 138 53 longum
1954 1671 97 53 oiuen

1240 1714 114 43 dere
1311 1714 114 43 quod
1382 1714 100 43 non
1439 1714 171 43 possumus
1568 1714 128 43 amare
1654 1714 200 43 incognita.
1810 1714 214 43 sufficiebat
1967 1714 86 43 enim

1242 1750 128 43 dicere
1332 1750 103 43 quod
1396 1750 154 43 dilectio
1512 1750 90 43 est
1563 1750 154 43 cognitio
1679 1750 231 43 essentialiter:
1871 1750 77 43 et
1910 1750 116 43 illam
1974 1750 77 43 pro-

1249 1787 113 44 bare
1320 1787 85 44 si
1362 1787 198 44 volitionem
1518 1787 99 44 vel
1575 1787 198 44 nolitionem
1730 1787 227 44 existimasset
1900 1787 156 44 notitiam.

1246 1828 182 46 teneamus
1382 1828 121 46 ergo
1458 1828 152 46 nullum
1564 1828 136 46 actum
1655 1828 212 46 voluntatis
1822 1828 121 46 esse
1882 1828 167 46 notitiam.

1277 1863 111 46 Sed
1341 1863 159 46 contra
1452 1863 143 46 istud
1547 1863 239 46 argumentor.
1738 1863 127 46 tunc
1818 1863 191 46 voluntas
1945 1863 111 46 esset

1239 1904 131 47 ceca:
1327 1904 116 47 quia
1399 1904 131 47 nihil
1486 1904 218 47 cognosceret
1661 1904 102 47 per
1719 1904 131 47 actum
1806 1904 116 47 suum
1878 1904 87 47 de
1907 1904 131 47 obiecto

1239 1937 113 55 sed
1303 1937 161 55 inuisa
1416 1937 193 55 diligere
1561 1937 210 55 possumus:
1723 1937 210 55 incognita
1868 1937 177 55 nequaquam

1266 1968 134 53 Insuper
1364 1968 134 53 aliquis
1462 1968 122 53 potest
1547 1968 98 53 esse
1608 1968 134 53 beatus:
1706 1968 86 53 qui
1755 1968 110 53 tamen
1828 1968 86 53 nec
1877 1968 134 53 videret
1962 1968 86 53 deum:

1233 2016 102 41 nec
1292 2016 234 41 cognosceret.
1511 2016 88 41 Ad
1555 2016 146 41 primum
1658 2016 161 41 dicitur
1775 2016 117 41 quod
1848 2016 102 41 non
1892 2016 161 41 sequitur:

1253 2051 156 46 quaeuis
1366 2051 113 46 enim
1437 2051 170 46 voluntas
1564 2051 99 46 non
1621 2051 99 46 sit
1677 2051 184 46 cognitiua
1819 2051 99 46 per
1861 2051 184 46 volitionem:

1250 2095 91 49 est
1302 2095 117 49 tamen
1380 2095 169 49 cognitiua
1510 2095 91 49 per
1562 2095 247 49 intellectionem.
1769 2095 117 49 eadem
1847 2095 130 49 namque
1938 2095 91 49 res
1977 2095 65 49 est

1244 2129 200 43 intellectus
1404 2129 80 43 et
1444 2129 173 43 voluntas.
1577 2129 93 43 non
1630 2129 160 43 possumus
1751 2129 120 43 autem
1831 2129 160 43 diligere
1937 2129 107 43 inuisa

1249 2166 238 48 naturaliter:
1442 2166 134 48 tamen
1531 2166 178 48 possumus
1665 2166 89 48 de
1709 2166 178 48 potentia
1843 2166 104 48 dei
1888 2166 163 48 absoluta.

1281 2205 82 51 Ad
1322 2205 123 51 aliud
1404 2205 150 51 concedo
1513 2205 109 51 quod
1581 2205 150 51 aliquis
1691 2205 137 51 potest
1786 2205 109 51 esse
1855 2205 137 51 beatus
1937 2205 109 51 aliqua

1241 2240 221 54 beatitudine
1418 2240 103 54 non
1477 2240 162 54 videndo
1595 2240 118 54 deum
1669 2240 88 54 de
1713 2240 177 54 potentia
1846 2240 103 54 dei
1890 2240 162 54 absoluta:

1251 2280 171 47 similiter
1383 2280 92 47 non
1435 2280 171 47 diligendo
1567 2280 105 47 deum
1633 2280 105 47 quis
1699 2280 132 47 potest
1791 2280 105 47 esse
1857 2280 132 47 beatus
1937 2280 105 47 aliqua

1252 2317 267 41 beatificatione:
1477 2317 169 41 scilicet
1603 2317 155 41 visione
1716 2317 197 41 beatifica:
1870 2317 98 41 cum
1927 2317 126 41 visio
1997 2317 56 41 et

1248 2356 177 42 dilectio
1381 2356 147 42 numero
1484 2356 74 42 e
1514 2356 147 42 specie
1617 2356 251 42 distinguantur
1823 2356 133 42 inter
1911 2356 103 42 se.
1956 2356 88 42 quam

1247 2395 138 44 cumque
1344 2395 110 44 enim
1413 2395 166 44 voluerit
1537 2395 110 44 vnam
1606 2395 152 44 illarum
1717 2395 193 44 qualitatum
1869 2395 110 44 alia
1924 2395 124 44 remanen

1257 2434 74 48 te
1294 2434 172 48 corrumpere
1429 2434 135 48 potest.
1528 2434 86 48 Sed
1577 2434 111 48 forte
1651 2434 123 48 dices.
1737 2434 74 48 ex
1774 2434 99 48 illo
1836 2434 148 48 sequitur
1946 2434 99 48 quod
1996 2434 49 48 vo

1253 2469 145 46 luntas
1354 2469 159 46 aliquod
1469 2469 159 46 diligat
1585 2469 87 46 et
1629 2469 145 46 nescit
1730 2469 116 46 quod
1802 2469 174 46 diligat:
1932 2469 116 46 deum
1990 2469 58 46 an

1256 2506 200 48 creaturam.
1413 2506 114 48 quod
1484 2506 100 48 est
1541 2506 143 48 contra
1641 2506 157 48 naturam
1755 2506 214 48 dilectionis
1912 2506 143 48 beatifi-

1255 2549 98 44 ce:
1311 2549 112 44 quae
1381 2549 126 44 debet
1466 2549 112 44 esse
1536 2549 253 44 perfectissima.
1747 2549 169 44 Preterea
1873 2549 98 44 per
1930 2549 126 44 illum
2000 2549 42 44 a

1258 2586 99 41 ctum
1320 2586 87 41 non
1369 2586 124 41 tendit
1456 2586 74 41 in
1493 2586 99 41 suum
1555 2586 161 41 obiectum:
1679 2586 87 41 nec
1729 2586 112 41 ipsum
1803 2586 87 41 est
1853 2586 149 41 praesens
1952 2586 99 41 ratioe

1256 2625 211 40 obiectiuali
1425 2625 112 40 Quod
1495 2625 183 40 probatur:
1635 2625 112 40 quia
1706 2625 112 40 stat
1776 2625 169 40 notitiam
1888 2625 169 40 intuitiuam

1249 2657 144 63 alicuius
1357 2657 84 63 rei
1405 2657 96 63 esse
1465 2657 72 63 in
1501 2657 180 63 intellectu:
1645 2657 72 63 et
1682 2657 108 63 tamen
1754 2657 108 63 illam
1826 2657 120 63 habens
1910 2657 84 63 non
1946 2657 108 63 videbit
