2379 3303
448 222 90 56 ad
493 222 135 56 actum
583 222 225 56 voluntatis.
763 222 75 56 ⁋
793 222 90 56 Ad
838 222 150 56 aliud:
944 222 180 56 capiendo
1064 222 180 56 complacen-

445 268 119 45 tiam
519 268 104 45 pro
579 268 238 45 delectatione
772 268 134 45 maior
861 268 193 45 negaretur
1009 268 89 45 ab
1054 268 148 45 aliis.
1158 268 74 45 ⁋
1188 268 89 45 Ad

452 313 231 36 auctoritates
640 313 174 36 dicerent
770 313 130 36 actus
857 313 202 36 voluntatis
1016 313 116 36 esse
1073 313 174 36 delectatio

449 345 99 46 nes
505 345 99 46 per
562 345 240 46 causalitatem:
760 345 85 46 et
802 345 99 46 non
859 345 99 46 per
915 345 240 46 idemptitatem.
1113 345 99 46 Sed
1155 345 85 46 dici

452 382 136 42 doctor
548 382 95 42 hoc
602 382 95 42 non
656 382 122 42 posse
738 382 122 42 stare
820 382 95 42 cum
874 382 150 42 August.
983 382 136 42 xiiii.
1078 382 82 42 de
1105 382 136 42 ciuitate

447 424 88 42 dei
498 424 101 42 cap.
561 424 76 42 v.
599 424 88 42 vbi
649 424 88 42 sic
700 424 101 42 ait:
763 424 101 42 quid
826 424 88 42 est
877 424 164 42 cupiditas
1003 424 76 42 et
1041 424 139 42 letitia
1142 424 101 42 nisi
1192 424 51 42 vo

447 452 155 48 luntas
555 452 93 48 in
602 452 140 48 eorum
695 452 233 48 consensione
881 452 109 48 que
943 452 186 48 volumus:
1082 452 93 48 Et
1129 452 124 48 quid
1191 452 47 48 m

449 492 94 40 tus
502 492 120 40 atque
582 492 174 40 tristicia
716 492 107 40 nisi
783 492 161 40 voluntas
904 492 80 40 in
944 492 201 40 dissensione
1104 492 80 40 ab
1144 492 94 40 his
1184 492 54 40 et

447 527 174 45 nolumus
574 527 79 45 /
606 527 111 45 sed
669 527 111 45 cum
733 527 238 45 consentimus
923 527 206 45 appetendo
1081 527 95 45 ea
1129 527 111 45 que
1177 527 63 45 vo

458 567 124 45 lumus
541 567 69 45 /
568 567 179 45 cupiditas
705 567 110 45 est:
774 567 96 45 cum
829 567 124 45 autem
911 567 206 45 consentimus
1076 567 151 45 fruendo
1172 567 69 45 his

451 599 91 46 que
503 599 142 46 volumus
606 599 65 46 /
632 599 142 46 leticia
736 599 155 46 vocatur:
853 599 142 46 constat
956 599 130 46 inquit
1047 599 104 46 quod
1099 599 142 46 cupiditas

440 641 95 45 est
495 641 108 45 amor
562 641 162 45 inhians:
684 641 108 45 illa
751 641 122 45 autem
832 641 95 45 non
887 641 95 45 est
941 641 176 45 causalis:
1076 641 95 45 sed
1116 641 122 45 idempti

454 675 88 42 ca:
505 675 100 42 ergo
567 675 88 42 nec
618 675 113 42 alia.
693 675 63 42 ⁋
718 675 151 42 Dicerent
831 675 176 42 aduersarii
969 675 113 42 forte
1044 675 100 42 quod
1107 675 125 42 dictio
1182 675 63 42 ssi

447 719 101 38 cut)
511 719 89 38 non
561 719 114 38 dicit
637 719 177 38 frequanter
776 719 139 38 oimodam
877 719 215 38 similitudinem
1054 719 152 38 secundum
1155 719 89 38 aucto

454 750 101 44 res.
517 750 63 44 ⁋
543 750 126 44 Quarto
631 750 164 44 arguitur.
757 750 88 44 ome
807 750 101 44 quod
870 750 88 44 est
920 750 76 44 in
958 750 113 44 anima
1034 750 138 44 secundo
1122 750 113 44 ethicor

452 790 93 39 est
505 790 160 39 potentia
625 790 67 39 /
651 790 120 39 actus
731 790 67 39 /
758 790 93 39 vel
811 790 160 39 habitus:
931 790 186 39 delectatio
1077 790 80 39 et
1104 790 133 39 tristiti

451 823 96 41 non
506 823 110 41 sunt
575 823 151 41 habitus
685 823 96 41 nec
740 823 179 41 potentia.
878 823 110 41 ergo
947 823 110 41 sunt
1016 823 138 41 actus.
1112 823 69 41 ⁋
1140 823 83 41 Et
1167 823 83 41 con-

451 862 164 47 firmatur
574 862 164 47 querendo
697 862 150 47 obiecta
807 862 150 47 istarum
916 862 191 47 passionum.
1066 862 96 47 Sed
1107 862 137 47 dicerent

455 899 182 46 passiones
595 899 98 46 non
651 899 140 46 debere
749 899 140 46 habere
847 899 168 46 obiecta:
972 899 98 46 vel
1028 899 84 46 si
1070 899 168 46 habeant:
1182 899 56 46 ha

453 935 116 43 bent
526 935 131 43 eadem
613 935 102 43 cum
671 935 116 43 actu
744 935 218 43 voluntatis.
918 935 73 43 ⁋
947 935 145 43 Rursus
1048 935 131 43 omnia
1121 935 116 43 possun

457 974 153 43 saluari
568 974 97 43 non
624 974 153 43 ponendo
736 974 125 43 istas
819 974 181 43 passiones
958 974 167 43 realiter
1070 974 167 43 distinctat

445 1015 82 42 ab
486 1015 150 42 actibus
595 1015 190 42 voluntatis
745 1015 82 42 et
785 1015 218 42 intellectus.
962 1015 95 42 sed
1016 1015 95 42 res
1071 1015 95 42 non
1125 1015 109 42 sunt
1180 1015 54 42 mu

453 1048 180 45 tiplicande
595 1048 142 45 gratis.
698 1048 103 45 ergo
762 1048 154 45 incassum
878 1048 154 45 ponuntur
994 1048 167 45 passiones
1109 1048 129 45 distinct

458 1080 85 48 ab
500 1080 155 48 actibus
613 1080 212 48 voluntatis.
783 1080 71 48 ⁋
811 1080 99 48 Sed
868 1080 141 48 contra
967 1080 127 48 istam
1037 1080 198 48 conclusionen

445 1121 188 43 arguitur.
589 1121 130 43 demon
676 1121 145 43 maxime
777 1121 159 43 diligit
893 1121 101 43 se:
951 1121 87 43 et
994 1121 130 43 tamen
1081 1121 101 43 non
1124 1121 116 43 gaudet

459 1159 96 43 ergo
519 1159 120 43 aliqua
603 1159 144 43 dilectio
711 1159 84 43 non
759 1159 84 43 est
807 1159 180 43 delectatio:
952 1159 168 43 antecedens
1084 1159 120 43 patet.
1156 1159 84 43 xiiii

448 1197 88 40 de
492 1197 176 40 ciuitate
624 1197 103 40 dei
683 1197 132 40 capi.
771 1197 161 40 vltimo.
889 1197 176 40 fecerunt
1021 1197 117 40 duas
1080 1197 161 40 ciuitates

451 1236 108 38 duo
512 1236 154 38 amores
620 1236 124 38 etc.
698 1236 77 38 ⁋
728 1236 139 38 Dicit
821 1236 124 38 iste
898 1236 154 38 doctor
1006 1236 108 38 non
1068 1236 139 38 omnis
1145 1236 93 38 dile

458 1272 108 41 ctio
525 1272 94 41 est
579 1272 202 41 delectatio:
741 1272 94 41 sed
795 1272 108 41 bene
862 1272 148 41 contra.
970 1272 94 41 Sed
1024 1272 121 41 nihil
1105 1272 121 41 dicit
1173 1272 67 41 qun

461 1311 166 42 dilectio
586 1311 97 42 est
641 1311 194 42 delectatio
794 1311 69 42 a
822 1311 97 42 que
877 1311 111 42 non.
947 1311 194 42 caliginose
1099 1311 125 42 illud
1169 1311 69 42 per

457 1345 182 48 transit.
594 1345 182 48 Refellam
730 1345 213 48 argumentum
897 1345 91 48 in
943 1345 228 48 aduersarios
1110 1345 137 48 queren-

458 1381 83 43 do
500 1381 83 43 ab
541 1381 97 43 eis
597 1381 97 43 cum
653 1381 167 43 dilectio
778 1381 167 43 secundum
903 1381 97 43 eos
958 1381 139 43 causet
1042 1381 208 43 delectationem

452 1420 130 42 quare
538 1420 115 42 illa
610 1420 173 42 dilectio
740 1420 101 42 non
797 1420 144 42 causat
898 1420 158 42 gaudium
1013 1420 86 42 in
1057 1420 173 42 demoneus
1172 1420 72 42 re-

451 1456 213 42 spondebunt
618 1456 137 42 actus
709 1456 198 42 actiuorum
861 1456 122 42 sunt
937 1456 91 42 in
983 1456 182 42 patiente
1119 1456 122 42 bene
1180 1456 61 42 di

454 1491 144 46 sposito:
562 1491 132 46 secundo
658 1491 72 46 de
694 1491 120 46 anima.
778 1491 96 46 modo
838 1491 108 46 autem
911 1491 108 46 habet
983 1491 108 46 anima
1055 1491 168 46 tristitiam
1175 1491 72 46 oper

448 1533 168 47 positam:
574 1533 98 47 sed
630 1533 182 47 excellens
771 1533 182 47 tristitia
911 1533 182 47 corrumpit
1052 1533 126 47 omnem
1122 1533 112 47 delect

455 1567 154 46 tionem.
567 1567 112 46 vii.
637 1567 182 46 ethicorum
778 1567 84 46 et
820 1567 98 46 hec
876 1567 182 46 responsio
1016 1567 126 46 nobis
1087 1567 154 46 sufficiet

457 1604 71 40 ⁋
485 1604 157 40 Secundo
599 1604 185 40 arguitur.
742 1604 114 40 onis
813 1604 157 40 volitio
927 1604 100 40 vel
984 1604 157 40 nolitio
1098 1604 100 40 est
1155 1604 86 40 in
1184 1604 57 40 po

446 1642 157 46 testate
560 1642 143 46 nostra
660 1642 171 46 secundum
788 1642 200 46 Augustinum
945 1642 128 46 primo
1016 1642 228 46 retractationum

451 1682 180 39 capitulo
586 1682 135 39 nono.
676 1682 135 39 nihil
766 1682 105 39 est
826 1682 105 39 tam
887 1682 90 39 in
932 1682 195 39 potestate
1067 1682 180 39 voluntatis

446 1714 188 43 immediate
590 1714 116 43 quam
663 1714 116 43 ipsa
735 1714 188 43 voluntas.
880 1714 145 43 aliqua
981 1714 203 43 delectatio
1140 1714 101 43 non
1184 1714 72 43 est

448 1751 87 46 in
491 1751 188 46 potestate
635 1751 159 46 nostra.
751 1751 115 46 ergo
823 1751 144 46 aliqua
924 1751 202 46 delectatio
1082 1751 101 46 non
1140 1751 101 46 est
1183 1751 58 46 vo

456 1788 104 45 litio
526 1788 81 45 vel
572 1788 138 45 nolitio.
675 1788 184 45 consequentia
825 1788 81 45 est
871 1788 69 45 in
906 1788 127 45 baroco:
998 1788 69 45 et
1033 1788 138 45 premisse
1125 1788 115 45 videntum

458 1824 145 42 aperte.
563 1824 66 42 ⁋
589 1824 118 42 Item.
668 1824 79 42 x.
708 1824 171 42 ethicorum
839 1824 105 42 cap.
905 1824 118 42 iiii.
984 1824 184 42 delectatio
1115 1824 132 42 perficit

451 1864 213 38 operationem
621 1864 100 38 non
678 1864 85 38 vt
721 1864 156 38 habitus
835 1864 100 38 qui
892 1864 142 38 inest:
991 1864 100 38 sed
1048 1864 128 38 sicut
1119 1864 128 38 superue

454 1900 138 42 niens
546 1900 154 42 quidam
654 1900 138 42 finis
746 1900 138 42 sicut
838 1900 92 42 in
884 1900 200 42 iuuenibus
1023 1900 215 42 pulchritudo.

463 1939 75 43 ⁋
493 1939 90 43 Ad
538 1939 150 43 primum
643 1939 120 43 nego
718 1939 180 43 maiorem.
853 1939 150 43 alique
958 1939 120 43 sunt
1033 1939 210 43 volitiones
1183 1939 60 43 et

456 1975 213 46 nolitiones
623 1975 228 46 naturaliter
805 1975 213 46 causabiles
972 1975 91 46 ex
1003 1975 243 46 apprehensioni-

463 2013 101 41 bus
520 2013 158 41 primis:
635 2013 86 41 et
679 2013 101 41 hoc
736 2013 130 41 alibi
823 2013 158 41 patebit
938 2013 86 41 de
981 2013 158 41 motibus
1096 2013 130 41 primo
1168 2013 72 41 pri

457 2050 115 44 mis.
528 2050 86 44 Si
571 2050 143 44 alicui
671 2050 129 44 esset
757 2050 200 44 prohibitum
915 2050 143 44 mouere
1015 2050 129 44 manus
1101 2050 100 44 vel
1144 2050 100 44 super

450 2090 163 42 cilium:
569 2090 89 42 et
613 2090 193 42 inopinate
762 2090 163 42 caderet
880 2090 148 42 grauis
984 2090 133 42 petra
1073 2090 74 42 a
1103 2090 133 42 tecto
1177 2090 74 42 non

460 2132 95 36 est
515 2132 122 36 situm
596 2132 81 36 in
637 2132 176 36 facultate
772 2132 108 36 viri
840 2132 108 36 quin
908 2132 176 36 supecilia
1044 2132 149 36 claudat
1152 2132 95 36 vel
1193 2132 54 36 ma

466 2161 107 47 nus
527 2161 168 47 apponat
649 2161 91 47 ad
694 2161 137 47 caput
786 2161 122 47 ante
862 2161 198 47 completam
999 2161 244 47 deliberationem

455 2199 128 40 sicut
540 2199 157 40 aliquis
654 2199 128 40 actus
740 2199 200 40 voluntatis
897 2199 100 40 est
954 2199 86 40 in
996 2199 185 40 potestate
1125 2199 128 40 nostra:

455 2237 153 41 aliquis
567 2237 112 41 vero
636 2237 112 41 non:
706 2237 98 41 sic
762 2237 139 41 aliqua
860 2237 181 41 tristitia
999 2237 84 41 et
1041 2237 139 41 aliqua
1124 2237 126 41 delecta

464 2276 93 43 tio
517 2276 80 43 in
557 2276 173 43 potestate
690 2276 146 43 nostra:
796 2276 133 43 aliqua
890 2276 106 43 vero
956 2276 106 43 non.
1023 2276 93 43 Nam
1076 2276 146 43 dicitur
1169 2276 80 43 nolo

464 2311 127 44 peccam
553 2311 165 44 preterita
680 2311 127 44 fuisse
768 2311 139 44 propter
870 2311 114 44 deum:
946 2311 114 44 illud
1022 2311 114 44 nolle
1098 2311 89 44 est
1136 2311 114 44 tristi-

460 2354 100 38 tia
517 2354 215 38 spotestance
689 2354 172 38 causata.
818 2354 72 38 ⁋
847 2354 86 38 Ad
890 2354 144 38 aliud:
991 2354 115 38 quis
1062 2354 129 38 habet
1134 2354 115 38 compla

460 2386 152 46 centiam
571 2386 165 46 reflexam
695 2386 124 46 super
777 2386 207 46 operationem
943 2386 124 46 eius:
1025 2386 83 46 et
1067 2386 110 46 illa
1122 2386 124 46 parfici

463 2425 70 44 ⁋
491 2425 141 44 Tertio
589 2425 169 44 arguitur
716 2425 112 44 sic.
786 2425 183 44 possibile
927 2425 98 44 est
983 2425 141 44 augeri
1067 2425 183 44 dilectionem

457 2459 83 46 in
499 2459 138 46 aliquo
596 2459 166 46 respectu
720 2459 166 46 alicuius
845 2459 166 46 obiecti:
969 2459 83 46 et
1011 2459 235 46 delectationem
1191 2459 55 46 di

467 2497 130 46 minui
553 2497 173 46 respectu
683 2497 159 46 eiusdem
799 2497 173 46 obiecti.
929 2497 145 46 igitur
1030 2497 101 46 non
1088 2497 116 46 sunt
1146 2497 101 46 eadem

452 2533 91 48 res
504 2533 170 48 realiter.
635 2533 170 48 Atecedens
766 2533 144 48 pobatur
870 2533 131 48 posito
962 2533 105 48 quod
1027 2533 118 48 ratio
1105 2533 118 48 recta
1171 2533 78 48 ali-

468 2571 117 44 cuius
546 2571 117 44 beati
624 2571 91 44 aut
676 2571 117 44 iusti
754 2571 156 44 viatoris
870 2571 130 44 dictet
961 2571 104 44 sibi
1026 2571 104 44 quod
1091 2571 117 44 actus
1156 2571 91 44 dili-

476 2608 113 48 gendi
552 2608 101 48 deum
615 2608 88 48 sit
665 2608 189 48 intendendus
816 2608 88 48 pro
866 2608 126 48 aliquo
954 2608 151 48 tempore:
1067 2608 75 48 et
1105 2608 138 48 eliciat
1193 2608 50 48 ta

455 2646 90 56 lem
507 2646 193 56 dilectionem
661 2646 167 56 intensius
790 2646 103 56 quam
854 2646 129 56 paius:
944 2646 77 56 et
983 2646 142 56 ponatur
1086 2646 90 56 cum
1137 2646 90 56 hoc
1176 2646 77 56 quod

1295 214 105 63 deus
1361 214 145 63 reuelet
1466 214 105 63 ipsi
1532 214 105 63 quod
1598 214 105 63 ipse
1664 214 184 63 damnabitur
1808 214 119 63 eras.
1887 214 105 63 Isto
1953 214 132 63 posito
2032 214 66 63 cer

1300 267 95 41 tum
1355 267 95 41 est
1409 267 108 41 quod
1477 267 190 41 delectatio
1626 267 136 41 postea
1721 267 176 41 minuetur:
1856 267 81 41 et
1897 267 163 41 dilectio
2005 267 95 41 inten

1297 304 124 43 ditur
1380 304 166 43 respectu
1504 304 152 43 eiusdem
1615 304 166 43 obiecti.
1739 304 69 43 ⁋
1767 304 83 43 Et
1808 304 221 43 confirmatur.
1988 304 83 43 si
2015 304 83 43 ali-

1306 342 99 47 qua
1362 342 169 47 dilectio
1489 342 127 47 esset
1573 342 197 47 delectatio
1728 342 84 47 in
1770 342 183 47 voluntate
1911 342 169 47 viatoris
2024 342 84 47 illa

1299 388 154 36 maxime
1406 388 139 36 esset
1499 388 231 36 charitatiua
1683 388 185 36 dilectio
1822 388 108 36 qua
1884 388 185 36 voluntas
2007 388 92 36 via-

1299 418 112 45 toris
1373 418 137 45 fruitur
1473 418 87 45 deo
1522 418 87 45 per
1572 418 124 45 fidem:
1659 418 100 45 quia
1721 418 124 45 sperat
1809 418 149 45 consequi
1920 418 124 45 illum.
1995 418 112 45 constat

1308 454 113 42 autem
1384 454 100 42 quod
1446 454 113 42 talis
1522 454 88 42 est
1572 454 213 42 delectabilis:
1748 454 75 42 et
1785 454 75 42 si
1823 454 125 42 aliqua
1911 454 113 42 esset
1974 454 125 42 delecta-

1292 487 93 50 tio
1345 487 107 50 illa
1412 487 133 50 esset.
1505 487 93 50 Sed
1558 487 93 50 hec
1612 487 93 50 non
1665 487 107 50 est:
1732 487 120 50 primo
1812 487 107 50 quia
1878 487 133 50 stante
1972 487 107 50 actu
2025 487 80 50 fru-

1291 527 113 40 endi
1362 527 85 40 vt
1404 527 127 40 prius
1489 527 113 40 pono
1559 527 113 40 quod
1630 527 113 40 deus
1701 527 155 40 reuelet
1814 527 113 40 sibi
1884 527 113 40 suam
1941 527 155 40 damnatio-

1297 565 95 40 nem
1352 565 95 40 ita
1406 565 109 40 quod
1474 565 177 40 assentiat
1611 565 123 40 huic:
1692 565 95 40 ego
1747 565 177 40 damnabor.
1883 565 95 40 hoc
1937 565 136 40 posito
2019 565 68 40 com

1305 604 93 40 stat
1364 604 93 40 quod
1422 604 105 40 talis
1492 604 82 40 non
1539 604 175 40 delectatur.
1679 604 128 40 igitur.
1772 604 82 40 non
1819 604 82 40 est
1865 604 163 40 delectatio
1994 604 70 40 vt
2017 604 70 40 pris

1299 641 116 37 tamen
1377 641 90 37 est
1428 641 116 37 eadem
1506 641 142 37 fruitio
1609 641 77 37 vt
1647 641 116 37 pius.
1725 641 129 37 igitur
1815 641 103 37 illa
1880 641 142 37 fruitio
1983 641 90 37 non
2022 641 77 37 fuit

1290 676 219 45 delectatio.
1465 676 73 45 ⁋
1494 676 87 45 Ad
1538 676 160 45 tertium
1655 676 189 45 respondet
1801 676 146 45 quidam
1903 676 146 45 doctor
1990 676 102 45 dicem

1307 712 84 45 do
1349 712 112 45 quod
1419 712 196 45 argumentum
1573 712 98 45 non
1629 712 140 45 probat
1726 712 154 45 aliquam
1838 712 238 45 delectationem
2020 712 70 45 non

1299 754 104 44 esse
1364 754 207 44 dilectionem:
1532 754 104 44 bene
1597 754 117 44 autem
1675 754 142 44 contra.
1778 754 91 44 Sed
1830 754 104 44 dato
1895 754 104 44 casu
1960 754 117 44 dicit
2024 754 78 44 quod

1292 788 93 42 non
1345 788 159 42 minuetur
1464 788 199 42 delectatio:
1623 788 93 42 sed
1676 788 119 42 simul
1756 788 172 42 augebitur
1888 788 93 42 cum
1928 788 159 42 dilectione

1305 825 66 45 ⁋
1331 825 79 45 Ad
1371 825 237 45 confirmationem
1569 825 119 45 dicit
1648 825 224 45 consequentiam
1832 825 92 45 non
1885 825 145 45 valere:
1991 825 92 45 non
2030 825 66 45 se-

1307 862 142 45 quitur:
1410 862 116 45 talis
1487 862 155 45 dilectio
1603 862 90 45 est
1655 862 219 45 delectabilis.
1835 862 129 45 igitur
1926 862 90 45 est
1964 862 129 45 delecta-

1301 901 110 41 tio.
1370 901 69 41 ⁋
1398 901 152 41 Secundo
1508 901 124 41 dicit
1591 901 124 41 facta
1674 901 110 41 tali
1743 901 221 41 reuelatione:
1923 901 83 41 et
1950 901 152 41 accedente

1291 936 161 41 assensu
1408 936 161 41 desinit
1525 936 117 41 spes
1599 936 117 41 illa
1672 936 102 41 qua
1730 936 176 41 sperabat
1862 936 88 41 se
1906 936 117 41 deum
1964 936 132 41 habitu-

1308 977 99 36 rum:
1370 977 74 36 et
1407 977 99 36 quia
1469 977 99 36 spes
1531 977 112 36 causa
1605 977 99 36 erat
1667 977 186 36 dilectionis
1816 977 112 36 talis
1891 977 149 36 gaudiose
1990 977 99 36 cessa-

1311 1011 88 47 uit
1362 1011 189 47 delectatio:
1513 1011 76 47 et
1551 1011 151 47 dilectio
1664 1011 101 47 illa
1727 1011 151 47 fruitiua
1840 1011 101 47 quod
1903 1011 76 47 si
1941 1011 113 47 adhuc
2004 1011 88 47 dili-

1307 1047 94 46 git
1360 1047 107 46 noua
1427 1047 188 46 dilectione
1575 1047 161 46 diliget:
1696 1047 80 46 et
1736 1047 161 46 alterius
1857 1047 161 46 rationis
1977 1047 67 46 a
1991 1047 107 46 priore

1309 1091 108 38 erit.
1381 1091 108 38 Istud
1453 1091 84 38 non
1501 1091 156 38 sufficit.
1620 1091 96 38 quia
1680 1091 96 38 stat
1740 1091 96 38 quod
1800 1091 96 38 ille
1860 1091 108 38 actus
1919 1091 168 38 continueturo

1301 1124 180 41 augeatur:
1440 1124 83 41 et
1481 1124 125 41 tamen
1564 1124 97 41 non
1619 1124 97 41 sit
1675 1124 194 41 delectatio
1827 1124 138 41 talis.
1924 1124 69 41 ⁋
1938 1124 152 41 Propterea

1308 1161 74 41 ad
1345 1161 111 41 omnia
1419 1161 99 41 ista
1480 1161 123 41 melius
1566 1161 86 41 est
1616 1161 123 41 dicere
1702 1161 99 41 quod
1763 1161 111 41 omnis
1837 1161 172 41 delectatio
1973 1161 86 41 est
2010 1161 86 41 actus

1307 1198 197 39 voluntatis.
1464 1198 171 39 similiter
1596 1198 79 39 et
1635 1198 184 39 tristitia.
1780 1198 92 39 sed
1832 1198 105 39 iste
1898 1198 158 39 terminus
2003 1198 92 39 dele-

1298 1239 144 37 ctatio
1399 1239 101 37 est
1456 1239 144 37 dictio
1557 1239 216 37 connotatiua
1730 1239 187 37 supponens
1874 1239 101 37 pro
1932 1239 115 37 actu
1990 1239 115 37 volun-

1303 1272 130 39 tatis
1389 1272 202 39 connotando
1548 1272 115 39 quod
1620 1272 173 39 voluntas
1749 1272 130 39 circa
1836 1272 173 39 obiectum
1951 1272 144 39 letetur.

1302 1308 117 38 modo
1375 1308 160 38 propter
1492 1308 277 38 indispositionem
1725 1308 175 38 subiecti
1857 1308 175 38 letitiam
1988 1308 102 38 non
2032 1308 58 38 ha

1305 1344 100 42 bet.
1367 1344 112 42 sicut
1442 1344 150 42 secundum
1554 1344 87 42 eos
1604 1344 87 42 qui
1653 1344 137 42 dicunt:
1753 1344 100 42 quod
1815 1344 174 42 delectatio
1952 1344 62 42 a
1965 1344 137 42 tristitia

1297 1380 119 45 sunt
1372 1380 194 45 passiones
1520 1380 223 45 naturaliter
1699 1380 194 45 sequentes
1848 1380 134 45 velle
1937 1380 104 45 vel
1982 1380 119 45 nolle.

1307 1419 91 40 sed
1359 1419 91 40 non
1411 1419 104 40 omne
1476 1419 117 40 velle
1553 1419 130 40 causat
1644 1419 233 40 delectationem:
1839 1419 91 40 nec
1891 1419 104 40 omne
1955 1419 117 40 nolle
2020 1419 78 40 tri-

1302 1457 145 40 stitiam.
1411 1457 109 40 nolle
1483 1457 169 40 peccatorum
1616 1457 72 40 in
1652 1457 121 40 beatis
1737 1457 85 40 non
1785 1457 121 40 causat
1870 1457 169 40 tristitiam
1990 1457 109 40 propter

1310 1497 182 41 excellens
1450 1497 168 41 gaudium:
1577 1497 126 41 licet
1661 1497 112 41 sint
1731 1497 84 41 de
1773 1497 168 41 diuersis
1899 1497 182 41 obiectis.
2026 1497 70 41 hoc

1298 1530 119 48 patet
1377 1530 146 48 septimo
1483 1530 186 48 ethicorum:
1629 1530 172 48 excellens
1762 1530 186 48 delectatio
1907 1530 133 48 nullam
1987 1530 106 48 compa-

1307 1570 115 42 titur
1384 1570 179 42 tristitiam
1525 1570 115 42 circa
1602 1570 128 42 nullum
1691 1570 166 42 obiectum.
1819 1570 90 42 Sed
1871 1570 115 42 sicut
1947 1570 102 42 isti
1999 1570 102 42 dicunt

1303 1610 96 41 quod
1363 1610 108 41 talis
1435 1610 120 41 passio
1518 1610 96 41 quae
1578 1610 84 41 est
1626 1610 168 41 delectatio
1758 1610 168 41 letificant
1890 1610 132 41 passum:
1985 1610 72 41 et
2009 1610 84 41 ipsum

1310 1643 105 42 bene
1376 1643 171 42 disponit:
1507 1643 171 42 tristitia
1639 1643 197 42 constringit
1796 1643 92 42 cor
1849 1643 79 42 et
1889 1643 184 42 indisponit
2020 1643 79 42 sub-

1303 1677 147 46 iectum
1406 1677 176 46 secundum
1538 1677 132 46 illud
1626 1677 161 46 prouer.
1744 1677 264 46 septimodecimo:
1949 1677 147 46 spiritus

1314 1716 140 43 tristis
1416 1716 140 43 exiccat
1518 1716 115 43 ossa.
1595 1716 89 43 sic
1646 1716 140 43 dicetur
1748 1716 102 43 ista
1812 1716 153 43 qualitas
1926 1716 102 43 quae
1990 1716 89 43 est
2028 1716 77 43 voli

1307 1754 99 44 tio
1364 1754 99 44 non
1420 1754 142 44 semper
1520 1754 99 44 est
1577 1754 213 44 delectatio.
1747 1754 71 44 ⁋
1775 1754 142 44 Contra
1875 1754 128 44 istud
1946 1754 156 44 arguitur.

1306 1790 81 42 ex
1346 1790 108 42 isto
1414 1790 162 42 sequitur
1535 1790 108 42 quod
1603 1790 95 42 vna
1657 1790 81 42 et
1697 1790 122 42 eadem
1778 1790 95 42 res
1832 1790 122 42 prius
1913 1790 108 42 erat
1967 1790 135 42 delecta-

1297 1829 115 46 tio:
1368 1829 86 46 et
1411 1829 143 46 postea
1512 1829 100 46 non
1569 1829 215 46 delectatio:
1741 1829 129 46 eodem
1827 1829 115 46 modo
1898 1829 86 46 de
1927 1829 172 46 tristitia.

1306 1863 130 47 patet
1392 1863 87 47 in
1436 1863 116 47 casu
1508 1863 145 47 tertii
1610 1863 188 47 argumenti
1754 1863 87 47 et
1798 1863 116 47 eius
1856 1863 246 47 confirmationis.

1303 1906 106 42 Sed
1364 1906 106 42 hoc
1424 1906 106 42 est
1485 1906 258 42 inconueniens.
1698 1906 137 42 calor
1789 1906 122 42 enim
1865 1906 122 42 mere
1926 1906 167 42 naturali-

1307 1940 93 43 ter
1360 1940 186 43 calefacit:
1506 1940 146 43 siliter
1612 1940 159 43 cognitio
1731 1940 159 43 actualis
1850 1940 172 43 vitalitur
1983 1940 80 43 et
2009 1940 93 43 actua

1297 1976 137 44 liter
1388 1976 167 44 immutat
1510 1976 198 44 potentia.
1661 1976 122 44 ergo
1737 1976 213 44 delectatio
1905 1976 106 44 vel
1950 1976 152 44 quelibet

1302 2013 198 41 qualitas
1450 2013 181 41 eiusdem
1581 2013 181 41 speciei
1713 2013 148 41 secum
1812 2013 148 41 eodem
1911 2013 132 41 modo
1976 2013 132 41 dispo-

1302 2058 102 37 nit
1361 2058 204 37 subiectum:
1521 2058 117 37 quia
1594 2058 88 37 ex
1638 2058 146 37 natura
1740 2058 204 37 qualitatis
1901 2058 102 37 est
1944 2058 161 37 disponere

1311 2090 107 40 vel
1372 2090 228 40 indisponere
1554 2090 213 40 subiectum.
1722 2090 76 40 ⁋
1752 2090 228 40 Respondetur
1919 2090 183 40 concedendo

1306 2127 182 43 sequelam:
1446 2127 126 43 sicut
1531 2127 168 43 secundum
1657 2127 211 43 aduersarios
1825 2127 168 43 dabuntur
1952 2127 98 43 duo
1994 2127 98 43 actus

1308 2167 221 43 voluntatis
1482 2167 95 43 in
1529 2167 158 43 duabus
1639 2167 252 43 voluntatibus
1844 2167 173 43 eiusdem
1954 2167 142 43 specien

1309 2201 246 39 specialissime
1511 2201 87 39 et
1555 2201 116 39 vnus
1627 2201 174 39 causabit
1757 2201 159 39 gaudium
1873 2201 159 39 tanquam
1989 2201 116 39 suum
2047 2201 58 39 ef

1316 2238 144 40 ectum:
1416 2238 130 40 alius
1503 2238 115 40 vero
1575 2238 115 40 non.
1647 2238 101 40 non
1705 2238 101 40 est
1762 2238 173 40 naturale
1892 2238 115 40 huic
1950 2238 158 40 qualitati

1306 2277 190 41 disponere
1452 2277 102 41 vel
1511 2277 219 41 indisponere
1686 2277 204 41 subiectum:
1847 2277 102 41 sed
1905 2277 146 41 quando
1993 2277 102 41 tali-

1308 2313 92 44 ter
1361 2313 79 44 se
1400 2313 132 44 habet:
1492 2313 119 44 sicut
1572 2313 158 44 dicerent
1690 2313 105 44 ipsi
1756 2313 79 44 in
1796 2313 105 44 tali
1862 2313 119 44 passo
1928 2313 171 44 producerent

1313 2350 110 41 suum
1382 2350 178 41 effectum:
1519 2350 110 41 immo
1587 2350 151 41 gaudium
1697 2350 69 41 e
1724 2350 192 41 tristitiam
1875 2350 82 41 in
1916 2350 137 41 equali
1998 2350 110 41 gradu:

1316 2389 95 40 vel
1371 2389 135 40 saltem
1465 2389 149 40 taliter
1574 2389 176 40 applicata
1709 2389 108 40 quod
1777 2389 176 40 actiuitas
1912 2389 122 40 vnius
1994 2389 95 40 non
2034 2389 68 40 exu

1317 2428 113 39 perat
1393 2428 201 39 resistentiam
1556 2428 151 39 alterius
1669 2428 88 39 nec
1720 2428 138 39 contra:
1820 2428 88 39 nec
1871 2428 88 39 cor
1921 2428 163 39 dilatant:
2034 2428 63 39 nec

1311 2468 132 39 ipsum
1399 2468 235 39 restringunt.
1590 2468 176 39 Analogie
1722 2468 88 39 in
1766 2468 132 39 aliis
1854 2468 176 39 materiis
1972 2468 132 39 possunt

1314 2503 120 43 dari:
1394 2503 120 43 motus
1474 2503 107 43 enim
1541 2503 147 43 localis
1648 2503 94 43 est
1701 2503 214 43 calefactiuus
1875 2503 80 43 et
1902 2503 187 43 productione:

1310 2537 156 41 frigoris
1427 2537 78 41 in
1466 2537 91 41 hoc
1519 2537 156 41 subiecto
1636 2537 156 41 impedit:
1753 2537 78 41 et
1792 2537 117 41 tamen
1870 2537 117 41 motus
1949 2537 143 41 localis
2040 2537 65 41 est

1306 2574 126 42 ipsum
1390 2574 153 42 mobile:
1501 2574 112 42 quod
1571 2574 167 42 absolute
1697 2574 223 42 consideratum
1878 2574 70 42 a
1906 2574 112 42 motu
1975 2574 98 42 non
2017 2574 84 42 cale

1307 2611 145 49 facit.
1408 2611 188 49 similiter
1553 2611 203 49 similitudo
1712 2611 72 49 a
1741 2611 145 49 albedo
1842 2611 203 49 coincidunt
1987 2611 101 49 tenen

1304 2650 80 51 do
1344 2650 186 51 relationem
1490 2650 239 51 idemptificatam
1689 2650 93 51 cum
1742 2650 80 51 re
1781 2650 146 51 relata:
1888 2650 80 51 et
1927 2650 119 51 tamen
1994 2650 106 51 crebro
