2360 3302
447 235 190 50 lestibus:
594 235 88 50 et
637 235 117 50 idem
711 235 132 50 dices
798 235 88 50 in
842 235 161 50 homine.
959 235 117 50 immo
1032 235 88 50 in
1076 235 132 50 eodem
1149 235 88 50 tem-

447 283 118 43 pore
521 283 103 43 duo
580 283 147 43 catuli
682 283 176 43 ludentes
815 283 73 43 /
844 283 88 43 et
888 283 103 43 duo
947 283 162 43 arietes
1065 283 88 43 in
1109 283 88 43 se
1138 283 103 43 impe-

456 324 106 43 tum
516 324 167 43 facturi
638 324 167 43 currunt
759 324 91 43 ad
804 324 243 43 differentias
1001 324 197 43 oppositas
1138 324 106 43 posi-

450 359 174 46 tionum.
577 359 206 46 Similiter
735 359 111 46 due
798 359 174 46 formice
925 359 142 46 simul
1020 359 174 46 condunt
1130 359 111 46 grana

448 396 88 45 in
492 396 162 45 sitibus
610 396 192 45 oppositis
758 396 206 45 foraminis.
920 396 103 45 Non
979 396 133 45 valet
1067 396 147 45 dicere
1156 396 88 45 vnum

453 429 170 46 frustum
576 429 154 46 carnis
684 429 108 46 est
746 429 154 46 melius
854 429 185 46 obiectum
993 429 185 46 potentie
1116 429 124 46 visiue

440 470 140 39 canis
534 470 125 39 quam
612 470 140 39 alid:
705 470 171 39 ponatur
830 470 125 39 vnum
908 470 171 39 frustum
1017 470 218 39 diametralite

443 505 140 47 coram
537 505 109 47 vno
599 505 140 47 oculo
693 505 78 47 a
724 505 140 47 aliud
817 505 140 47 coram
911 505 140 47 alio.
1004 505 78 47 â‹
1035 505 125 47 Iste
1098 505 140 47 experit

445 538 97 50 tie
501 538 167 50 brutorum
626 538 97 50 non
682 538 195 50 impediunt.
835 538 181 50 fortassis
974 538 111 50 enim
1043 538 97 50 est
1085 538 153 50 inequalis

447 580 242 40 apprehensio:
644 580 91 40 et
689 580 167 40 corpora
811 580 182 40 celestia
947 580 121 40 pius
1023 580 167 40 dominii
1129 580 121 40 habent

448 609 83 52 in
490 609 138 52 brutis
586 609 138 52 quorum
683 609 124 52 anime
766 609 110 52 sunt
835 609 124 52 purae
918 609 152 52 extense
1028 609 69 52 /
1056 609 110 52 quam
1125 609 83 52 in
1152 609 97 52 homi-

450 651 152 46 nibus.
556 651 137 46 Forte
647 651 106 46 est
708 651 182 46 impulsus
845 651 137 46 prime
936 651 137 46 cause
1027 651 91 46 ad
1073 651 122 46 hunc
1134 651 106 46 effe-

449 691 125 40 ctum:
533 691 84 40 et
574 691 98 40 non
630 691 84 40 ad
672 691 139 40 illum.
769 691 84 40 si
811 691 125 40 canis
895 691 98 40 sit
951 691 84 40 in
992 691 139 40 centro
1090 691 125 40 panum
1159 691 84 40 cir-

450 729 310 43 cunferentialiter
713 729 217 43 distantium
884 729 109 43 non
946 729 155 43 potest
1054 729 140 43 simul
1132 729 109 43 adire

448 763 99 49 duo
504 763 169 49 obiecta:
631 763 85 49 et
673 763 155 49 equalis
786 763 99 49 est
842 763 127 49 ratio
927 763 183 49 vtriusque
1068 763 169 49 adeundi.
1181 763 70 49 pri

452 804 85 38 ma
494 804 128 38 causa
580 804 99 38 eum
636 804 85 38 ad
679 804 114 38 hunc
750 804 170 38 effectum
878 804 142 38 mouet:
977 804 99 38 vel
1034 804 156 38 aliquid
1148 804 128 38 aliud

450 840 234 44 extrinsecum
638 840 109 44 vel
700 840 234 44 intrinsecum
888 840 156 44 potius
997 840 94 44 ad
1044 840 109 44 hoc
1091 840 156 44 obiectum

455 871 109 53 quam
524 871 82 53 ad
565 871 137 53 illud.
661 871 109 53 Quod
729 871 123 53 autem
811 871 109 53 deus
879 871 164 53 interdum
1002 871 205 53 specialiter
1153 871 82 53 con-

448 914 150 46 currat
553 914 105 46 cum
613 914 150 46 brutis
718 914 105 46 hoc
778 914 105 46 est
838 914 135 46 vltra
929 914 180 46 communes
1064 914 150 46 leges:
1154 914 90 46 pro-

442 947 143 45 batur.
542 947 86 45 in
585 947 258 45 resuscitatione
799 947 129 45 bouis
885 947 72 45 a
914 947 200 45 Siluestro:
1071 947 86 45 et
1100 947 143 45 multorum

452 981 184 50 brutorum:
594 981 99 50 sed
650 981 99 50 non
707 981 184 50 concurrit
849 981 213 50 specialiter
1019 981 85 50 ad
1061 981 128 50 actus
1132 981 99 50 bonor

453 1018 80 48 in
493 1018 107 48 eis:
560 1018 107 48 quia
626 1018 94 48 eos
680 1018 94 48 non
733 1018 147 48 habent:
840 1018 94 48 nec
894 1018 134 48 habere
987 1018 160 48 possunt.
1107 1018 120 48 Etiam
1174 1018 67 48 non

452 1059 158 49 apparet
567 1059 115 49 quod
638 1059 158 49 oblatis
753 1059 144 49 maiori
854 1059 115 49 bono
926 1059 72 49 a
955 1059 144 49 minori
1055 1059 187 49 similiter
1185 1059 57 49 ap

448 1097 171 47 plicatis
576 1097 114 47 quod
648 1097 157 47 relicto
762 1097 143 47 maiori
862 1097 143 47 posset
962 1097 129 47 adire
1048 1097 143 47 minus.
1148 1097 71 47 â‹
1162 1097 86 47 Item

446 1137 141 38 nullo
540 1137 220 38 prohibente
713 1137 94 38 si
760 1137 173 38 ponatur
886 1137 141 38 cibus
980 1137 141 38 bruto
1074 1137 157 38 multum
1168 1137 63 38 fa

450 1174 182 40 mescenti
586 1174 106 40 non
647 1174 152 40 potest
753 1174 197 40 respuere:
905 1174 91 40 et
950 1174 212 40 potissimum
1102 1174 136 40 secluso

457 1212 148 38 habitu
561 1212 177 38 timoris.
694 1212 192 38 oppositum
841 1212 192 38 experimur
989 1212 89 38 in
1033 1212 148 38 nobis.
1137 1212 74 38 â‹
1151 1212 89 38 Iten

453 1249 185 41 voluntas
591 1249 246 41 deliberatiua
791 1249 154 41 crebro
899 1249 231 41 prosequitur
1068 1249 169 41 oppositum

441 1279 291 51 sensualitatis.
684 1279 81 51 â‹
716 1279 130 51 Item
797 1279 227 51 ostensione
975 1279 243 51 oppositorum
1153 1279 81 51 fa-

452 1320 96 39 cta
507 1320 96 39 per
562 1320 165 39 rationem
685 1320 233 39 deliberatiuam
877 1320 82 39 et
919 1320 233 39 consiliatiuam
1111 1320 96 39 fit
1152 1320 82 39 ele-

441 1358 120 41 ctio
516 1358 210 41 voluntaria
681 1358 135 41 vnius
771 1358 180 41 oppositi
905 1358 105 41 cum
965 1358 225 41 respuitione
1130 1358 105 41 volun

443 1389 128 46 taria
528 1389 185 46 alterius.
671 1389 171 46 gentiles
799 1389 199 46 philosophi
955 1389 157 46 nunquam
1069 1389 171 46 fecerunt
1183 1389 57 46 du

445 1425 120 54 bium
520 1425 90 54 de
565 1425 164 54 brutis:
684 1425 134 54 licet
774 1425 134 54 istas
863 1425 239 54 experientias
1043 1425 194 54 cognouerint

442 1464 86 50 an
485 1464 158 50 aliquid
599 1464 143 50 libere
700 1464 186 50 poterant.
843 1464 72 50 â‹
872 1464 158 50 Insuper
987 1464 186 50 similiter
1116 1464 129 50 constat

445 1504 119 50 quod
519 1504 104 50 nos
579 1504 134 50 sumus
668 1504 149 50 domini
772 1504 193 50 nostrorum
921 1504 164 50 actuum:
1040 1504 89 50 et
1084 1504 104 50 non
1129 1504 119 50 bruta.

440 1542 81 48 â‹
472 1542 178 48 Tertiam
601 1542 210 48 conclusio
763 1542 145 48 patet
860 1542 113 48 per
924 1542 226 48 Augustinum
1102 1542 145 48 primo
1182 1542 65 48 de

445 1575 144 58 libero
545 1575 172 58 arbitrio
675 1575 172 58 capitulo
804 1575 158 58 tertio.
919 1575 172 58 Prooatur
1048 1575 187 58 rationne:
1178 1575 57 58 vo

443 1611 142 57 luntas
542 1611 99 57 non
599 1611 142 57 potest
698 1611 213 57 violentari:
868 1611 113 57 ergo
939 1611 99 57 non
996 1611 142 57 potest
1095 1611 128 57 cogi.
1166 1611 71 57 con

450 1646 199 54 sequentsa
603 1646 138 54 tenet
695 1646 92 54 ab
741 1646 291 54 equiualentibus.
986 1646 92 54 et
1032 1646 215 54 antecedens
1186 1646 61 54 pa

435 1690 122 49 tet.
511 1690 91 49 ad
557 1690 137 49 omnem
648 1690 137 49 actum
739 1690 122 49 eius
816 1690 183 49 voluntas
953 1690 198 49 concurrit
1090 1690 152 49 effecti-

437 1724 101 52 ue:
494 1724 115 52 ergo
566 1724 101 52 non
624 1724 230 52 violentatur.
811 1724 129 52 tenet
897 1724 244 52 consequentia:
1098 1724 129 52 illud
1170 1724 72 52 est

455 1764 184 47 violentum
596 1764 127 47 cuius
681 1764 198 47 principium
837 1764 99 47 est
894 1764 127 47 extra
979 1764 99 47 non
1036 1764 198 47 conferente
1177 1764 71 47 vim

444 1800 154 52 passo.
551 1800 154 52 tertio
659 1800 200 52 Ethicorum
813 1800 154 52 primo.
921 1800 77 52 â‹
952 1800 154 52 Contra
1060 1800 154 52 primam
1153 1800 92 52 con-

455 1832 180 50 clusionem
594 1832 167 50 arguitur
719 1832 83 50 ex
760 1832 222 50 diffinitione
941 1832 167 50 potentie
1066 1832 139 50 posite
1149 1832 97 50 quin-

443 1871 86 53 to
486 1871 231 53 Metaphysice.
673 1871 158 53 dicitur
788 1871 115 53 quod
860 1871 101 53 est
918 1871 202 53 principium
1062 1871 173 53 transmutan

440 1907 80 58 di
480 1907 134 58 aliud.
574 1907 134 58 igitur
668 1907 94 58 nec
721 1907 161 58 voluntas
842 1907 67 58 /
869 1907 94 58 nec
922 1907 148 58 aliquid
1030 1907 121 58 aliud
1110 1907 94 58 est
1151 1907 80 58 prit

446 1948 144 50 cipium
546 1948 144 50 agendi
647 1948 86 50 in
690 1948 100 50 se:
747 1948 115 50 immo
819 1948 115 50 tunc
891 1948 158 50 materia
1005 1948 86 50 et
1048 1948 187 50 efficiens
1178 1948 57 50 co

445 1980 208 50 inciderent
608 1980 148 50 contra
712 1980 238 50 Aristotelem.
905 1980 104 50 ii.
965 1980 208 50 physicorm:
1128 1980 104 50 cum
1173 1980 59 50 vo

445 2018 151 54 luntas
550 2018 196 54 suscipiat
701 2018 90 54 et
746 2018 121 54 agat
822 2018 121 54 suum
897 2018 151 54 velle.
1003 2018 75 54 â‹
1033 2018 90 54 Ad
1078 2018 106 54 hoc
1123 2018 106 54 dici-

438 2058 103 47 tur
497 2058 118 47 quod
571 2058 221 47 Philosophus
748 2058 103 47 non
807 2058 177 47 diffinit
939 2058 251 47 vniuersaliter
1131 2058 103 47 poten

442 2095 123 51 tiam
519 2095 185 51 actiuam:
657 2095 108 51 sed
718 2095 108 51 eam
780 2095 123 51 quae
857 2095 108 51 est
918 2095 277 51 transinutatiua
1134 2095 92 51 mate

441 2128 125 58 rie:
519 2128 94 58 vt
566 2128 141 58 dicit
660 2128 250 58 Commentator.
863 2128 109 58 ix.
926 2128 250 58 Metaphysice.
1113 2128 125 58 commen

453 2169 91 55 to
498 2169 181 55 secundo:
634 2169 106 55 vbi
695 2169 91 55 de
740 2169 136 55 eadem
831 2169 166 55 materia
952 2169 197 55 loquitur.
1103 2169 76 55 â‹
1133 2169 91 55 Ad
1163 2169 76 55 il-

437 2203 93 56 lud
490 2203 146 56 secundi
596 2203 186 56 physicorum
742 2203 146 56 dicitur
848 2203 106 56 quod
914 2203 146 56 materia
1021 2203 80 56 ex
1060 2203 93 56 qua
1114 2203 80 56 et
1140 2203 93 56 effi-

442 2245 122 51 ciens
524 2245 95 51 non
578 2245 203 51 coincidunt:
740 2245 122 51 licet
821 2245 108 51 bene
889 2245 81 51 in
929 2245 108 51 qua.
997 2245 95 51 vel
1051 2245 149 51 dicitur
1146 2245 81 51 quod

445 2281 202 52 principia
600 2281 109 52 non
662 2281 217 52 coincidunt
832 2281 233 52 formaliter.
1018 2281 78 52 â‹
1049 2281 155 52 Contra
1142 2281 93 52 secu

442 2323 106 45 dam
502 2323 241 45 conclusionem
698 2323 181 45 arguitur
834 2323 121 45 sic.
909 2323 211 45 sequeretur
1075 2323 121 45 quod
1136 2323 90 45 homo

434 2350 162 57 posset
547 2350 114 57 per
612 2350 146 57 annum
710 2350 97 57 ab
758 2350 130 57 omni
840 2350 130 57 actu
921 2350 227 57 voluntatis
1083 2350 146 57 cessare

445 2394 203 53 consequens
604 2394 101 53 est
662 2394 145 53 contra
763 2394 246 53 experientiam.
966 2394 159 53 igitur.
1081 2394 72 53 â‹
1110 2394 87 53 Et
1139 2394 87 53 con-

445 2423 188 61 firmatur.
589 2423 101 61 non
647 2423 115 61 enim
719 2423 101 61 est
776 2423 87 61 in
820 2423 144 61 libera
921 2423 188 61 potestate
1065 2423 159 61 hominis
1166 2423 72 61 in-

439 2461 123 57 tensio
525 2461 61 57 a
549 2461 147 57 remissio
660 2461 123 57 actus:
746 2461 98 57 ergo
807 2461 86 57 nec
856 2461 98 57 eius
918 2461 147 57 positio.
1028 2461 172 57 antecedens
1151 2461 74 57 pro-

436 2497 139 64 batur:
533 2497 111 64 quia
603 2497 97 64 non
658 2497 139 64 possum
756 2497 97 64 ita
811 2497 153 64 intense
922 2497 83 64 et
964 2497 181 64 feruenter
1089 2497 139 64 diligere

434 2536 183 56 inimicum
571 2536 137 56 sicut
662 2536 168 56 fratrem
784 2536 137 56 meum:
876 2536 198 56 propterea
1028 2536 183 56 secundum
1150 2536 76 56 Au-

442 2573 169 58 gustinum
569 2573 99 58 non
625 2573 169 58 possumus
752 2573 85 58 in
794 2573 99 58 via
851 2573 169 58 diligere
977 2573 113 58 deum
1048 2573 85 58 ex
1090 2573 113 58 toto
1146 2573 85 58 cor-

444 2615 109 52 de:
507 2615 93 52 vt
553 2615 186 52 Magister
693 2615 171 52 allegat
817 2615 93 52 in
863 2615 171 52 litera.
987 2615 78 52 â‹
1018 2615 93 52 Ad
1065 2615 155 52 primam
1158 2615 62 52 ne

442 2648 87 57 go
486 2648 262 57 consequentiam.
704 2648 131 57 multe
792 2648 116 57 enim
864 2648 160 57 notitie
981 2648 87 57 et
1010 2648 218 57 transmutatio

1287 244 110 50 nes
1350 244 188 50 oriuntur
1491 244 235 50 subreptitie
1679 244 94 50 in
1725 244 141 50 nobis
1819 244 94 50 ad
1866 244 125 50 quas
1929 244 172 50 naturali-

1297 290 107 39 ter
1358 290 184 39 sequitur
1496 290 138 39 actus
1588 290 92 39 in
1633 290 199 39 voluntate
1787 290 122 39 nisi
1863 290 184 39 mediante
1986 290 122 39 delibe

1287 326 174 42 ratione
1414 326 206 42 prehabita
1573 326 206 42 caueatur:
1731 326 111 42 sed
1795 326 111 42 dum
1858 326 143 42 vacat
1953 326 143 42 anima
2033 326 63 42 vn

1294 362 253 48 deliberationi
1503 362 208 48 superuenit
1666 362 223 48 subreptitie
1845 362 134 48 alius
1934 362 149 48 actus.
2024 362 74 48 pro

1294 402 165 48 pterea
1410 402 199 48 respectu
1559 402 232 48 singulorum
1741 402 116 48 non
1807 402 165 48 potest
1923 402 149 48 anima
2006 402 99 48 habe

1297 443 89 46 re
1342 443 238 46 antecedentem
1535 443 283 46 deliberationem.
1773 443 134 46 multe
1863 443 119 46 enim
1922 443 179 46 cogitatio-

1299 477 108 44 nes
1360 477 185 44 oriuntur
1499 477 231 44 naturaliter
1683 477 92 44 in
1730 477 139 44 nobis
1822 477 92 44 ex
1868 477 154 44 modica
1960 477 139 44 occasio

1287 509 105 55 ne:
1347 509 90 55 vt
1392 509 90 55 ex
1437 509 149 55 habitu
1541 509 105 55 vel
1601 509 254 55 presentatione
1810 509 179 55 obiecti.
1945 509 90 55 Et
1989 509 105 55 non
2034 509 75 55 est

1293 547 132 48 idem
1375 547 99 48 de
1424 547 230 48 cessatione
1605 547 82 48 a
1638 547 148 48 paruo
1737 547 181 48 tempore
1869 547 99 48 et
1918 547 82 48 a
1934 547 132 48 magno.

1300 584 71 49 â‹
1328 584 86 49 Ad
1371 584 257 49 confirmationem
1585 584 157 49 dicitur
1699 584 114 49 quod
1771 584 143 49 aliqua
1871 584 171 49 intensio
1999 584 86 49 et
2028 584 71 49 re-

1300 623 143 42 missio
1400 623 100 42 est
1457 623 86 42 in
1500 623 143 42 nostra
1601 623 201 42 potestate:
1758 623 86 42 vt
1801 623 86 42 de
1844 623 229 42 intensissimo
2016 623 86 42 actu

1294 663 119 48 quem
1369 663 179 48 possumus
1503 663 149 48 habere
1607 663 89 48 et
1652 663 89 48 de
1697 663 238 48 remisissimo:
1890 663 89 48 et
1935 663 89 48 de
1965 663 134 48 interme

1299 697 121 40 diis.
1379 697 94 40 Sed
1433 697 94 40 non
1486 697 134 40 potest
1580 697 134 40 habere
1674 697 188 40 quamcumque
1822 697 201 40 intensionem
1983 697 94 40 vel
2023 697 67 40 re-

1287 730 196 42 missionem
1438 730 121 42 quam
1513 730 151 42 potest
1619 730 151 42 velle.
1725 730 136 42 habet
1815 730 121 42 enim
1891 730 196 42 potentiam
2027 730 75 42 li-

1298 771 174 39 mitatam:
1428 771 131 39 sicut
1515 771 131 39 equus
1602 771 87 39 in
1646 771 174 39 capistro
1776 771 131 39 habet
1863 771 203 39 facultatem
2008 771 87 39 cir-

1303 809 81 47 ca
1344 809 122 47 palum
1426 809 149 47 vagandi
1534 809 81 47 in
1575 809 109 47 tali
1643 809 190 47 distantia:
1792 809 81 47 et
1833 809 95 47 non
1887 809 122 47 vltra
1969 809 95 47 vel
2010 809 81 47 pro-

1305 846 107 39 pe.
1366 846 76 39 â‹
1396 846 167 39 Secundo
1518 846 183 39 arguitur
1655 846 122 39 sic.
1731 846 183 39 voluntas
1868 846 107 39 non
1929 846 152 39 potest
2020 846 76 39 li-

1302 883 120 47 bere
1377 883 210 47 suspendere
1542 883 90 47 a.
1587 883 135 47 actum
1677 883 120 47 quem
1752 883 150 47 habet:
1857 883 120 47 ergo
1932 883 105 47 nec
1977 883 120 47 libere

1303 920 135 42 elicere
1401 920 122 42 potest
1486 920 73 42 d.
1523 920 110 42 actum
1596 920 98 42 quem
1658 920 86 42 non
1707 920 122 42 habet.
1792 920 171 42 antecedens
1927 920 122 42 patet.
2013 920 73 42 si
2037 920 49 42 po

1292 953 116 51 test
1364 953 145 51 libere
1465 953 202 51 suspendere
1624 953 87 51 a.
1668 953 130 51 actum
1754 953 101 51 aut
1812 953 116 51 ergo
1885 953 174 51 mediante
2000 953 87 51 alio

1299 994 103 49 actu
1364 994 90 49 aut
1415 994 103 49 non.
1480 994 77 49 si
1518 994 142 49 primum.
1622 994 103 49 ergo
1686 994 90 49 non
1738 994 155 49 cessabit
1854 994 103 49 nisi
1918 994 129 49 habeat
1996 994 103 49 infini

1294 1027 101 53 tos
1351 1027 145 53 actus:
1453 1027 116 53 quia
1525 1027 101 53 non
1583 1027 188 53 suspendet
1728 1027 116 53 pari
1800 1027 159 53 ratione
1916 1027 130 53 illum
1989 1027 101 53 alium

1304 1071 130 47 actum
1390 1071 116 47 nisi
1463 1071 101 47 per
1521 1071 159 47 alterum
1637 1071 145 47 actum.
1738 1071 87 47 si
1781 1071 188 47 secundum.
1926 1071 159 47 Contra:
2028 1071 72 47 vo-

1300 1100 145 53 luntas
1402 1100 145 53 libere
1504 1100 189 53 suspendit
1649 1100 87 53 a.
1692 1100 145 53 actum.
1794 1100 145 53 igitur
1896 1100 145 53 libere
1983 1100 116 53 vtitur

1299 1137 93 57 sua
1352 1137 185 57 libertate.
1497 1137 93 57 sed
1550 1137 106 57 vsus
1616 1137 185 57 libertatis
1761 1137 93 57 est
1814 1137 145 57 aliquis
1920 1137 132 57 actus.
1999 1137 93 57 alio-

1300 1177 123 52 quin
1376 1177 184 52 voluntas
1514 1177 153 52 posset
1621 1177 153 52 semper
1728 1177 123 52 dici
1805 1177 107 52 vti
1866 1177 107 52 sua
1912 1177 184 52 libertate.

1300 1216 74 51 â‹
1330 1216 89 51 Ad
1374 1216 178 51 secundum
1508 1216 163 51 negatur
1627 1216 223 51 antecedens.
1805 1216 119 51 dico
1879 1216 119 51 enim
1953 1216 119 51 quod
2013 1216 74 51 po-

1292 1253 114 42 test
1363 1253 200 42 suspendere
1520 1253 86 42 a.
1563 1253 129 42 actum
1649 1253 114 42 alio
1720 1253 114 42 actu
1792 1253 100 42 non
1849 1253 171 42 mediante
1963 1253 129 42 cessan-

1297 1289 89 55 do
1342 1289 89 55 ab
1386 1289 118 55 omni
1460 1289 133 55 actu.
1548 1289 89 55 Et
1592 1289 89 55 ad
1637 1289 251 55 improbationem
1843 1289 162 55 dicitur
1961 1289 118 55 quod
2020 1289 74 55 non

1294 1328 138 48 vtitur
1391 1328 110 48 tunc
1459 1328 96 48 sua
1514 1328 179 48 libertate
1652 1328 151 48 proprie
1762 1328 83 48 et
1803 1328 179 48 positiue:
1941 1328 96 48 sed
1982 1328 110 48 impro-

1301 1363 102 51 prie
1365 1363 89 51 vel
1416 1363 178 51 priuatiue:
1556 1363 127 51 cessat
1645 1363 102 51 enim
1709 1363 76 51 ab
1747 1363 178 51 operatione
1887 1363 102 51 quam
1951 1363 127 51 potest
2027 1363 64 51 ha-

1296 1403 118 47 bere.
1374 1403 92 47 non
1427 1403 105 47 nego
1492 1403 118 47 etiam
1571 1403 105 47 quin
1636 1403 131 47 potest
1728 1403 183 47 suspendere
1872 1403 79 47 a.
1911 1403 118 47 actum
1976 1403 118 47 median-

1295 1437 82 50 te
1336 1437 109 50 actu
1405 1437 178 50 positiuo:
1541 1437 205 50 conuertendo
1705 1437 82 50 se
1746 1437 82 50 ad
1787 1437 123 50 aliud
1869 1437 164 50 obiectum
1992 1437 96 50 vel
2033 1437 55 50 ad

1297 1478 131 43 plura
1385 1478 175 43 intense:
1516 1478 117 43 quia
1589 1478 175 43 pluribus
1720 1478 175 43 intentus
1851 1478 117 43 etc.
1924 1478 102 43 vel
1967 1478 117 43 impera

1293 1518 80 45 do
1333 1518 119 45 illum
1412 1518 119 45 actum
1492 1518 146 45 cessare
1598 1518 106 45 sic:
1664 1518 106 45 nolo
1731 1518 80 45 a.
1770 1518 119 45 actum
1850 1518 119 45 esse:
1930 1518 80 45 et
1969 1518 106 45 tunc
2022 1518 80 45 illi

1297 1550 138 46 actus
1388 1550 138 46 simul
1480 1550 214 46 cessabunt.
1648 1550 76 46 â‹
1679 1550 153 46 Tertio
1786 1550 199 46 arguitur.
1939 1550 92 46 si
1970 1550 122 46 volun-

1290 1586 92 50 tas
1342 1586 197 50 efficaciter
1500 1586 118 50 velit
1579 1586 144 50 aliquem
1684 1586 131 50 finem:
1776 1586 105 50 puta
1841 1586 184 50 sanitatem:
1986 1586 79 50 et
2012 1586 79 50 scit

1300 1622 84 52 se
1342 1622 98 52 non
1398 1622 125 52 posse
1481 1622 167 52 consequi
1607 1622 125 52 illam
1690 1622 111 52 sine
1760 1622 153 52 potione
1871 1622 139 52 amara:
1955 1622 139 52 voluntas

1295 1663 87 42 de
1338 1663 217 42 necessitate
1511 1663 116 42 vult
1584 1663 130 42 illam
1671 1663 174 42 potionem
1801 1663 145 42 amaram
1902 1663 145 42 stante
1989 1663 101 42 prio-

1299 1700 80 42 ri
1339 1700 186 42 volitione.
1485 1700 106 42 ergo
1552 1700 106 42 ille
1618 1700 120 42 actus
1698 1700 146 42 impatus
1804 1700 93 42 non
1858 1700 93 42 est
1911 1700 133 42 liber.
2004 1700 67 42 â‹
2017 1700 67 42 Sed

1292 1734 112 43 huic
1362 1734 183 43 argumento
1503 1734 112 43 dici
1573 1734 141 43 potest
1671 1734 98 43 (vt
1728 1734 155 43 dicitur
1840 1734 197 43 communiter
1995 1734 70 43 /
2009 1734 84 43 dam-

1296 1772 76 43 do
1334 1772 189 43 antecedens:
1486 1772 76 43 et
1524 1772 202 43 distinguendo
1688 1772 189 43 consequens:
1839 1772 88 43 vel
1890 1772 164 43 lioertate
2004 1772 88 43 ante-

1299 1812 160 43 cedenti.
1419 1812 80 43 et
1459 1812 94 43 sic
1512 1812 120 43 nego.
1593 1812 160 43 velipsum
1713 1812 94 43 non
1766 1812 134 43 habere
1860 1812 134 43 stante
1953 1812 107 43 tali
2007 1812 80 43 actu

1299 1848 74 49 et
1336 1848 87 49 sic
1385 1848 149 49 concedo.
1497 1848 74 49 Et
1534 1848 199 49 consequenter
1696 1848 161 49 diceretur
1820 1848 74 49 si
1857 1848 99 49 quis
1919 1848 137 49 diligat
2006 1848 87 49 deum:

1298 1886 83 48 et
1340 1886 110 48 omne
1409 1886 110 48 quod
1478 1886 110 48 vult
1547 1886 110 48 deus
1616 1886 69 48 a
1643 1886 83 48 se
1685 1886 152 48 diligi.
1795 1886 83 48 Et
1837 1886 83 48 si
1878 1886 179 48 reueletur
2002 1886 83 48 quod

1294 1922 113 46 deus
1365 1922 113 46 vult
1435 1922 170 46 platonem
1563 1922 71 46 a
1591 1922 85 46 se
1634 1922 156 46 diligi:
1747 1922 127 46 talis
1832 1922 85 46 de
1875 1922 212 46 necessitate
2030 1922 57 46 di

1287 1956 137 56 liget
1378 1956 198 56 platonem.
1530 1956 91 56 Et
1576 1956 183 56 dilectio
1713 1956 183 56 platonis
1850 1956 107 56 non
1911 1956 107 56 est
1957 1956 137 56 merito-

1289 1994 122 52 ria.
1365 1994 122 52 quia
1442 1994 229 52 naturaliter
1625 1994 199 52 imperatur
1778 1994 92 52 ab
1824 1994 138 52 alia.
1916 1994 76 52 â‹
1946 1994 107 52 Sed
1992 1994 92 52 con-

1300 2032 86 52 tra
1349 2032 110 52 istud
1422 2032 147 52 arguitur
1533 2032 98 52 sic.
1594 2032 74 52 ex
1631 2032 98 52 isto
1692 2032 147 52 sequitur
1802 2032 98 52 quod
1863 2032 98 52 ille
1925 2032 86 52 qui
1974 2032 98 52 vult
2023 2032 61 52 ef-

1297 2066 189 48 ficaciter
1443 2066 160 48 implere
1559 2066 174 48 precepta
1689 2066 174 48 decalogi
1820 2066 102 48 non
1878 2066 189 48 mereretur
2008 2066 73 48 per

1302 2108 76 44 oc
1340 2108 102 44 quod
1404 2108 152 44 impleret
1518 2108 89 44 ea.
1569 2108 63 44 â‹
1594 2108 76 44 Et
1632 2108 89 44 sic
1683 2108 89 44 per
1734 2108 89 44 hoc
1784 2108 102 44 quod
1848 2108 89 44 ego
1899 2108 190 44 efficacitur
2038 2108 51 44 vo

1280 2143 99 49 lo
1330 2143 199 49 infronte
1479 2143 265 49 quadragesime
1695 2143 199 49 ieiunare
1844 2143 149 49 totam
1926 2143 166 49 quadrage

1292 2180 144 46 simam
1388 2180 192 46 quolibet
1532 2180 112 46 die
1596 2180 192 46 eliciens
1740 2180 144 46 nouam
1836 2180 224 46 volitionem
1996 2180 96 46 ieu-

1285 2224 131 47 nandi
1372 2224 160 47 propter
1488 2224 116 47 deum
1560 2224 73 47 /
1589 2224 102 47 non
1647 2224 174 47 merebor.
1778 2224 116 47 Quod
1850 2224 87 47 si
1894 2224 189 47 concedas:
2024 2224 58 47 se

1291 2260 143 53 quitur
1391 2260 114 53 quod
1462 2260 86 53 si
1505 2260 100 53 ego
1562 2260 214 53 efficaciter
1733 2260 128 53 velim
1818 2260 157 53 seruare
1932 2260 128 53 omnia
2003 2260 86 53 pre-

1292 2299 127 39 cepta
1376 2299 141 39 diuina
1475 2299 85 39 et
1517 2299 169 39 ecclesie
1644 2299 99 39 pro
1701 2299 113 39 tota
1771 2299 127 39 vita:
1856 2299 99 39 non
1912 2299 155 39 merebor
2011 2299 70 39 per

1285 2332 136 50 nouos
1375 2332 136 50 actus
1466 2332 121 50 quos
1541 2332 151 50 elicio
1647 2332 196 50 faciendos
1798 2332 166 50 propter
1918 2332 136 50 deum.
1994 2332 90 50 Ista

1287 2366 118 46 sunt
1361 2366 193 46 manifeste
1509 2366 148 46 falsa.
1613 2366 89 46 et
1657 2366 133 46 patet
1746 2366 252 46 consequentia:
1954 2366 118 46 quia
2013 2366 74 46 im-

1283 2404 174 46 perantur
1413 2404 101 46 per
1471 2404 87 46 te
1514 2404 217 46 naturaliter
1688 2404 72 46 a
1716 2404 188 46 volitione
1861 2404 145 46 prima.
1948 2404 130 46 effica.

1291 2445 123 50 citer
1373 2445 109 50 enim
1441 2445 109 50 volo
1510 2445 136 50 habere
1605 2445 218 50 beatitudinem
1783 2445 109 50 quam
1851 2445 164 50 consequi
1960 2445 109 50 nequec

1282 2483 101 48 nisi
1345 2483 88 48 per
1396 2483 189 48 impletionem
1547 2483 214 48 praeceptorum.
1723 2483 101 48 tunc
1786 2483 113 48 eorum
1861 2483 151 48 impletio
1974 2483 88 48 est
2012 2483 63 48 me-

1287 2513 107 55 dium
1354 2513 201 55 necessarium
1514 2513 80 55 de
1554 2513 107 55 lege
1621 2513 80 55 ad
1661 2513 227 55 consecutionem
1849 2513 134 55 illius
1942 2513 134 55 finis:
2022 2513 54 55 et

1276 2551 199 54 efficaciter
1435 2551 106 54 volo
1501 2551 132 54 finem.
1593 2551 106 54 tunc
1660 2551 93 54 per
1713 2551 79 54 te
1752 2551 212 54 naturaliter:
1924 2551 79 54 et
1964 2551 93 54 non
2004 2551 66 54 li-

1275 2586 117 54 bere
1348 2586 175 54 sequitur
1479 2586 160 54 volitio
1596 2586 131 54 medii
1684 2586 219 54 apprehensi.
1858 2586 117 54 ergo
1931 2586 102 54 per
1975 2586 102 54 actus

1284 2626 137 51 medii
1375 2626 107 51 non
1436 2626 183 51 merebor.
1573 2626 76 51 â‹
1603 2626 137 51 Forte
1695 2626 198 51 diffugium
1847 2626 167 51 queres:
1953 2626 122 51 dicens

1279 2660 94 65 quod
1338 2660 70 65 ad
1373 2660 105 65 actum
1443 2660 94 65 esse
1502 2660 164 65 meritorium
1630 2660 140 65 sufficit
1736 2660 94 65 quod
1794 2660 187 65 antecedenter
1946 2660 82 65 sit
1981 2660 94 65 liber.
