2520 3323
388 282 89 50 in
433 282 223 50 intellectu.
611 282 119 50 Unus
685 282 148 50 sensus
789 282 119 50 est:
863 282 163 50 aliquid
982 282 104 50 est
1042 282 89 50 in
1086 282 89 50 re
1116 282 74 50 exi

388 320 129 52 stens
474 320 86 52 et
517 320 144 52 nullum
618 320 173 52 obiectum
747 320 201 52 cogitabile
905 320 101 52 est
963 320 101 52 vel
1020 320 115 52 esse
1078 320 115 52 potest

387 358 137 50 maius.
483 358 82 50 et
524 358 96 50 sic
579 358 192 50 propositio
729 358 96 50 est
784 358 123 50 vera:
866 358 82 50 vt
907 358 123 50 patet
989 358 82 50 de
1030 358 109 50 deo.
1085 358 96 50 Alius

376 397 130 53 sensus
467 397 91 53 est
519 397 117 53 iste.
597 397 143 53 aliquid
701 397 156 53 existit:
819 397 78 53 at
858 397 130 53 nullus
949 397 195 53 intellectus
1092 397 104 53 potest

387 441 176 44 cogitare
519 441 162 44 aliquod
637 441 176 44 obiectum
769 441 117 44 esse
843 441 132 44 maius
931 441 132 44 illo.
1019 441 88 44 et
1063 441 117 44 ille
1122 441 73 44 sen

389 476 101 48 sus
446 476 101 48 est
504 476 159 48 falsus.
619 476 144 48 potest
720 476 115 48 homo
792 476 187 48 imaginari
936 476 159 48 aliquid
1052 476 130 48 maius
1124 476 72 48 deo

387 516 88 41 et
431 516 102 41 hoc
490 516 190 41 infinito.
635 516 88 41 et
679 516 102 41 hic
738 516 102 41 est
796 516 161 41 prorius
913 516 146 41 sensus
1015 516 146 41 quando
1102 516 88 41 ter-

387 546 133 54 minus
476 546 133 54 maius
564 546 177 54 sequitur
697 546 192 54 cogitare:
845 546 133 54 prior
933 546 148 54 sensus
1036 546 103 54 cum
1081 546 103 54 prae-

392 592 156 45 cedit.
501 592 78 45 ⁋
533 592 109 45 hic
595 592 156 45 iterum
704 592 218 45 inuoluitur
875 592 234 45 difficultas
1047 592 140 45 logica-

380 623 122 56 lis:
456 623 91 56 an
502 623 107 56 sit
563 623 198 56 videlicet
715 623 198 56 ampliatio
867 623 137 56 vltra
959 623 183 56 quattuor
1080 623 107 56 diffe

386 660 164 53 rentias
506 660 194 53 temporis.
655 660 90 53 et
700 660 149 53 iterum
804 660 164 53 incidit
924 660 134 53 aliud
1014 660 120 53 quod
1073 660 120 53 copula

394 699 230 53 principalis
577 699 168 53 ampliat
700 699 92 53 ad
746 699 184 53 quinque:
884 699 92 53 et
930 699 168 53 ratione
1052 699 123 53 eius
1113 699 77 53 vel

388 737 104 51 sui
447 737 207 51 participii
610 737 133 51 venit
699 737 207 51 ampliatio:
862 737 89 51 et
906 737 104 51 non
965 737 163 51 ratione
1069 737 118 51 copule

389 779 144 50 minus
485 779 255 50 principalis.
692 779 207 50 propterea
852 779 255 50 concederetur
1059 779 112 50 hec
1107 779 80 50 con

387 815 201 53 pulatiua:
541 815 170 53 chimera
665 815 108 53 vel
726 815 232 53 impossibile
912 815 216 53 imaginatur
1082 815 93 53 et
1113 815 77 53 chi

390 852 121 47 mera
465 852 106 47 non
526 852 151 47 potest
631 852 196 47 imaginari
782 852 181 47 aliquid.
918 852 106 47 Sed
979 852 106 47 hec
1039 852 121 47 quae
1099 852 91 47 sunt

392 894 190 41 inutilia
534 894 158 41 nostro
645 894 174 41 negocio
771 894 269 41 pertranseundo
993 894 174 41 dicimus
1103 894 95 41 quod

393 921 227 57 argumentum
571 921 146 57 beati
669 921 179 57 Anselmi
799 921 146 57 nihil
896 921 179 57 conclud
1026 921 97 57 it
1075 921 97 57 in
1108 921 97 57 quo-

394 969 155 46 cunque
502 969 139 46 sensu
595 969 201 46 capiatur:
750 969 93 46 et
796 969 201 46 quecunque
951 969 201 46 ampliatio
1091 969 108 46 admit

386 1006 163 53 tatur:
500 1006 98 53 vt
549 1006 147 53 patet
630 1006 212 53 aduertenti.

384 1040 90 63 ⁋
420 1040 235 63 Apostolus
601 1040 180 63 nanque
727 1040 144 63 ait:
817 1040 144 63 quod
907 1040 271 63 inuisibilia
1106 1040 90 63 dei

393 1096 92 49 a
429 1096 220 49 creatura
594 1096 165 49 mundi
704 1096 128 49 per
778 1096 165 49 caque
888 1096 165 49 facta
980 1096 128 49 suut.

609 1135 97 53 nc
657 1135 146 53 circa
755 1135 130 53 hanc
836 1135 275 53 distinctionem
1046 1135 146 53 tertiam

599 1178 199 47 queritur
749 1178 166 47 primo.
865 1178 99 47 An
914 1178 133 47 deus
997 1178 166 47 potest
1097 1178 99 47 crea

603 1211 91 51 re
648 1211 181 51 notitiam
784 1211 211 51 intuitiuam
950 1211 121 51 sine
1011 1211 181 51 praesentia

584 1248 113 59 set
648 1248 226 59 existentia
826 1248 194 59 obiecti.
972 1248 81 59 ⁋
988 1248 210 59 Respondetur

587 1286 115 51 sad
652 1286 229 51 questionem
832 1286 115 51 per
898 1286 131 51 duas
963 1286 229 51 conclusiones

519 1324 90 44 A
555 1324 90 44 ⁋
591 1324 162 44 Prima
699 1324 144 44 est:
789 1324 144 44 deus
880 1324 216 44 notitiam
1024 1324 180 44 intuiti-

405 1365 112 45 uam
469 1365 159 45 potest
580 1365 207 45 producere
740 1365 127 45 sine
819 1365 223 45 praesentia
979 1365 159 45 obiecti.

405 1399 80 51 ⁋
437 1399 192 51 Probatur
581 1399 112 51 sic
645 1399 80 51 /
677 1399 192 51 quicquid
822 1399 160 51 potest
934 1399 128 51 deus
1014 1399 160 51 facere
1110 1399 80 51 cum

402 1440 145 46 causa
498 1440 177 46 secunda
627 1440 161 46 potest
739 1440 96 46 se
787 1440 145 46 solo:
884 1440 193 46 notitiam
1012 1440 193 46 intuitiuam

404 1473 129 49 deus
485 1473 162 49 potest
598 1473 162 49 facere
711 1473 194 49 mediante
857 1473 178 49 obiecto
986 1473 194 49 cognito:
1115 1473 81 49 er-

396 1519 90 48 go
441 1519 135 48 illam
531 1519 150 48 potest
635 1519 150 48 facere
740 1519 90 48 se
785 1519 135 48 solo.
875 1519 195 48 discursus
1024 1519 105 48 est
1069 1519 135 48 euidens

400 1551 117 47 cum
467 1551 183 47 minore:
600 1551 217 47 oppositum
767 1551 183 47 maioris
901 1551 117 47 est
967 1551 150 47 error
1051 1551 150 47 Parisit

404 1590 214 47 damnatus.
568 1590 82 47 ⁋
601 1590 99 47 Et
650 1590 263 47 confirmatur:
863 1590 131 47 deus
946 1590 164 47 potest
1061 1590 99 47 se
1093 1590 99 47 solo

402 1625 192 52 causare
541 1625 227 52 immediate
716 1625 209 52 notitiam
873 1625 244 52 intuitiuam
1047 1625 157 52 obiecti

412 1669 232 46 existentis:
597 1669 93 46 et
643 1669 201 46 presentis
798 1669 124 46 ipso
875 1669 170 46 obiecto
998 1669 108 46 non
1045 1669 154 46 causante

410 1699 220 48 effectiue:
583 1699 126 48 ergo
662 1699 157 48 potest
772 1699 189 48 notitiam
913 1699 220 48 intuitiuam
1086 1699 110 48 rei
1133 1699 63 48 ab

404 1733 170 55 sentis:
527 1733 108 55 vel
589 1733 108 55 non
651 1733 217 55 existentis
822 1733 201 55 causare,.
977 1733 217 55 consequens
1132 1733 77 55 est

404 1776 175 49 certum:
532 1776 96 49 et
579 1776 255 49 consequentia
787 1776 175 49 videtur
914 1776 143 49 satis
1010 1776 175 49 lucida:
1121 1776 80 49 cum

408 1817 217 46 existentia
578 1817 170 46 obiecti
701 1817 139 46 nihil
794 1817 155 46 faciat
903 1817 93 46 ad
949 1817 139 46 illam
1026 1817 155 46 notitiam

409 1852 85 50 ⁋
443 1852 186 50 Insuper
578 1852 135 50 deus
663 1852 169 50 potest
781 1852 169 50 creare
900 1852 203 50 notitiam
1035 1852 169 50 intuiti-

414 1886 112 52 uam
478 1886 112 52 mei
542 1886 96 52 in
589 1886 143 52 beato
685 1886 143 52 Petro
781 1886 96 52 me
828 1886 207 52 existente
988 1886 96 52 in
1036 1886 159 52 terra:
1131 1886 80 52 er-

416 1933 94 47 go
463 1933 141 47 etiam
558 1933 157 47 potest
668 1933 94 47 de
715 1933 94 47 me
762 1933 110 47 non
825 1933 220 47 existente:
998 1933 110 47 cum
1045 1933 157 47 existen-

417 1968 105 44 tia
477 1968 105 44 vel
537 1968 105 44 non
597 1968 211 44 existentia
763 1968 105 44 mei
823 1968 135 44 nihil
913 1968 150 44 faciat
1019 1968 90 44 ad
1049 1968 165 44 efficien-

413 2006 127 44 tiam
493 2006 159 44 illius
604 2006 191 44 notitie.
747 2006 79 44 ⁋
779 2006 175 44 Rursus:
906 2006 127 44 deus
985 2006 159 44 potest
1081 2006 127 44 conser

419 2043 126 45 uare
498 2043 189 45 notitiam
640 2043 221 45 intuitiuam
814 2043 174 45 obiecti
940 2043 221 45 existentis
1098 2043 110 45 obie-

416 2083 115 43 cto
481 2083 214 43 corrupto:
646 2083 132 43 ergo
729 2083 148 43 ipsam
828 2083 214 43 producere
993 2083 181 43 poterat
1108 2083 99 43 sine

416 2124 199 40 concursu
565 2124 199 40 obiecti.
714 2124 83 40 ⁋
748 2124 149 40 Item:
847 2124 132 40 deus
930 2124 166 40 potest
1029 2124 182 40 conserua-

417 2149 89 52 re
462 2149 162 52 species
580 2149 280 52 representatiuas
816 2149 74 52 a
845 2149 177 52 obiecti:
978 2149 89 52 in
1022 2149 148 52 medio:
1125 2149 89 52 et
1155 2149 59 52 in

420 2202 179 38 organo:
550 2202 163 38 quibus
664 2202 244 38 conseruatis
859 2202 212 38 habebitur
1022 2202 179 38 notitia
1136 2202 81 38 in-

421 2234 170 45 tuitiua
544 2234 77 45 a
575 2234 185 45 obiecti.
713 2234 170 45 igitur.
837 2234 77 45 ⁋
868 2234 185 45 Preterea
1006 2234 92 45 si
1052 2234 108 45 non
1099 2234 123 45 potest

416 2264 174 50 causare
543 2264 190 50 notitiam
685 2264 222 50 intuitiuam
860 2264 111 50 rei
923 2264 190 50 absentis
1065 2264 111 50 hoc
1113 2264 95 50 idec

431 2307 142 45 sset:
526 2307 126 45 quia
605 2307 126 45 bene
684 2307 205 45 sequitur:
841 2307 174 45 notitia
968 2307 205 45 intuitiua
1110 2307 110 45 huius

420 2343 162 49 obiecti
538 2343 118 49 est.
611 2343 118 49 ergo
685 2343 132 49 istud
773 2343 176 49 obiectum
905 2343 118 49 est:
979 2343 103 49 sed
1038 2343 118 49 illa
1096 2343 118 49 conse-

426 2379 171 50 quentia
551 2379 109 50 est
613 2379 156 50 nulla.
722 2379 156 50 patet:
831 2379 124 50 deus
909 2379 202 50 intuitiue
1064 2379 140 50 videt
1142 2379 78 50 An-

429 2422 216 42 tichristum
599 2422 108 42 qui
660 2422 108 42 non
722 2422 124 42 est:
800 2422 108 42 non
861 2422 186 42 existens
1001 2422 155 42 potest
1093 2422 124 42 termi-

430 2454 120 47 nare
505 2454 195 47 notitiam.
655 2454 135 47 Nulla
745 2454 105 47 est
805 2454 105 47 hic
866 2454 150 47 euasio
971 2454 120 47 nisi
1046 2454 165 47 dicendo
1151 2454 75 47 in-

425 2494 213 50 tuitiuam:
589 2494 131 50 deus
671 2494 164 50 potest
786 2494 213 50 producere
950 2494 99 50 se
999 2494 148 50 solo:
1098 2494 115 50 sed
1147 2494 82 50 non

435 2532 107 47 est
496 2532 199 47 possibile
649 2532 199 47 producere
801 2532 214 47 intuitiuam
969 2532 92 47 se
1015 2532 137 47 solo:
1107 2532 122 47 quia
1168 2532 61 47 de

436 2571 150 42 ratione
546 2571 150 42 notitie
655 2571 178 42 intuitiue
792 2571 96 42 est
846 2571 109 42 quod
915 2571 164 42 obiectum
1038 2571 109 42 eius
1106 2571 96 42 sit
1147 2571 82 42 pri-

436 2611 123 44 sens.
518 2611 96 44 hoc
573 2611 96 44 est
628 2611 123 44 solum
710 2611 123 44 stare
792 2611 82 44 in
834 2611 164 44 termino.
957 2611 164 44 sufficit
1080 2611 110 44 quod
1135 2611 82 44 erit

429 2647 172 48 entitas
555 2647 172 48 eiusdem
680 2647 172 48 speciei
805 2647 110 48 cum
868 2647 172 48 notitia
993 2647 219 48 intuitiua:
1150 2647 78 48 non

446 2685 181 47 ponendo
577 2685 214 47 respectus
742 2685 99 47 in
792 2685 148 47 rebus
890 2685 99 47 ad
940 2685 148 47 extra
1039 2685 115 47 non
1088 2685 132 47 potest

434 2727 208 58 occurrere
594 2727 96 58 ad
642 2727 256 58 attingentiam
850 2727 192 58 notitiae
994 2727 96 58 ad
1026 2727 176 58 obiectum.

1249 276 85 50 ⁋
1283 276 171 50 Contra
1403 276 154 50 istam
1505 276 273 50 conclusionem
1727 276 222 50 arguitur:
1897 276 137 50 bene
1966 276 85 50 se-

1243 323 183 42 quitur.
1377 323 117 42 ego
1443 323 150 42 video
1544 323 133 42 hanc
1627 323 234 42 albedinem:
1810 323 167 42 igitur
1911 323 133 42 albedo

1244 356 126 47 est.
1323 356 220 47 Antecedens
1496 356 110 47 est
1559 356 110 47 vna
1622 356 236 47 affirmatiua
1811 356 220 47 propositio
1984 356 94 47 ad

1251 394 140 40 cuius
1345 394 202 40 veritatem
1500 394 218 40 requiritur
1671 394 124 40 quod
1749 394 233 40 praedicatum
1920 394 124 40 suppo-

1242 429 129 48 nat.
1322 429 81 48 ⁋
1355 429 113 48 hic
1419 429 209 48 respondet
1580 429 161 48 quidam
1693 429 161 48 doctor
1805 429 129 48 quod
1870 429 193 48 antecedens

1243 468 122 46 est
1312 468 175 46 falsum
1435 468 192 46 propter
1575 468 175 46 falsam
1697 468 297 46 implicationem
1942 468 140 46 eius
2012 468 52 46 a

1251 503 136 52 parte
1341 503 226 52 praedicati.
1522 503 105 52 nam
1582 503 90 52 in
1627 503 90 52 eo
1673 503 211 52 implicatur
1838 503 120 52 quod
1913 503 105 52 ego
1959 503 105 52 vide-

1246 548 90 39 am
1291 548 121 39 hoc:
1367 548 90 39 et
1412 548 106 39 hoc
1472 548 106 39 sit
1532 548 166 39 albedo:
1653 548 121 39 quod
1728 548 106 39 est
1789 548 166 39 falsum.
1909 548 136 39 sicut
1985 548 75 39 di-

1237 589 155 41 cendo
1340 589 155 41 video
1444 589 190 41 hominem
1582 589 172 41 album:
1702 589 241 41 implicatur
1892 589 138 41 quod
1961 589 86 41 ego

1251 621 158 44 videam
1362 621 190 44 hominem:
1505 621 95 44 et
1552 621 127 44 ille
1631 621 111 44 sit
1695 621 158 44 albus.
1806 621 95 44 Si
1853 621 190 44 obiectum
1980 621 79 44 vi-

1256 659 167 40 imonis
1373 659 183 40 precise
1506 659 267 40 significetur
1723 659 117 40 per
1789 659 200 40 pronomen
1923 659 133 40 demon-

1248 693 196 44 stratiuum
1399 693 90 44 vt
1444 693 181 44 dicendo:
1580 693 136 44 video
1670 693 121 44 hoc.
1745 693 121 44 esto
1821 693 121 44 quod
1896 693 136 44 nihil
1972 693 90 44 sit:

1238 737 122 42 aut
1307 737 122 42 per
1377 737 157 42 nomen
1482 737 227 42 proprium:
1656 737 105 42 vt
1708 737 192 42 dicendo
1848 737 157 42 video
1952 737 105 42 a:
1987 737 70 42 vt

1249 770 139 41 nunc
1335 770 208 41 dicimus:
1491 770 139 41 deus
1578 770 156 41 videt
1682 770 277 41 antichristum
1890 770 173 41 conceden

1252 805 89 45 da
1297 805 104 45 est
1356 805 224 45 propositio:
1535 805 164 45 quaeuis
1655 805 89 45 vt
1699 805 149 45 dictum
1804 805 104 45 est
1848 805 209 45 significando

1241 847 168 41 ipsum
1353 847 131 41 per
1428 847 224 41 terminum
1596 847 224 41 communem
1764 847 112 41 et
1820 847 131 41 per
1875 847 187 41 pronomen

1254 882 284 46 demonstratiuum
1491 882 174 46 neganda
1618 882 126 46 sit.
1697 882 95 46 Et
1744 882 142 46 ratio
1839 882 126 46 est:
1918 882 126 46 quia
1981 882 79 46 il-

1257 920 94 45 ud
1304 920 189 45 obiectum
1446 920 110 45 non
1509 920 110 45 est
1572 920 157 45 aliqua
1682 920 189 45 entitas.
1823 920 110 45 per
1870 920 189 45 consequens

1243 963 108 38 non
1304 963 108 38 est
1366 963 154 38 aliqua
1473 963 169 38 albedo.
1596 963 154 38 igitur
1704 963 108 38 nec
1765 963 108 38 est
1827 963 169 38 albedo.
1949 963 92 38 Si
1980 963 77 38 ar-

1253 995 138 47 guas
1339 995 155 47 vltra
1442 995 121 47 hoc
1511 995 276 47 demonstrando
1735 995 155 47 illud
1839 995 207 47 obiectum
1977 995 86 47 vi-

1250 1038 114 40 sum
1315 1038 114 40 vel
1380 1038 146 40 alsit
1477 1038 81 40 a
1510 1038 146 40 nomen
1607 1038 130 40 eius
1688 1038 211 40 proprium)
1851 1038 114 40 non
1916 1038 114 40 est
1965 1038 97 40 albe

1258 1074 106 39 do.
1318 1074 151 39 igitur
1424 1074 106 39 hoc
1484 1074 106 39 non
1544 1074 106 39 est
1605 1074 121 39 hoc:
1680 1074 90 39 et
1725 1074 75 39 a
1755 1074 106 39 non
1816 1074 106 39 est
1876 1074 90 39 a.
1921 1074 75 39 ⁋
1936 1074 121 39 Respon

1243 1111 159 44 detur
1349 1111 159 44 primo
1456 1111 248 44 concedendo
1650 1111 265 44 consequens.
1862 1111 88 44 a
1898 1111 142 44 enim
1969 1111 88 44 non

1254 1146 113 45 est
1318 1146 97 45 a:
1367 1146 113 45 sed
1431 1146 161 45 potest
1544 1146 129 45 esse
1624 1146 97 45 a.
1673 1146 145 45 eodem
1769 1146 129 45 modo
1850 1146 193 45 dicendum
1978 1146 81 45 est

1252 1186 115 47 quod
1323 1186 230 47 antichristus
1510 1186 101 47 non
1568 1186 101 47 est
1625 1186 244 47 antichristus:
1826 1186 101 47 sed
1884 1186 144 47 potest
1970 1186 86 47 esse

1245 1221 303 48 antichristus.
1495 1221 89 48 ⁋
1531 1221 196 48 Secundo
1673 1221 196 48 negando
1798 1221 268 48 consequentiam

1264 1264 108 44 uia
1325 1264 108 44 nec
1387 1264 108 44 hoc
1449 1264 108 44 nec
1511 1264 77 44 a
1542 1264 108 44 est
1604 1264 186 44 inferius
1743 1264 93 44 ad
1790 1264 217 44 albedinem:
1945 1264 108 44 quam-

1257 1302 111 38 uis
1320 1302 158 38 posset
1431 1302 126 38 esse
1510 1302 190 38 inferius
1652 1302 95 38 ad
1700 1302 158 38 ipsam.
1810 1302 79 38 ⁋
1842 1302 205 38 Similiter
1984 1302 79 38 di-

1258 1334 87 43 co
1301 1334 116 43 quod
1373 1334 101 43 hec
1431 1334 87 43 in
1475 1334 116 43 illo
1547 1334 130 43 casu:
1634 1334 130 43 video
1721 1334 188 43 albedinem
1866 1334 101 43 non
1924 1334 101 43 est
1967 1334 87 43 dan-

1255 1373 100 46 da:
1312 1373 100 46 nam
1369 1373 115 46 tunc
1441 1373 100 46 hec
1498 1373 143 46 esset:
1599 1373 115 46 vera
1670 1373 129 46 nulla
1756 1373 143 46 albedo
1856 1373 158 46 videtur
1971 1373 72 46 a
1985 1373 72 46 me:

1257 1410 92 44 tum
1309 1410 105 44 quia
1375 1410 171 44 quaelibet
1506 1410 184 44 singularis
1650 1410 92 44 est
1703 1410 118 44 vera:
1782 1410 92 44 tum
1834 1410 105 44 quia
1900 1410 92 44 hec
1952 1410 92 44 est
1991 1410 66 44 ve-

1257 1451 93 41 ra
1303 1451 155 41 nullum
1411 1451 139 41 visum
1504 1451 108 41 est
1566 1451 77 41 a
1596 1451 93 41 me
1643 1451 108 41 est
1705 1451 170 41 albedo:
1828 1451 201 41 supposito
1967 1451 93 41 quod

1265 1484 104 47 tunc
1330 1484 91 47 non
1382 1484 156 47 videatur
1498 1484 143 47 aliquid
1602 1484 104 47 quod
1667 1484 91 47 sit
1719 1484 78 47 in
1758 1484 117 47 rerum
1836 1484 143 47 natura.
1926 1484 130 47 Sequitur

1262 1529 138 38 autem.
1359 1529 124 38 nulla
1441 1529 138 38 albedo
1538 1529 152 38 videtur
1648 1529 69 38 a
1676 1529 97 38 me.
1731 1529 138 38 igitur
1828 1529 138 38 nullam
1910 1529 152 38 albedinem

1267 1561 144 43 video.
1367 1561 86 43 et
1410 1561 144 43 vltra:
1511 1561 101 43 non
1568 1561 129 43 video
1655 1561 201 43 albedinem.
1813 1561 101 43 nam
1870 1561 187 43 econuerso
2000 1561 57 43 se

1269 1604 148 41 quitur:
1376 1604 121 41 video
1457 1604 189 41 albedinem.
1605 1604 148 41 igister
1713 1604 135 41 albedo
1807 1604 148 41 videtur
1915 1604 67 41 a
1942 1604 94 41 me.
1982 1604 81 41 Ecce

1261 1635 131 46 modum
1349 1635 131 46 huius
1436 1635 117 46 viri
1509 1635 87 46 in
1553 1635 233 46 respondendo.
1742 1635 73 46 ⁋
1772 1635 102 46 Sed
1830 1635 102 46 hec
1888 1635 160 46 solutio
1990 1635 73 46 non

1259 1672 142 41 valet:
1358 1672 113 41 quia
1429 1672 99 41 vel
1485 1672 113 41 isti
1556 1672 156 41 termini
1669 1672 127 41 video
1754 1672 71 41 /
1783 1672 170 41 cognosco
1910 1672 71 41 /
1924 1672 142 41 ampliant

1261 1710 104 45 vel
1321 1710 119 45 non.
1395 1710 89 45 Si
1439 1710 148 45 primum
1543 1710 134 45 debes
1632 1710 193 45 concedere
1781 1710 134 45 omnes
1870 1710 148 45 tales:
1959 1710 104 45 video

1268 1751 111 46 hanc
1338 1751 194 46 albedinem:
1490 1751 83 46 et
1532 1751 125 46 video
1615 1751 111 46 hoc:
1684 1751 83 46 et
1726 1751 97 46 hec
1782 1751 139 46 albedo
1879 1751 153 46 videtur
1990 1751 69 46 a
2004 1751 56 46 me

1264 1790 85 43 et
1306 1790 99 43 ita
1363 1790 85 43 de
1405 1790 155 43 omnibus
1518 1790 268 43 propositionibus
1744 1790 99 43 ibi
1801 1790 170 43 positis.
1928 1790 85 43 Si
1970 1790 99 43 non
2013 1790 57 43 am

1266 1825 133 47 pliant
1359 1825 106 47 ille
1425 1825 106 47 sunt
1492 1825 159 47 negande.
1611 1825 80 47 Et
1651 1825 133 47 doitur
1744 1825 106 47 quod
1811 1825 120 47 tales
1890 1825 146 47 termini
1983 1825 80 47 sunt

1265 1866 216 42 ampliatiui:
1437 1866 86 42 vt
1481 1866 187 42 cognosco:
1625 1866 202 42 intelligo.
1783 1866 130 42 video
1870 1866 86 42 in
1899 1866 158 42 proposito

1267 1897 91 44 est
1319 1897 130 44 habere
1410 1897 156 44 notitiam
1527 1897 195 44 intuitivam.
1682 1897 78 44 Et
1721 1897 130 44 iterum
1812 1897 78 44 in
1851 1897 104 44 illo
1916 1897 104 44 quod
1968 1897 91 44 dicit

1270 1937 109 48 quod
1339 1937 96 48 non
1393 1937 164 48 arguitur
1516 1937 82 48 ab
1557 1937 205 48 inferioriad
1721 1937 164 48 superius
1844 1937 123 48 video
1926 1937 68 48 a
1953 1937 96 48 vel
1994 1937 68 48 hoc

1264 1974 112 47 ergo
1334 1974 126 47 video
1418 1974 196 47 albedinem:
1571 1974 84 47 eo
1613 1974 112 47 quod
1683 1974 98 47 hoc
1739 1974 98 47 vel
1795 1974 70 47 a
1823 1974 98 47 non
1878 1974 98 47 est
1920 1974 140 47 inferius

1261 2011 86 44 ad
1304 2011 86 44 ly
1347 2011 158 44 albedo:
1462 2011 86 44 eo
1505 2011 115 44 quod
1577 2011 115 44 vnus
1649 2011 173 44 terminus
1778 2011 101 44 non
1836 2011 187 44 vificatur
1980 2011 86 44 de
2008 2011 58 44 al

1270 2050 119 46 tero
1344 2050 178 46 mediante
1478 2050 148 46 copula
1582 2050 89 46 de
1626 2050 208 46 praesenti:
1789 2050 222 46 quemadmodum
1952 2050 119 46 logici

1269 2087 137 44 dicunt
1365 2087 82 44 de
1406 2087 109 44 isto
1474 2087 150 44 termino
1584 2087 109 44 Ada:
1652 2087 96 44 qui
1707 2087 96 44 non
1761 2087 96 44 est
1816 2087 164 44 inferius
1939 2087 82 44 ad
1966 2087 96 44 istum

1267 2127 171 47 terminum
1395 2127 114 47 homo
1467 2127 86 47 in
1509 2127 214 47 supponendo:
1681 2127 100 47 sed
1738 2127 128 47 solum
1823 2127 86 47 in
1852 2127 214 47 significando.

1277 2162 100 46 hoc
1334 2162 129 46 nihil
1420 2162 143 46 valet:
1520 2162 129 46 comna
1606 2162 114 46 enim
1677 2162 100 46 est
1734 2162 100 46 ita
1791 2162 114 46 bona
1863 2162 172 46 arguendo
1992 2162 71 46 a
2006 2162 57 46 ta

1271 2200 80 46 li
1311 2200 227 46 inferioritate
1497 2200 120 46 sicut
1577 2200 80 46 ab
1617 2200 120 46 alia.
1698 2200 160 46 alioquin
1818 2200 187 46 existentia
1964 2200 93 46 vel
2004 2200 67 46 non

1272 2239 173 41 existentia
1408 2239 124 41 sortis
1494 2239 161 41 inficeret
1618 2239 210 41 consequentiam
1791 2239 74 41 et
1828 2239 87 41 eam
1877 2239 173 41 validaret:
2001 2239 74 41 quod

1272 2280 146 44 liquido
1378 2280 146 44 constat
1484 2280 106 44 esse
1551 2280 133 44 falsum
1644 2280 106 44 apud
1710 2280 106 44 vnum
1777 2280 173 44 quemlibet
1910 2280 146 44 logicam
2003 2280 66 44 in-

1275 2316 204 40 telligentem.
1441 2316 64 40 ⁋
1466 2316 89 40 Sed
1517 2316 140 40 contra:
1619 2316 102 40 tunc
1683 2316 115 40 dices
1759 2316 102 40 ista
1823 2316 89 40 est
1874 2316 178 40 concedenda
2001 2316 64 40 vi-

1278 2352 106 44 deo
1339 2352 243 44 antichristum
1536 2352 152 44 proter
1643 2352 243 44 ampliationem
1840 2352 182 44 termini.
1977 2352 76 44 ⁋
2007 2352 91 44 Ad

1276 2388 76 49 hoc
1319 2388 119 49 dicitur
1406 2388 76 49 hoc
1449 2388 119 49 negando
1536 2388 195 49 consequentiam:
1698 2388 86 49 quia
1752 2388 65 49 ad
1784 2388 119 49 vitatem
1871 2388 108 49 illius
1935 2388 130 49 nequiritur

1286 2427 106 48 quod
1352 2427 132 48 habeam
1444 2427 158 48 visionem
1563 2427 185 48 intuitiuam
1708 2427 79 48 ad
1748 2427 211 48 anticpristum
1907 2427 158 48 terminatam

1271 2464 107 49 quam
1338 2464 94 49 non
1391 2464 134 49 possum
1485 2464 121 49 hatre
1566 2464 215 49 naturaliter.
1740 2464 121 49 Eodem
1820 2464 107 49 modo
1887 2464 94 49 non
1928 2464 147 49 sequitur.

1279 2501 136 44 tango
1369 2501 181 44 calidum.
1505 2501 121 44 ergo
1580 2501 166 44 calidum
1701 2501 121 44 est:
1776 2501 121 44 quia
1852 2501 196 44 tactionem
1988 2501 90 44 cali

1279 2539 89 48 di
1324 2539 89 48 in
1368 2539 133 48 sensu
1456 2539 148 48 tactus
1560 2539 148 48 potest
1663 2539 118 48 deus
1737 2539 162 48 causare
1855 2539 89 48 in
1900 2539 133 48 nobis
1973 2539 89 48 sine

1283 2578 219 44 calefactiuo.
1462 2578 178 44 eodemmodo
1599 2578 123 44 gusto
1681 2578 123 44 cibum
1763 2578 96 44 qui
1818 2578 96 44 non
1873 2578 110 44 est.
1942 2578 82 44 ad
1969 2578 96 44 veri-

1274 2616 116 43 tatem
1351 2616 103 43 enim
1416 2616 129 43 illius
1505 2616 154 43 sufficit
1621 2616 116 43 haere
1698 2616 193 43 gustationem
1853 2616 103 43 cibi
1917 2616 77 43 in
1955 2616 116 43 sensu
2020 2616 51 43 gu

1273 2654 136 45 stus:
1363 2654 106 45 nec
1424 2654 181 45 sequitur
1559 2654 121 45 quod
1635 2654 121 45 homo
1710 2654 166 45 comedit
1831 2654 75 45 a
1861 2654 136 45 nihil
1936 2654 136 45 comedit

1279 2691 205 57 comedere
1432 2691 136 57 enim
1518 2691 153 57 dicit
1620 2691 239 57 fractionem
1807 2691 136 57 cibi
1893 2691 119 57 vel
1944 2691 136 57 attra
