2367 3306
429 247 169 69 ctionem
552 247 123 69 eius
629 247 92 69 in
675 247 200 69 stomacho.
829 247 77 69 ⁋
860 247 169 69 Secundo
983 247 200 69 arguitur.
1121 247 108 69 habe-

423 308 90 42 at
468 308 150 42 sortes
573 308 180 42 notitiam
708 308 210 42 intuitiuam
874 308 90 42 de
919 308 105 42 hoc
979 308 150 42 pilari
1069 308 165 42 corruptor

426 340 106 44 vel
487 340 167 44 virtute
608 340 152 44 illius
715 340 183 44 visionis
852 340 198 44 intuitiue
1004 340 152 44 sortes
1095 340 137 44 iudica-

439 381 101 44 bit
496 381 144 44 pilare
597 381 187 44 existere:
740 381 86 44 et
784 381 115 44 esse
855 381 187 44 figuratum
999 381 129 44 sicut
1085 381 115 44 ante
1143 381 86 44 erat

440 420 100 41 vel
497 420 115 41 non.
569 420 100 41 sed
626 420 158 41 neutrum
741 420 100 41 est
798 420 186 41 dicendum.
941 420 158 41 igitur.
1056 420 129 41 Forte
1128 420 100 41 dices

433 459 134 45 sicut
522 459 148 45 quidam
626 459 163 45 doctor)
745 459 163 45 virtute
864 459 148 45 illius
968 459 178 45 visionis
1086 459 134 45 iudica.

421 491 107 53 bit
482 491 153 53 pilare
589 491 107 53 non
650 491 138 53 esse:
742 491 122 53 illa
819 491 168 53 notitia
941 491 199 53 intuitiua
1079 491 153 53 producet

417 528 176 52 iudicium
549 528 147 52 huius.
652 528 103 52 hoc
711 528 147 52 pilare
814 528 103 52 est
873 528 117 52 ipso
946 528 191 52 existente
1093 528 103 52 cum
1137 528 88 52 ipso

419 567 175 55 pilari.
547 567 128 55 ipso
626 567 191 55 corrupto
770 567 191 55 producet
913 567 191 55 iudicium
1041 567 191 55 oppositum.

445 611 153 40 Contra
552 611 107 40 hoc
613 611 198 40 arguitur.
765 611 122 40 idem
842 611 198 40 inquantum
994 611 122 40 idem
1070 611 153 40 semper
1162 611 61 40 na

415 644 102 45 tum
474 644 102 45 est
532 644 145 45 facere
633 644 131 45 idem:
720 644 131 45 primo
807 644 87 45 de
851 644 232 45 generatione.
1039 644 116 45 ergo
1112 644 87 45 si
1141 644 87 45 ante

420 679 183 51 produxit
557 679 183 51 iudicium
694 679 153 51 huius:
801 679 153 51 pilare
908 679 122 51 est:
984 679 153 51 postea
1076 679 153 51 producet

423 717 132 44 idem.
511 717 88 44 Et
555 717 103 44 hoc
614 717 146 44 quando
716 717 103 44 non
775 717 190 44 concurrit
921 717 132 44 causa
1009 717 146 44 libera
1112 717 103 44 cum
1156 717 73 44 ea-

426 756 108 50 hoc
487 756 170 50 dixerim
611 756 170 50 propter
735 756 232 50 cognitionem
920 756 124 50 quae
997 756 124 50 nunc
1059 756 170 50 concurrit

420 793 98 44 ad
469 793 245 44 dilectionem
664 793 212 44 platonis:
827 793 130 44 nunc
909 793 98 44 ad
958 793 130 44 eius
1039 793 163 44 odium:
1137 793 98 44 pro-

420 833 124 46 pter
498 833 295 46 concausalitatem
747 833 217 46 voluntatis
917 833 109 46 que
980 833 109 46 est
1042 833 140 46 causa
1119 833 109 46 libe-

417 867 109 52 ra:
480 867 187 52 quicquid
620 867 125 52 illa
698 867 171 52 notitia
823 867 187 52 producit
963 867 125 52 mere
1025 867 203 52 naturaliter

419 904 181 61 producit
554 904 105 61 nec
615 904 120 61 eget
690 904 181 61 concursu
825 904 136 61 cause
916 904 151 61 libere
1021 904 166 61 secunde
1127 904 105 61 secum

435 948 249 42 concausantis.
640 948 73 42 ⁋
670 948 88 42 Et
714 948 234 42 confirmatur:
904 948 117 42 quia
977 948 146 42 pilare
1080 948 161 42 distans
1182 948 44 42 a

431 981 139 54 sorte
523 981 108 54 per
585 981 154 54 centum
692 981 139 54 mille
785 981 154 54 leucas
892 981 108 54 cum
954 981 169 54 notitia
1062 981 169 54 intuitiua

430 1021 185 50 producunt
572 1021 171 50 iudicium
701 1021 128 50 istud
786 1021 114 50 quod
857 1021 143 50 pilare
957 1021 114 50 est.
1028 1021 114 50 Ergo
1100 1021 114 50 sola
1157 1021 71 50 no-

434 1053 116 50 titia
512 1053 103 50 idem
576 1053 155 50 producit
692 1053 129 50 pilari
783 1053 90 50 non
835 1053 181 50 existenti.
977 1053 103 50 quia
1041 1053 129 50 pilari
1132 1053 78 50 in
1157 1053 78 50 illo

439 1094 202 48 interuallo
598 1094 101 48 non
655 1094 130 48 magis
742 1094 130 48 facit
829 1094 87 48 ad
872 1094 101 48 hoc
930 1094 116 48 quam
1003 1094 87 48 si
1046 1094 101 48 non
1089 1094 116 48 esset.

446 1130 75 54 ⁋
476 1130 149 54 Aliter
580 1130 194 54 respondet
730 1130 149 54 quidam
834 1130 134 54 alius
924 1130 164 54 doctor:
1043 1130 119 54 quod
1103 1130 119 54 nullum

443 1162 151 53 iudicium
557 1162 164 53 causabit.
683 1162 76 53 et
721 1162 114 53 ratio
797 1162 88 53 est
847 1162 151 53 secundum
961 1162 101 53 eum:
1024 1162 88 53 qui
1075 1162 88 53 vel
1125 1162 76 53 ad
1163 1162 88 53 iud

437 1207 114 46 cium
508 1207 85 46 de
551 1207 199 46 existentia
707 1207 114 46 rei:
778 1207 100 46 vel
835 1207 85 46 de
878 1207 100 46 non
935 1207 199 46 existentia
1092 1207 128 46 eius:
1163 1207 71 46 non

429 1251 167 45 primum:
550 1251 121 45 quia
626 1251 121 45 tunc
702 1251 182 45 iudicium
838 1251 182 45 causatum
974 1251 182 45 mediante
1096 1251 136 45 notitia

437 1289 172 43 intuitiua
569 1289 119 43 esset
649 1289 146 43 falsum.
754 1289 79 43 Et
794 1289 93 43 per
847 1289 185 43 consequens
993 1289 119 43 nulla
1072 1289 132 43 posset
1152 1289 79 43 habe

429 1320 81 46 ri
469 1320 175 46 certitudo
604 1320 81 46 de
644 1320 189 46 existentia
792 1320 108 46 rei.
859 1320 162 46 qualiter
981 1320 108 46 enim
1048 1320 121 46 essem
1115 1320 108 46 certus

427 1356 114 50 quod
498 1356 114 50 nunc
569 1356 143 50 albedo
669 1356 171 50 existit:
798 1356 86 50 si
841 1356 128 50 etiam
926 1356 143 50 quando
1026 1356 100 50 non
1069 1356 157 50 existere:

431 1398 185 44 iudicarem
573 1398 100 44 eum
630 1398 171 44 existere
759 1398 128 44 sicut
844 1398 100 44 nuc
901 1398 157 44 iudico:
1015 1398 100 44 nec
1072 1398 143 44 potest
1158 1398 71 44 da-

434 1433 76 47 ri
472 1433 164 47 secundum:
598 1433 101 47 quia
661 1433 189 47 impossibile
813 1433 88 47 est
863 1433 101 47 quod
926 1433 126 47 aliqua
1015 1433 114 47 causa
1078 1433 151 47 naturalite

440 1470 143 48 actiua
540 1470 114 48 nunc
611 1470 100 48 sit
668 1470 86 48 ca
711 1470 129 48 vnius
797 1470 186 48 effectus:
939 1470 86 48 et
982 1470 143 48 postea
1068 1470 157 48 contrarii

429 1512 74 43 ⁋
459 1512 103 43 Sed
518 1512 133 43 istud
606 1512 103 43 non
665 1512 147 43 valet:
768 1512 103 43 tum
827 1512 118 43 quia
901 1512 133 43 sicut
989 1512 147 43 albedo
1078 1512 147 43 concurri

434 1549 84 47 ad
476 1549 167 47 iudicium
601 1549 98 47 ita
657 1549 181 47 concurrit
797 1549 84 47 ad
839 1549 181 47 visiouem:
978 1549 98 47 sed
1034 1549 167 47 secundum
1145 1549 84 47 deus

425 1583 140 57 potest
523 1583 182 57 supplere:
664 1583 112 57 ergo
734 1583 84 57 et
776 1583 154 57 primum.
888 1583 70 57 ⁋
916 1583 168 57 Preterea
1043 1583 168 57 obiectum
1155 1583 70 57 pos

428 1629 162 43 parietem
550 1629 95 43 vel
604 1629 149 43 distans
712 1629 95 43 per
766 1629 203 43 immoderatam
929 1629 189 43 distantiam
1077 1629 68 43 /
1091 1629 135 43 secundum

439 1660 88 51 te
483 1660 73 51 /
512 1660 102 51 cum
571 1660 161 51 notitia
688 1660 175 51 causabit
819 1660 175 51 iudicium
951 1660 88 51 de
994 1660 204 51 existentia
1140 1660 88 51 reiu

442 1700 99 44 ergo
504 1700 62 44 a
528 1700 136 44 notitia
627 1700 99 44 sine
689 1700 173 44 existentia
825 1700 149 44 obiecti.
937 1700 111 44 tenet
1011 1700 198 44 consequentia
1160 1700 74 44 quia

429 1735 147 48 albedo
532 1735 118 48 post
606 1735 191 48 parietem:
753 1735 103 48 vel
812 1735 88 48 in
856 1735 132 48 india
944 1735 103 48 non
1003 1735 132 48 magis
1091 1735 132 48 facit
1179 1735 88 48 ad

446 1776 158 47 udicium
561 1776 158 47 Parisii
676 1776 202 47 naturalitr
834 1776 115 47 quam
906 1776 86 47 si
949 1776 101 47 non
1007 1776 202 47 existeret.
1151 1776 72 47 Tun

440 1814 99 45 qui
496 1814 85 45 si
539 1814 99 45 non
595 1814 170 45 habeatur
723 1814 198 45 apparentia
878 1814 198 45 iudicatiua
1034 1814 113 45 siue
1091 1814 141 45 praesen-

440 1849 93 48 tia
493 1849 160 48 obiecti:
613 1849 160 48 sequitur
733 1849 107 48 quod
800 1849 133 48 nullus
893 1849 133 48 potest
986 1849 133 48 decipi
1079 1849 80 48 in
1106 1849 120 48 apparem

428 1888 128 42 tiis.
513 1888 85 42 De
556 1888 242 42 conditionibus
755 1888 214 42 sensibilium
926 1888 128 42 licet
1011 1888 100 42 non
1068 1888 100 42 sit
1111 1888 114 42 certi-

436 1926 110 42 tudo
505 1926 206 42 scientifica
670 1926 96 42 est
724 1926 123 42 tamen
807 1926 192 42 sufficiens
958 1926 165 42 secundum
1067 1926 165 42 exigentiam

442 1963 111 45 rei.
512 1963 181 45 Propterea
651 1963 153 45 dicitur
762 1963 111 45 quod
832 1963 111 45 illa
901 1963 153 45 notitia
1012 1963 181 45 intuitiua
1138 1963 97 45 causa

436 2003 99 43 bit
492 2003 170 43 iudicium
620 2003 85 43 de
662 2003 198 43 existentia
818 2003 170 43 obiecti:
946 2003 85 43 et
988 2003 142 43 omnino
1087 2003 113 43 tale
1144 2003 85 43 qua-

433 2040 85 45 le
475 2040 198 45 causaretur
631 2040 155 45 obiecto
744 2040 198 45 praesente.
899 2040 170 45 obiectum
1026 2040 113 45 enim
1097 2040 99 45 non
1139 2040 99 45 habet

433 2080 239 42 causalitatem
628 2080 209 42 immediatam
792 2080 180 42 respectu
927 2080 150 42 illius
1032 2080 180 42 iudicii:
1151 2080 75 42 sed

442 2116 130 47 solum
528 2116 188 47 mediatam.
673 2116 101 47 hoc
731 2116 116 47 est:
803 2116 116 47 quia
875 2116 217 47 naturaliter
1049 2116 145 47 causat
1136 2116 101 47 talem

433 2154 163 45 notitiam
556 2154 191 45 intuitiuam
706 2154 82 45 in
747 2154 177 45 conilege.
883 2154 109 45 quae
951 2154 82 45 si
992 2154 109 45 alia
1060 2154 95 45 via
1101 2154 136 45 habeatur

437 2195 156 42 simile
546 2195 187 42 iudicium
687 2195 203 42 producit.
843 2195 78 42 ⁋
874 2195 109 42 Sed
936 2195 156 42 contra
1045 2195 140 42 istud
1123 2195 109 42 argu-

447 2231 142 39 mentor:
550 2231 181 39 sequeretur
692 2231 103 39 quod
757 2231 103 39 deus
822 2231 129 39 potest
912 2231 155 39 fallere:
1028 2231 90 39 sed
1080 2231 90 39 hoc
1132 2231 90 39 est
1170 2231 52 39 in

446 2265 189 48 conueniens:
598 2265 139 48 igitur.
699 2265 76 48 Et
737 2265 101 48 quod
800 2265 152 48 sequatur
914 2265 126 48 patet:
1002 2265 101 48 quia
1065 2265 114 48 talis
1128 2265 114 48 putabit

446 2306 168 47 obiectum
572 2306 182 47 existere:
712 2306 84 47 et
754 2306 112 47 esse
824 2306 196 47 coloratum:
977 2306 84 47 et
1019 2306 112 47 tali
1089 2306 140 47 figura
1173 2306 56 47 fi

444 2343 147 48 guratum.
554 2343 61 48 ⁋
578 2343 196 48 Respondetur:
737 2343 196 48 consequentia
896 2343 86 48 est
945 2343 122 48 nulla.
1030 2343 134 48 notitia
1128 2343 98 48 enim
1177 2343 61 48 in-

442 2383 160 45 tuitiua
559 2383 102 45 est
617 2383 160 45 simplex
734 2383 88 45 in
778 2383 160 45 essendo
895 2383 73 45 e
924 2383 88 45 in
967 2383 204 45 equalendo:
1128 2383 88 45 et
1157 2383 73 45 hom

440 2417 156 44 decipit
553 2417 156 44 seipsum
667 2417 99 44 per
724 2417 185 44 iudicium:
866 2417 128 44 sicut
951 2417 85 44 in
994 2417 142 44 multis
1093 2417 128 44 aliis
1164 2417 71 44 ex-

448 2458 219 47 perientiis
621 2458 157 47 falsis
730 2458 172 47 putando
856 2458 157 47 plures
966 2458 172 47 colores
1091 2458 94 47 in
1122 2458 110 47 collo

446 2495 162 46 colunbe:
567 2495 94 46 vel
621 2495 81 46 in
661 2495 121 46 iride
742 2495 108 46 quam
810 2495 121 46 sunt.
891 2495 148 46 Constat
999 2495 108 46 enim
1066 2495 108 46 quod
1134 2495 81 46 ad
1161 2495 67 46 dec

444 2532 169 49 ptionem
567 2532 123 49 deus
644 2532 200 49 concurrit
798 2532 185 49 concursu
936 2532 200 49 generali:
1090 2532 123 49 quia
1152 2532 92 49 deus

448 2577 143 42 potest
548 2577 157 42 fallere
662 2577 200 42 indirecte:
819 2577 86 42 et
862 2577 86 42 ad
904 2577 214 42 deceptionem
1061 2577 186 42 partialiter

442 2611 227 47 concurrere.
623 2611 136 47 Etiam
714 2611 227 47 intellectus
896 2611 91 47 ad
941 2611 136 47 illud
1032 2611 182 47 iudicium
1153 2611 91 47 par-

449 2650 162 42 tialiter
570 2650 189 42 concurrit.
718 2650 121 42 nihil
799 2650 135 42 potest
893 2650 108 42 esse
961 2650 162 42 iudicium
1069 2650 175 42 intellectui

439 2684 122 59 sine
515 2684 183 59 concursu
652 2684 244 59 intellectus.
850 2684 107 59 Non
911 2684 244 59 intendebamus
1109 2684 76 59 a
1124 2684 122 59 princi

1287 258 94 58 pio
1340 258 108 58 quod
1408 258 108 58 deus
1475 258 81 58 se
1516 258 108 58 solo
1583 258 162 58 producat
1705 258 162 58 notitiam
1826 258 202 58 intuitiuam:
1988 258 81 58 et
2015 258 81 58 quod

1278 307 181 46 suppleat
1414 307 136 46 omnem
1504 307 241 46 causalitatem
1700 307 226 46 effectiuam:
1881 307 106 46 sed
1941 307 151 46 locuti
2032 307 60 46 su

1281 340 107 49 mus
1342 340 92 49 de
1388 340 229 49 causalitate
1571 340 214 49 obiectiua.
1739 340 107 49 non
1800 340 137 49 tamen
1892 340 122 49 nego
1968 340 122 49 quin
2029 340 61 49 no

1278 382 147 41 titiam
1381 382 206 41 intuitiuam
1544 382 118 41 deus
1617 382 147 41 potest
1720 382 192 41 producere
1868 382 88 41 se
1912 382 133 41 solo.
1986 382 103 41 Nobis

1288 417 171 48 sufficit
1416 417 114 48 quod
1488 417 157 48 notitia
1602 417 186 48 intuitiua
1744 417 86 48 de
1787 417 86 48 se
1830 417 171 48 causaret
1944 417 143 48 iudicium

1285 455 84 52 de
1327 455 195 52 existentia
1480 455 167 52 obiecti:
1606 455 84 52 si
1648 455 112 52 deus
1717 455 139 52 vellet
1815 455 209 52 concurrere.
1982 455 84 52 ad
2010 455 70 52 pro

1287 493 192 49 ductionem
1435 493 177 49 iudicii:
1567 493 88 49 et
1612 493 103 49 vbi
1671 493 221 49 deueniretur
1847 493 88 49 ad
1892 493 103 49 hoc
1951 493 118 49 quod
2010 493 88 49 deus

1276 529 215 46 immediate
1442 529 198 46 falleret
1590 529 198 46 negandum
1739 529 149 46 foret
1838 529 132 46 deum
1904 529 182 46 concurre-

1282 569 86 49 re
1325 569 86 49 ad
1368 569 129 49 illud
1454 569 186 49 iudicium.
1597 569 115 49 deus
1669 569 129 49 fecit
1755 569 143 49 aliqua
1855 569 115 49 quae
1927 569 129 49 erant
1999 569 100 49 causa

1281 610 162 46 iudicii
1399 610 132 46 falsi
1487 610 88 46 in
1531 610 162 46 multis.
1649 610 132 46 patet
1737 610 147 46 quando
1840 610 176 46 apparuit
1972 610 88 46 in
2002 610 88 46 spe-

1280 643 111 46 cie
1344 643 206 46 peregrini
1502 643 222 46 discipulis
1677 643 191 46 euntibus
1820 643 95 46 in
1868 643 143 46 Emaus
1963 643 127 46 post
2026 643 64 46 re

1279 683 246 41 surrectionem.
1481 683 87 41 et
1525 683 116 41 idem
1597 683 203 41 argumentum
1756 683 174 41 probaret
1886 683 116 41 quod
1959 683 116 41 deus
2017 683 72 41 de-

1279 720 159 41 ciperet
1394 720 174 41 gentilem
1525 720 101 41 per
1582 720 217 41 sacramentum
1756 720 232 41 eucharistie:
1944 720 116 41 quie
2002 720 87 41 cre-

1282 760 130 46 deret
1368 760 231 46 eucharistiam
1556 760 115 46 esse
1628 760 144 46 panem.
1729 760 115 46 quod
1801 760 144 46 liquet
1902 760 115 46 esse
1959 760 130 46 falsum.

1287 794 142 44 nulla
1382 794 111 44 est
1445 794 126 44 ergo
1524 794 221 44 apparentia
1698 794 111 44 pro
1761 794 111 44 hoc
1824 794 205 44 argumento
1967 794 126 44 dicere

1284 835 117 40 quod
1357 835 117 40 deus
1430 835 146 40 potest
1532 835 175 40 fallere.
1663 835 73 40 ⁋
1693 835 146 40 Tertio
1795 835 219 40 argumentor.
1969 835 87 40 Ex
1999 835 87 40 ista

1288 874 172 40 sequetur
1417 874 115 40 quod
1488 874 115 40 quis
1560 874 143 40 potest
1660 874 143 40 habere
1760 874 172 40 notitiam
1889 874 172 40 reflexam
2004 874 86 40 sine

1292 910 159 41 directa.
1411 910 185 41 consequens
1557 910 93 41 est
1609 910 212 41 inconueniens
1782 910 93 41 cum
1834 910 93 41 non
1887 910 146 41 vocetur
1980 910 106 41 refle-

1294 948 74 48 ca
1331 948 98 48 nisi
1392 948 148 48 respectu
1503 948 148 48 directe.
1613 948 98 48 Cxet
1675 948 111 48 tamen
1749 948 160 48 sequatur:
1872 948 111 48 patet
1945 948 98 48 sic:
1995 948 98 48 cuius-

1282 987 124 46 libet
1365 987 151 46 obiecti
1475 987 137 46 creati
1571 987 165 46 notitiam
1695 987 206 46 intuitiuvam
1859 987 110 46 deus
1928 987 137 46 potest
2011 987 82 46 pro-

1278 1019 149 49 ducere
1382 1019 164 49 obiecto
1501 1019 104 49 non
1561 1019 208 49 existente.
1724 1019 74 49 ⁋
1754 1019 223 49 Respondetur
1918 1019 178 49 concedendo

1289 1057 176 52 sequelam:
1425 1057 108 52 quia
1492 1057 95 52 hoc
1546 1057 95 52 non
1600 1057 95 52 est
1654 1057 230 52 inconueniens:
1844 1057 162 52 sufficit
1965 1057 108 52 enim
2019 1057 68 52 ips

1284 1099 103 42 sam
1343 1099 191 42 terminari
1490 1099 88 42 ad
1534 1099 176 42 notitiam
1666 1099 191 42 directam:
1813 1099 132 42 licet
1901 1099 117 42 illa
1960 1099 132 42 directa

1292 1136 100 41 non
1349 1136 115 41 sit.
1421 1136 72 41 ⁋
1449 1136 158 41 Secunda
1564 1136 201 41 conclusio.
1722 1136 158 41 Notitia
1837 1136 186 41 intuitiua
1980 1136 100 41 non
2023 1136 72 41 po-

1285 1172 112 41 test
1355 1172 140 41 haberi
1453 1172 210 41 naturaliter
1621 1172 154 41 obiecti
1733 1172 98 41 non
1789 1172 210 41 existentis:
1943 1172 140 41 probatur

1299 1213 105 40 quia
1364 1213 157 40 dilectio
1483 1213 92 40 non
1535 1213 131 40 potest
1627 1213 144 40 causari
1732 1213 105 40 sine
1797 1213 197 40 cognitione.
1955 1213 105 40 ergo
2007 1213 92 40 noti-

1281 1249 87 39 tia
1330 1249 162 39 intuitiua
1455 1249 87 39 non
1505 1249 125 39 potest
1593 1249 137 39 causari
1693 1249 100 39 sine
1755 1249 150 39 obiecto.
1867 1249 200 39 consequentia
2017 1249 75 39 pro-

1285 1284 143 50 batur.
1385 1284 114 50 quia
1456 1284 186 50 intuitiua
1599 1284 100 50 non
1656 1284 129 50 minus
1742 1284 186 50 causatur:
1885 1284 86 50 et
1913 1284 186 50 conseruatur

1279 1324 230 53 naturaliter
1462 1324 92 53 et
1508 1324 184 53 dependet
1646 1324 184 53 continue
1784 1324 92 53 in
1830 1324 138 53 facto
1921 1324 122 53 esse
1998 1324 77 53 a
2013 1324 92 53 pre-

1286 1361 141 40 sentia
1385 1361 170 40 obiecti:
1512 1361 113 40 quam
1583 1361 170 40 dilectio
1710 1361 71 40 a
1738 1361 198 40 praesentia
1879 1361 198 40 cognitionis.

1292 1395 71 44 ⁋
1320 1395 170 44 Preterea
1448 1395 170 44 secundum
1576 1395 227 44 perspectiuos
1760 1395 128 44 visio
1845 1395 170 44 causatur
1959 1395 142 44 secundum

1291 1436 147 41 formam
1394 1436 221 41 pyramidalem
1571 1436 132 41 cuius
1659 1436 132 41 basis
1747 1436 103 41 est
1806 1436 88 41 in
1850 1436 88 41 re
1894 1436 118 41 visa
1968 1436 88 41 et
1997 1436 103 41 conus

1290 1471 90 56 in
1335 1471 150 56 oculo:
1440 1471 105 56 sed
1501 1471 105 56 non
1561 1471 180 56 existens
1696 1471 105 56 non
1756 1471 180 56 terminat
1892 1471 150 56 basim.
1997 1471 75 56 ⁋
2012 1471 75 56 Pre

1283 1512 125 39 terea
1366 1512 111 39 nisi
1435 1512 180 39 conclusio
1574 1512 125 39 esset
1657 1512 125 39 vera:
1740 1512 125 39 cecus
1823 1512 208 39 naturaliter
1975 1512 111 39 posset

1287 1549 148 41 habere
1391 1549 177 41 notitiam
1523 1549 177 41 propriam
1656 1549 221 41 intuitiuvam
1833 1549 103 41 vel
1878 1549 221 41 abstractiuam:

1282 1585 123 44 huius
1364 1585 178 44 albedinis
1501 1585 82 44 in
1542 1585 123 44 sensu
1625 1585 192 44 composito:
1775 1585 137 44 contra
1871 1585 205 44 Aristotelem
2022 1585 68 44 pri

1285 1626 93 45 mo
1331 1626 248 45 posteriorum.
1532 1626 77 45 ⁋
1563 1626 186 45 Amplius:
1702 1626 108 45 non
1764 1626 139 45 minus
1857 1626 186 45 dependet
1981 1626 108 45 visio

1294 1664 86 42 ab
1337 1664 157 42 obiecto
1451 1664 129 42 cuius
1537 1664 100 42 est
1594 1664 143 42 visio.
1694 1664 114 42 quam
1766 1664 129 42 imago
1852 1664 143 42 corpis
1952 1664 129 42 circa
2023 1664 72 42 spe

1281 1702 146 45 culum
1378 1702 211 45 dependeat
1541 1702 81 45 a
1573 1702 179 45 corpore
1703 1702 146 45 cuius
1801 1702 114 45 est
1866 1702 162 45 imago:
1979 1702 114 45 vel
2028 1702 65 45 lu

1287 1740 110 40 men
1350 1740 79 40 a
1382 1740 173 40 corpore
1507 1740 204 40 luminoso:
1665 1740 110 40 sed
1727 1740 110 40 nec
1790 1740 141 40 lumem
1885 1740 157 40 potest
1979 1740 110 40 stare

1278 1777 123 53 sine
1355 1777 169 53 corpore
1478 1777 200 53 luminoso:
1632 1777 108 53 nec
1693 1777 139 53 imago
1786 1777 123 53 sine
1863 1777 123 53 illo
1940 1777 139 53 cuius
2017 1777 77 53 est

1280 1815 161 42 imago.
1393 1815 129 42 ergo
1473 1815 113 42 nec
1538 1815 177 42 notitia
1667 1815 210 42 intuitiua
1828 1815 129 42 sine
1893 1815 161 42 obiecto.

1297 1850 77 49 ⁋
1327 1850 154 49 Rursus
1435 1850 169 49 petitur
1558 1850 77 49 a
1588 1850 107 49 quo
1650 1850 184 49 causatur
1788 1850 138 49 visio
1880 1850 200 49 sensitiua
2018 1850 77 49 ob-

1287 1891 136 45 iecti
1378 1891 182 45 absentis
1514 1891 106 45 vel
1575 1891 106 45 non
1635 1891 227 45 existentis:
1817 1891 106 45 non
1878 1891 121 45 enim
1938 1891 152 45 causatur

1292 1928 80 47 ex
1332 1928 94 47 iis
1385 1928 161 47 praecise
1506 1928 94 47 que
1560 1928 107 47 sunt
1627 1928 80 47 in
1667 1928 134 47 nobis:
1761 1928 107 47 quia
1828 1928 121 47 talem
1909 1928 161 47 visionem
2016 1928 67 47 ha-

1288 1965 166 48 beremus
1408 1965 241 48 quandocumque
1604 1965 196 48 vellemus.
1755 1965 75 48 ⁋
1785 1965 90 48 Si
1830 1965 166 48 dicatur
1950 1965 120 48 quod
2011 1965 75 48 cau

1280 1997 142 48 setur
1375 1997 79 48 a
1406 1997 94 48 re
1453 1997 142 48 extra
1548 1997 126 48 nos.
1627 1997 173 48 Contra.
1752 1997 126 48 illa
1831 1997 142 48 solum
1926 1997 157 48 causat
2020 1997 63 48 no

1284 2040 146 49 titiam
1386 2040 160 49 suimet:
1503 2040 87 49 et
1547 2040 102 49 non
1605 2040 175 49 notitiam
1736 2040 160 49 aliarum
1853 2040 146 49 rerum.
1940 2040 146 49 Alioquin

1291 2081 105 51 vna
1351 2081 105 51 res
1411 2081 120 51 visa
1486 2081 180 51 causaret
1620 2081 180 51 notitiam
1755 2081 209 51 distinctam
1919 2081 135 51 omnim
1994 2081 105 51 alia-

1282 2116 102 43 rum
1341 2116 146 43 rerum:
1443 2116 117 43 quod
1516 2116 102 43 est
1575 2116 161 43 falsum.
1692 2116 73 43 ⁋
1721 2116 102 43 Sed
1780 2116 146 43 contra
1882 2116 132 43 istam
1955 2116 132 43 conclu-

1294 2153 155 50 sionem
1402 2153 186 50 arguitur
1541 2153 124 50 sic.
1618 2153 170 50 Notitia
1742 2153 201 50 intuitiua
1897 2153 170 50 remanet
2005 2153 93 50 obie

1289 2193 115 42 cto
1354 2193 214 42 corrupto:
1519 2193 115 42 vel
1585 2193 165 42 remota
1700 2193 181 42 ratione
1832 2193 230 42 obiectali.
1996 2193 99 42 ergo

1293 2231 120 45 potest
1377 2231 132 45 produci
1473 2231 72 45 de
1509 2231 96 45 nouo
1569 2231 192 45 naturaliter.
1724 2231 168 45 antecedens
1856 2231 108 45 patet
1928 2231 84 45 per
1964 2231 132 45 experien-

1288 2266 129 54 tiam:
1374 2266 144 54 quando
1474 2266 158 54 videmus
1589 2266 144 54 solem:
1690 2266 101 54 vel
1747 2266 129 54 aliud
1833 2266 187 54 excellens
1963 2266 129 54 lucidum

1288 2306 170 40 clausis
1411 2306 155 40 oculis
1520 2306 77 40 /
1551 2306 201 40 iudicamus
1705 2306 108 40 nos
1767 2306 139 40 adhuc
1860 2306 155 40 videre
1968 2306 124 40 tale
2030 2306 62 40 vi

1295 2343 148 48 sibile.
1402 2343 121 48 patet
1483 2343 81 48 de
1524 2343 108 48 illo
1591 2343 94 48 qui
1645 2343 121 48 venit
1726 2343 81 48 in
1766 2343 162 48 tenebras
1888 2343 189 48 exteriores
2023 2343 67 48 quo

1282 2380 151 49 prius
1383 2380 135 49 erat
1467 2380 151 49 prope
1568 2380 185 49 corpora
1703 2380 168 49 multum
1821 2380 219 49 luminosa.
1989 2380 84 49 ⁋
2006 2380 84 49 Re-

1297 2419 186 45 spondetur
1440 2419 158 45 negando
1555 2419 215 45 antecedens.
1726 2419 86 45 et
1769 2419 129 45 ipsum
1855 2419 129 45 negat
1941 2419 143 45 beatus
2027 2419 72 45 Au-

1291 2465 184 43 gustinus.
1432 2465 142 43 libro.
1532 2465 99 43 xi.
1588 2465 85 43 de
1631 2465 198 43 trinitate.
1786 2465 113 43 cap.
1857 2465 99 43 ii.
1914 2465 113 43 Sunt
1971 2465 127 43 quaedam

1290 2497 209 42 qualitates
1455 2497 180 42 impresse
1589 2497 150 42 oculo:
1694 2497 180 42 visibile
1829 2497 120 42 enim
1903 2497 120 42 agit
1978 2497 90 42 in
2008 2497 90 42 sen-

1296 2531 104 45 sum
1356 2531 164 45 duplici
1475 2531 179 45 actione:
1609 2531 104 45 vna
1669 2531 239 45 intentionali
1863 2531 119 45 quae
1938 2531 104 45 est
1983 2531 104 45 salus

1292 2573 87 44 et
1335 2573 188 44 perfectio
1480 2573 159 44 organi.
1595 2573 87 44 et
1639 2573 174 44 terminus
1769 2573 130 44 huius
1856 2573 174 44 actionis
1986 2573 101 44 est
2029 2573 58 44 vi

1294 2611 116 45 sio.
1367 2611 116 45 Alia
1440 2611 102 45 est
1498 2611 131 45 actio
1585 2611 160 45 physica
1701 2611 87 45 et
1745 2611 218 45 materialis:
1919 2611 131 45 cuius
1991 2611 102 45 termi

1300 2647 98 42 nus
1356 2647 98 42 est
1412 2647 153 42 quaedam
1523 2647 167 42 qualitas
1649 2647 237 42 disconueniens
1844 2647 153 42 sensui:
1956 2647 84 42 et
1983 2647 112 42 lesiua

1291 2681 158 60 organi.
1406 2681 86 60 Et
1449 2681 144 60 quanto
1549 2681 101 60 est
1607 2681 230 60 excellentius
1794 2681 201 60 sensibile.
1952 2681 129 60 tanto
2024 2681 72 60 for
