2347 3295
405 237 125 57 dum
477 237 125 57 per
548 237 107 57 te
602 237 233 57 Siprimum.
781 237 143 57 ergo
870 237 161 57 eodem
977 237 143 57 modo
1049 237 161 57 notitia

422 289 254 46 abstractiua
625 289 152 46 debet
727 289 220 46 immediate
896 289 220 46 terminari
1065 289 101 46 ad
1099 289 118 46 obie-

417 321 121 50 ctum
492 321 90 50 ad
538 321 151 50 extra.
643 321 90 50 Et
688 321 106 50 sic
749 321 211 50 supuacanee
914 321 136 50 ponis
1005 321 181 50 notitiam
1126 321 90 50 actu

421 368 134 40 alem
505 368 252 40 terminariad
707 368 185 40 speciem
841 368 235 40 immediate:
1025 368 101 40 et
1059 368 151 40 mediato

419 403 98 40 ad
468 403 195 40 obiectum
614 403 98 40 ad
663 403 163 40 extra.
777 403 81 40 ⁋
809 403 130 40 Alia
891 403 114 40 est
956 403 163 40 opinio
1053 403 163 40 affirma-

404 444 130 42 tiue
485 444 98 42 ad
534 444 179 42 titulum
664 444 228 42 questionis
843 444 244 42 respondens:
1038 444 130 42 quam
1103 444 114 42 tene-

412 475 101 46 re
463 475 202 46 volumus.
614 475 84 46 ⁋
648 475 118 46 Sed
715 475 168 46 contra
832 475 151 46 istam
933 475 219 46 opinionem
1085 475 134 46 diffu-

407 518 97 39 se
455 518 194 39 insistit
601 518 162 39 grego.
715 518 146 39 ponit
812 518 211 39 Eregorius
974 518 178 39 aliquas
1087 518 130 39 conclu

421 557 158 42 siones
532 557 126 42 quas
611 557 158 42 reputo
721 557 158 42 veras:
832 557 142 42 licet
927 557 95 42 in
958 557 253 42 probationesopi

408 597 146 39 nione
505 597 130 39 mea)
587 597 146 39 falsa
684 597 195 39 assumat.
831 597 98 39 et
880 597 163 39 assumo
993 597 146 39 solum
1075 597 130 39 aliqua

417 626 112 52 que
481 626 240 52 conclusioni
673 626 160 52 posite
785 626 208 52 repugnare
944 626 208 52 videntur.
1104 626 96 52 Et
1136 626 80 52 pri

424 669 90 40 mo
469 669 180 40 supponit
604 669 120 40 vnum
679 669 120 40 quod
754 669 180 40 quilibet
890 669 180 40 experiri
1025 669 150 40 potest
1130 669 90 40 in
1160 669 60 40 se

413 705 127 44 ipso:
498 705 184 44 videlicet
639 705 113 44 quod
710 705 226 44 quandocumque
894 705 156 44 aliquis
1007 705 156 44 cogitat
1120 705 85 44 de
1148 705 71 44 ali

423 743 109 46 qua
486 743 93 46 re
532 743 202 46 sensibili
688 743 109 46 non
750 743 124 46 tunc
828 743 202 46 presente:
984 743 124 46 quam
1061 743 140 46 alias
1139 743 78 46 vi-

420 782 124 43 dit.
498 782 140 43 verbi
592 782 156 43 gratia
701 782 93 43 de
747 782 140 43 leone
841 782 109 43 ita
903 782 109 43 sue
965 782 218 43 cognitioni
1121 782 93 43 imme

414 816 137 49 diate
505 816 199 49 obiicitur
658 816 168 49 aliquid
780 816 122 49 quod
857 816 107 49 est
918 816 107 49 leo
979 816 107 49 vel
1040 816 153 49 simile
1131 816 92 49 leo-

421 854 108 44 ni.
482 854 139 44 sicut
575 854 108 44 cum
636 854 123 44 quis
713 854 185 44 intuetur
852 854 154 44 oculis
960 854 170 44 colorem
1083 854 92 44 in
1114 854 108 44 parie

410 891 88 42 te
454 891 191 42 immediate
602 891 103 42 sue
661 891 162 42 visioni
778 891 191 42 obiicitur
926 891 133 42 color
1014 891 133 42 ille.
1102 891 103 42 Sic
1146 891 74 42 er-

407 927 100 54 go
457 927 117 54 pro
524 927 151 54 certo
625 927 167 54 semper
742 927 201 54 experior
893 927 151 54 dicit
993 927 184 54 Ioannem
1111 927 100 54 sco-

425 963 112 50 tum
489 963 128 50 hanc
569 963 272 50 suppositionem
793 963 192 50 negasse:
937 963 112 50 sed
1001 963 96 50 ei
1049 963 112 50 non
1097 963 128 50 credit

424 1007 195 48 supposito
574 1007 120 48 quod
648 1007 105 48 sit
708 1007 120 48 homo
783 1007 165 48 vniuoce
903 1007 150 48 secum.
1008 1007 150 48 verbum
1097 1007 120 48 quidem

422 1050 152 43 satis
523 1050 185 43 leuiter
658 1050 185 43 dictum.
793 1050 236 43 supponendo
978 1050 152 43 alium
1062 1050 152 43 hominem

417 1081 184 50 vniuoce
551 1081 167 50 secum.
668 1081 117 50 sed
735 1081 151 50 illam
835 1081 284 50 suppositionem
1053 1081 167 50 admitto.

419 1120 124 47 quia
497 1120 109 47 sic
559 1120 109 47 ego
622 1120 202 47 experior.
777 1120 93 47 Et
824 1120 140 47 credo
917 1120 140 47 alium
1011 1120 187 47 voluisse
1135 1120 78 47 di-

418 1164 124 43 cere
495 1164 124 43 quod
572 1164 201 43 cogitatio
727 1164 108 43 non
789 1164 217 43 terminatur
959 1164 93 43 ad
1005 1164 186 43 speciem:
1129 1164 93 43 quia

423 1197 254 48 responsiones
629 1197 143 48 illuc
724 1197 190 48 tendunt.
867 1197 79 48 ⁋
899 1197 159 48 Arguit
1010 1197 174 48 ratione
1121 1197 95 48 Gere

417 1239 103 46 go.
476 1239 118 46 sic.
550 1239 118 46 quia
624 1239 133 46 nulla
712 1239 133 46 ratio
800 1239 103 46 est
859 1239 162 46 propter
977 1239 118 46 quam
1051 1239 147 46 videns
1139 1239 74 46 re-

416 1277 192 39 aliquam
555 1277 226 39 immediate
729 1277 122 39 per
799 1277 174 39 sensum
921 1277 244 39 exteriorem
1095 1277 122 39 nouit

427 1311 137 48 illam
518 1311 137 48 esse:
609 1311 91 48 et
655 1311 137 48 alias
746 1311 198 48 veritates
898 1311 243 48 contingentes
1095 1311 91 48 de
1126 1311 91 48 ipsa

424 1355 124 39 nisi
501 1355 124 39 quia
579 1355 140 39 illam
672 1355 93 39 in
718 1355 155 39 seipsa
827 1355 202 39 immediate
982 1355 217 39 cognoscit.
1137 1355 78 39 ita

413 1383 140 48 igitur
511 1383 126 48 esset
595 1383 84 48 in
636 1383 196 48 proposito:
790 1383 84 48 si
832 1383 182 48 cogitatio
972 1383 112 48 ipsa
1041 1383 168 48 interior
1167 1383 84 48 ad

422 1426 121 45 rem
491 1426 155 45 extra
594 1426 224 45 immediate
766 1426 293 45 terminaretur.
1007 1426 86 45 ⁋
1042 1426 103 45 Ad
1093 1426 121 45 hoc
1145 1426 69 45 re

427 1462 186 47 spondebat
570 1462 114 47 eius
641 1462 200 47 concurrens
798 1462 157 47 dicens.
913 1462 114 47 quod
984 1462 114 47 alia
1056 1462 129 47 ratio
1127 1462 86 47 erat

414 1501 175 48 scilicet:
548 1501 108 48 quia
616 1501 121 48 visio
697 1501 135 48 sensus
791 1501 189 48 exterioris
939 1501 94 48 est
993 1501 148 48 notitia
1088 1501 121 48 intuiti

417 1546 111 40 ua:
481 1546 143 40 cuius
576 1546 174 40 virtute
703 1546 143 40 tales
798 1546 206 40 veritates
956 1546 254 40 contingentes
1147 1546 63 40 co

410 1576 156 49 gnosci
519 1576 187 49 possunt,
660 1576 202 49 cogitatio
815 1576 125 49 vero
893 1576 109 49 rei
955 1576 187 49 absentis
1095 1576 109 49 est
1142 1576 78 49 no-

411 1618 139 45 titia
503 1618 232 45 abstractiua
689 1618 108 45 per
751 1618 124 45 quam
829 1618 108 45 non
891 1618 170 45 possunt
1015 1618 139 45 tales
1092 1618 124 45 verita

418 1652 117 46 tes
485 1652 218 46 cognosci.
653 1652 84 46 ⁋
686 1652 117 46 Sed
753 1652 167 46 contra
870 1652 117 46 hoc
937 1652 167 46 arguit
1054 1652 134 46 ipse
1121 1652 84 46 que

416 1694 142 46 rendo
511 1694 126 46 quam
590 1694 190 46 notitiam
732 1694 95 46 et
780 1694 111 46 qua
843 1694 174 46 ratione
969 1694 174 46 vocabat
1080 1694 142 46 intuiti

413 1733 113 45 uam
477 1733 193 45 alicuius
622 1733 129 45 rei:
702 1733 113 45 aut
767 1733 129 45 enim
847 1733 113 45 eam
911 1733 113 45 que
976 1733 209 45 immediate
1121 1733 96 45 ter-

411 1775 179 37 minatur
541 1775 212 37 obiectiue
704 1775 98 37 ad
753 1775 147 37 illam
851 1775 130 37 rem:
932 1775 98 37 et
981 1775 130 37 ideo
1063 1775 147 37 dicis
1144 1775 82 37 eam

420 1809 222 41 intuitiuam
595 1809 127 41 quia
674 1809 111 41 sic
738 1809 206 41 immediate
896 1809 238 41 terminatur.
1087 1809 95 41 Et
1119 1809 95 41 tunc

411 1843 182 50 sequitur
548 1843 122 50 quod
624 1843 91 50 si
669 1843 198 50 cogitatio
821 1843 182 50 interior
958 1843 198 50 immediate
1094 1843 122 50 termi-

412 1885 135 45 natur
502 1885 90 45 ad
547 1885 105 45 rem
607 1885 90 45 ad
652 1885 150 45 extra:
757 1885 120 45 ipsa
833 1885 105 45 est
893 1885 165 45 notitia
1013 1885 210 45 intuitiua.
1163 1885 60 45 Et

423 1925 197 41 vlterius
570 1925 197 41 sequitur
718 1925 197 41 illatum.
865 1925 115 41 Vel
931 1925 148 41 dicis
1013 1925 213 41 intuitiuam:

424 1962 90 42 quia
480 1962 79 42 (vt
525 1962 112 42 aliqui
604 1962 124 42 dicunt)
694 1962 112 42 potest
772 1962 79 42 per
817 1962 101 42 illam
885 1962 101 42 sciri
952 1962 79 42 rem
997 1962 90 42 esse
1053 1962 67 42 si
1087 1962 90 42 est:
1143 1962 67 42 et
1166 1962 56 42 non

421 1997 113 44 esse
492 1997 85 44 si
534 1997 99 44 non
591 1997 113 44 est.
662 1997 85 44 et
704 1997 127 44 alias
789 1997 184 44 veritates
931 1997 227 44 contingentes
1115 1997 85 44 de
1143 1997 85 44 illa

416 2031 99 49 Et
465 2031 115 49 cum
531 2031 181 49 dicitur
662 2031 115 49 hoc
728 2031 115 49 non
794 2031 165 49 potest
909 2031 148 49 sciri
1008 2031 115 49 per
1057 2031 165 49 huiusmo-

420 2068 80 48 di
460 2068 174 48 notitiam:
594 2068 107 48 quia
661 2068 94 48 non
715 2068 94 48 est
768 2068 161 48 ituitiua
889 2068 80 48 et
929 2068 94 48 per
983 2068 121 48 illam
1063 2068 134 48 potest
1144 2068 80 48 quia

421 2114 101 42 est
478 2114 202 42 intuitiua:
637 2114 101 42 non
695 2114 101 42 est
753 2114 130 42 aliud
840 2114 116 42 quam
912 2114 145 42 dicere
1014 2114 101 42 per
1071 2114 130 42 illam
1144 2114 72 42 non

424 2147 149 47 potest:
533 2147 81 47 et
574 2147 122 47 illam
655 2147 149 47 potest:
764 2147 109 47 quia
831 2147 136 47 potest
926 2147 95 47 per
981 2147 136 47 illam.
1076 2147 81 47 et
1116 2147 95 47 est
1157 2147 68 47 sol

423 2191 125 43 uere
502 2191 220 43 questionem
674 2191 110 43 per
737 2191 188 43 seipsam.
878 2191 204 43 Similiter
1035 2191 172 43 poteret
1145 2191 78 43 ali

425 2231 97 38 us
473 2231 161 38 dicere
586 2231 113 38 per
651 2231 258 38 cogitationem
860 2231 161 38 potest
973 2231 145 38 illud
1054 2231 177 38 cognosci:

423 2263 91 45 et
468 2263 106 45 non
529 2263 106 45 per
589 2263 196 45 visionem.
740 2263 91 45 eo
785 2263 121 45 quod
861 2263 136 45 illam
951 2263 136 45 dicet
1027 2263 196 45 intuitiuam:

422 2301 102 46 et
473 2301 205 46 visionem
626 2301 239 46 exteriorem
814 2301 290 46 abstractiuam.
1053 2301 85 46 ⁋
1070 2301 153 46 Respon-

424 2331 121 55 deo.
500 2331 166 55 negando
621 2331 121 55 quod
696 2331 197 55 responsio
848 2331 121 55 data
923 2331 106 55 non
984 2331 166 55 valeat.
1105 2331 91 55 Et
1135 2331 91 55 quam

424 2374 101 49 do
475 2374 168 49 arguit
592 2374 268 49 inquisitiue.
810 2374 101 49 do
860 2374 201 49 secundum
1011 2374 184 49 membrum
1128 2374 101 49 quia

426 2407 236 53 naturaliter
615 2407 173 53 ratione
741 2407 173 53 notitie
867 2407 205 53 intuitiue
1024 2407 189 53 formamus
1150 2407 63 53 iu

423 2442 146 47 dicium
525 2442 87 47 de
569 2442 204 47 existentia
729 2442 117 47 rei:
802 2442 87 47 et
846 2442 87 47 de
890 2442 219 47 praedicatis
1050 2442 175 47 accidenta-

424 2488 126 41 libus
508 2488 126 41 eius.
592 2488 98 41 non
648 2488 112 41 quod
718 2488 112 41 illa
788 2488 154 41 notitia
901 2488 140 41 causat
999 2488 168 41 iudicium
1125 2488 84 41 de
1153 2488 70 41 non

429 2527 208 46 existentia
592 2527 119 46 rei:
667 2527 134 46 licet
756 2527 104 46 per
815 2527 208 46 desitionem
979 2527 163 46 notitie
1083 2527 148 46 intuiti-

426 2560 96 49 ue
474 2560 96 49 et
522 2560 127 49 eius
601 2560 175 49 iudicii
729 2560 223 49 discursiue
904 2560 239 49 cognoscimus
1095 2560 111 49 rem
1142 2560 80 49 non

423 2601 123 51 esse
499 2601 230 51 praesentem:
683 2601 138 51 sicut
775 2601 107 51 per
837 2601 184 51 defectum
974 2601 169 51 luminis
1082 2601 153 51 intelle-

439 2642 123 43 ctis
516 2642 200 43 cognoscit
669 2642 200 43 tenebras.
823 2642 92 43 Et
869 2642 108 43 cum
931 2642 138 43 dicit
1023 2642 108 43 hoc
1085 2642 108 43 est
1131 2642 92 43 soli

430 2683 112 59 uere
500 2683 196 59 questionem
654 2683 98 59 per
710 2683 168 59 seipsam:
837 2683 112 59 quia
907 2683 126 59 alius
991 2683 154 59 diceret
1103 2683 98 59 per
1145 2683 84 59 noti

1262 227 137 64 tiam
1347 227 273 64 abstractiuam
1569 227 222 64 generatur
1740 227 205 64 iudicium
1894 227 120 64 quo
1945 227 120 64 iudi-

1262 287 143 49 camus
1358 287 223 49 praedicata
1532 287 254 49 accidentalia
1739 287 95 49 de
1787 287 111 49 re:
1850 287 95 49 et
1898 287 111 49 non
1962 287 111 49 per
2009 287 64 49 in

1276 325 192 42 tuitiuam.
1424 325 74 42 ⁋
1454 325 133 42 Istud
1542 325 133 42 nihil
1631 325 103 42 est
1690 325 148 42 dictu.
1793 325 133 42 palam
1882 325 118 42 enim
1956 325 103 42 est
2000 325 74 42 nos

1275 360 162 45 habere
1388 360 130 45 duas
1469 360 210 45 notitias.
1631 360 97 45 et
1680 360 178 45 virtute
1809 360 146 45 vnius
1906 360 146 45 multa
1987 360 81 45 pos

1266 402 144 39 sumus
1362 402 192 39 iudicare
1507 402 128 39 quae
1587 402 112 39 non
1651 402 192 39 possumus
1795 402 192 39 iudicare
1924 402 144 39 virtute

1271 439 212 46 alterius.
1434 439 179 46 priorem
1564 439 228 46 intuitiuam
1743 439 179 46 vocamus
1874 439 98 46 et
1906 439 163 46 posterio

1262 476 121 42 rem
1331 476 293 42 abstractiuam.
1572 476 259 42 abstractiua
1779 476 241 42 terminatur
1951 476 121 42 imme-

1272 514 131 40 diate
1360 514 87 40 ad
1404 514 102 40 rem
1462 514 87 40 ad
1506 514 146 40 extra.
1608 514 87 40 Et
1651 514 131 40 tamen
1739 514 160 40 vertute
1855 514 146 40 illius
1957 514 102 40 non
2001 514 73 40 pos

1269 551 145 43 sumus
1365 551 193 43 iudicare
1510 551 96 43 de
1558 551 225 43 paedicatis
1735 551 289 43 accidentalibus
1960 551 112 43 illi-

1267 593 101 42 us
1318 593 135 42 rei.
1402 593 85 42 ⁋
1436 593 186 42 Secundo
1572 593 169 42 arguit
1690 593 203 42 qnerendo
1842 593 152 42 quare
1944 593 118 42 per
1994 593 85 42 il-

1265 624 113 43 lam
1329 624 129 43 quam
1410 624 145 43 dicis
1507 624 161 43 intuit
1620 624 129 43 iuam
1700 624 177 43 possunt
1829 624 145 43 tales
1910 624 177 43 veritates

1272 666 200 40 cognosci.
1425 666 108 40 nec
1487 666 169 40 videtur
1610 666 123 40 quod
1687 666 138 40 ratio
1779 666 154 40 aliqua
1886 666 138 40 reddi
1963 666 123 40 potest

1267 701 144 48 preter
1368 701 115 48 hanc
1440 701 173 48 scilicet
1570 701 115 48 quod
1642 701 188 48 immediate
1786 701 188 48 obiectiue
1916 701 173 48 terminatur

1272 744 95 39 ad
1320 744 110 39 rem
1383 744 158 39 ipsam:
1493 744 158 39 igitur
1604 744 205 39 similiter
1761 744 189 39 dicendum
1903 744 126 39 erit
1982 744 95 39 de
2014 744 63 39 co

1263 782 223 41 gitatione:
1438 782 95 41 si
1486 782 207 41 immediate
1645 782 95 41 ad
1692 782 143 41 remad
1788 782 143 41 extra
1867 782 207 41 terminetur.

1268 819 103 43 si
1319 819 120 43 eam
1388 819 222 43 postmodum
1558 819 171 43 velles
1678 819 171 43 vocare
1798 819 239 43 intuitiuam
1968 819 103 43 siue

1277 850 267 47 abstractiuam:
1497 850 126 47 quia
1576 850 94 47 de
1623 850 204 47 vocabulis
1780 850 110 47 non
1843 850 141 47 debet
1937 850 126 47 esse
2000 850 79 47 cu-

1262 895 109 40 ra.
1325 895 233 40 Relinquitur
1511 895 124 40 ergo
1589 895 124 40 quod
1666 895 140 40 illud
1760 895 93 40 ad
1806 895 124 40 quod
1884 895 202 40 cogitatio
2024 895 62 40 ta

1275 931 110 43 lis
1338 931 205 43 immediate
1496 931 205 43 obiectiue
1654 931 221 43 terminetur
1828 931 110 43 non
1891 931 110 43 est
1954 931 110 43 res
2001 931 79 43 ali

1266 969 107 49 qua
1327 969 92 49 ad
1373 969 153 49 extra.
1479 969 76 49 ⁋
1510 969 92 49 Ad
1556 969 183 49 secundum
1693 969 137 49 dico:
1785 969 122 49 quod
1861 969 137 49 causa
1953 969 107 49 est
1998 969 92 49 quia

1268 1006 128 42 ipsa
1348 1006 112 42 est
1412 1006 144 42 talis
1508 1006 176 42 nature.
1636 1006 144 42 Quero
1732 1006 96 42 ab
1780 1006 96 42 eo
1828 1006 144 42 quare
1924 1006 144 42 ignis
2004 1006 80 42 ca-

1273 1046 179 41 lefacit.
1407 1046 194 41 experimur
1556 1046 119 41 quod
1631 1046 89 41 in
1676 1046 209 41 praesentia
1840 1046 164 41 obiecti
1944 1046 134 41 habemus

1267 1083 136 39 vnam
1352 1083 204 39 notitiam
1505 1083 119 39 que
1573 1083 102 39 in
1624 1083 153 39 nobis
1726 1083 170 39 causat
1845 1083 204 39 iudicium
1981 1083 102 39 eui-

1273 1119 113 44 dens
1344 1119 113 44 quod
1414 1119 99 44 res
1471 1119 170 44 praesens
1598 1119 99 44 est
1654 1119 127 44 talis
1739 1119 155 44 coloris
1852 1119 71 44 /
1880 1119 127 44 talis
1951 1119 127 44 figure.

1277 1162 141 43 secus
1371 1162 110 43 est
1434 1162 94 43 de
1481 1162 172 43 notitia
1607 1162 125 43 quam
1685 1162 172 43 habemus
1810 1162 94 43 in
1857 1162 188 43 absentia
1983 1162 94 43 rei.

1284 1197 210 45 quocunque
1445 1197 161 45 nomine
1558 1197 177 45 vocetur
1687 1197 113 45 non
1752 1197 177 45 refert.
1881 1197 113 45 sed
1945 1197 97 45 in
1977 1197 97 45 modo

1282 1239 179 43 loquendi
1417 1239 105 43 vna
1476 1239 164 43 vocatur
1596 1239 209 43 intuitiua:
1760 1239 90 43 et
1805 1239 149 43 altera
1895 1239 179 43 abstracti-

1273 1272 99 47 ua.
1329 1272 85 47 Et
1372 1272 141 47 potest
1471 1272 113 47 dici
1541 1272 113 47 quod
1612 1272 170 47 iudicium
1739 1272 184 47 complexum
1880 1272 155 47 sequans
1979 1272 99 47 illam

1279 1313 182 43 notitiam
1415 1313 212 43 intuitiuam
1582 1313 136 43 etiam
1672 1313 167 43 vocetur
1794 1313 167 43 notitia
1899 1313 167 43 intuitiua

1282 1349 71 43 ⁋
1310 1349 85 43 Ex
1353 1349 113 43 isto
1423 1349 141 43 pataet
1522 1349 113 43 quod
1593 1349 99 43 non
1650 1349 99 43 est
1706 1349 184 43 propterea
1848 1349 113 43 quia
1904 1349 170 43 terminatur

1273 1387 92 46 ad
1319 1387 184 46 obiectum
1457 1387 92 46 ad
1503 1387 154 46 extra:
1611 1387 108 46 cum
1672 1387 169 46 vtraque
1795 1387 123 46 eque
1872 1387 200 46 immediate
2026 1387 92 46 ad

1276 1426 206 48 obiectum
1430 1426 103 48 ad
1481 1426 154 48 exrra
1584 1426 257 48 terminetur.
1790 1426 86 48 ⁋
1824 1426 188 48 Secundo
1944 1426 137 48 proba-

1281 1466 73 45 re
1317 1466 147 45 intendit
1427 1466 98 45 idem
1488 1466 183 45 antecedens:
1635 1466 171 45 supponendo
1769 1466 98 45 duo.
1830 1466 98 45 vnum
1892 1466 86 45 est
1940 1466 98 45 quod
1989 1466 98 45 quando

1272 1503 150 43 cunque
1377 1503 165 43 aliquis
1496 1503 105 43 sic
1556 1503 165 43 cogitat
1676 1503 90 43 de
1721 1503 195 43 sensibili
1871 1503 105 43 non
1915 1503 165 43 praesenti

1274 1539 182 46 idipsum
1407 1539 216 46 obiicitur
1573 1539 216 46 immediate
1739 1539 133 46 eius
1822 1539 265 46 cogitationi:
2021 1539 66 46 si

1274 1578 174 42 aliquod
1401 1578 127 42 tale
1480 1578 206 42 sensibile
1639 1578 111 42 sit
1702 1578 127 42 actu
1782 1578 143 42 extra
1877 1578 159 42 animam
1988 1578 127 42 quod

1270 1614 229 49 obiiceretur:
1456 1614 86 49 si
1499 1614 143 49 nullum
1599 1614 115 49 tale
1671 1614 115 49 erit
1743 1614 172 49 penitus.
1872 1614 86 49 et
1915 1614 100 49 hoc
1972 1614 100 49 est
2015 1614 72 49 cla

1273 1655 119 45 rum.
1348 1655 89 45 ei
1392 1655 119 45 enim
1467 1655 104 45 qui
1526 1655 134 45 vidit
1616 1655 134 45 rosam
1705 1655 89 45 si
1750 1655 164 45 cogitat
1869 1655 89 45 de
1914 1655 119 45 rosa
1974 1655 104 45 posi-

1270 1685 84 51 to
1312 1685 112 51 quod
1382 1685 126 51 nulla
1466 1685 126 51 esset
1551 1685 112 51 sibi
1621 1685 168 51 presens:
1747 1685 112 51 sint
1817 1685 126 51 tamen
1902 1685 126 51 multe
1986 1685 84 51 in
2014 1685 70 51 mum

1273 1729 100 42 do:
1330 1729 100 42 non
1387 1729 129 42 aliud
1473 1729 186 42 obiicitur
1616 1729 114 42 quam
1688 1729 86 42 si
1731 1729 129 42 nulla
1816 1729 114 42 tunc
1888 1729 143 42 esset.
1974 1729 100 42 alias

1275 1768 153 49 posset
1382 1768 92 49 vi
1428 1768 245 49 cogitationis
1627 1768 215 49 cognoscere
1796 1768 138 49 vtrum
1888 1768 153 49 aliqua
1980 1768 107 49 esset

1277 1806 86 41 in
1320 1806 129 41 mundo
1405 1806 86 41 an
1448 1806 114 41 non.
1520 1806 72 41 ⁋
1549 1806 114 41 Item
1620 1806 186 41 cogitando
1763 1806 86 41 in
1806 1806 143 41 estate
1906 1806 143 41 quando
1992 1806 86 41 mul-

1268 1843 94 48 te
1315 1843 141 48 sunt:
1409 1843 94 48 et
1456 1843 203 48 cogitando
1612 1843 94 48 in
1659 1843 141 48 hyeme
1753 1843 156 48 quando
1862 1843 141 48 nulla
1956 1843 125 48 est:
2018 1843 63 48 ex

1279 1880 201 51 periretur
1433 1880 108 51 vel
1495 1880 155 51 expiri
1604 1880 155 51 posset
1712 1880 248 51 diuersitatem
1898 1880 186 51 obiectorum

1267 1920 222 43 immediate
1438 1920 273 43 terminantium
1659 1920 137 43 suas
1745 1920 290 43 cogitationes:
1967 1920 102 43 quod

1270 1964 120 43 est
1339 1964 172 43 contra
1459 1964 155 43 omnem
1562 1964 292 43 experientiam.
1803 1964 86 43 ⁋
1837 1964 189 43 Secundo
1958 1964 120 43 suppo

1274 1997 114 43 nit.
1345 1997 114 43 quod
1416 1997 227 43 quandocunque
1600 1997 156 43 aliquis
1714 1997 156 43 cogitat
1828 1997 85 43 de
1870 1997 185 43 sensibili
1998 1997 71 43 non

1279 2033 181 46 presenti:
1419 2033 112 46 illu
1488 2033 112 46 quod
1558 2033 112 46 sibi
1628 2033 195 46 obiicitur:
1781 2033 181 46 immediate
1921 2033 98 46 est
1962 2033 112 46 aliqua

1275 2071 147 44 entitas
1381 2071 93 44 vel
1435 2071 173 44 entitates
1568 2071 107 44 actu
1635 2071 160 44 existens
1755 2071 93 44 vel
1808 2071 187 44 existentes
1955 2071 80 44 in
1982 2071 93 44 rerum

1274 2107 157 54 natura
1384 2107 125 54 siue
1463 2107 94 54 in
1510 2107 141 54 anima
1604 2107 235 54 subiectiue:
1792 2107 125 54 siue
1870 2107 141 54 extra
1949 2107 141 54 animam.

1282 2148 106 43 hoc
1343 2148 152 43 patet.
1449 2148 122 43 quia
1525 2148 91 43 ad
1571 2148 106 43 non
1631 2148 106 43 ens
1692 2148 137 43 nulla
1783 2148 167 43 simplex
1905 2148 167 43 notitia
2011 2148 61 43 no

1277 2184 127 49 stra
1356 2184 237 49 naturaliter
1546 2184 158 49 habita
1657 2184 174 49 mediate
1783 2184 237 49 terminatur.
1973 2184 79 49 ⁋
1989 2184 95 49 Pri-

1282 2225 128 44 mam
1355 2225 146 44 eius
1446 2225 310 44 suppositionem
1701 2225 273 44 admittimus:
1902 2225 182 44 mirantes

1282 2264 198 43 quomodo
1426 2264 215 43 secundam
1587 2264 305 43 suppositionem
1839 2264 233 43 supponat:
2000 2264 90 43 cum

1287 2295 131 44 circa
1375 2295 190 44 veritatem
1521 2295 117 44 eius
1594 2295 175 44 certetur
1725 2295 88 44 ab
1769 2295 233 44 aduersariis:
1958 2295 88 44 et
1987 2295 88 44 sine

1282 2334 183 48 conflictu
1423 2334 127 48 petit
1508 2334 141 48 castra
1606 2334 113 48 quae
1677 2334 169 48 oppositi
1804 2334 183 48 protegere
1931 2334 155 48 satagunt.

1285 2373 133 43 illam
1374 2373 178 43 negamus:
1507 2373 104 43 sed
1566 2373 163 43 nititur
1685 2373 133 43 illam
1773 2373 178 43 probare.
1906 2373 104 43 sed
1966 2373 89 43 ad
1995 2373 89 43 pro-

1282 2415 179 42 bationem
1416 2415 119 42 eius
1491 2415 104 42 non
1550 2415 238 42 respondemus.
1744 2415 119 42 quia
1818 2415 164 42 constat
1937 2415 89 42 ex
1967 2415 104 42 dicti

1282 2451 119 48 eam
1350 2451 135 48 esse
1434 2451 237 48 inualidam.
1621 2451 85 48 ⁋
1655 2451 220 48 Confirmat
1824 2451 203 48 secundam
1959 2451 119 48 super

1280 2488 217 48 positionem
1451 2488 233 48 auctoritate
1637 2488 124 48 Aug.
1715 2488 109 48 xi.
1777 2488 248 48 confessionum
1963 2488 109 48 capi-

1276 2523 128 50 xviii
1361 2523 85 50 et
1404 2523 114 50 xix.
1475 2523 100 50 vbi
1532 2523 142 50 narrat
1631 2523 114 50 quod
1702 2523 199 50 preteritum
1859 2523 100 50 non
1916 2523 142 50 possit
2001 2523 71 50 nar

1286 2569 114 44 rari
1357 2569 171 44 secundum
1485 2569 86 44 se
1528 2569 228 44 naturaliter.
1713 2569 128 44 neque
1799 2569 128 44 etiam
1884 2569 143 44 futura
1970 2569 114 44 preco-

1279 2607 158 41 gnosci
1390 2607 111 41 vel
1453 2607 206 41 praedici.
1611 2607 127 41 nisi
1691 2607 95 41 ex
1738 2607 237 41 cogitatione
1912 2607 174 41 aliquorum

1291 2639 227 47 presentium.
1473 2639 151 47 Fateor
1578 2639 121 47 quod
1654 2639 167 47 notitia
1775 2639 212 47 habitualis
1942 2639 106 47 vel
1987 2639 91 47 spe-

1278 2684 117 53 cies
1352 2684 103 53 est
1410 2684 132 53 causa
1499 2684 132 53 quare
1587 2684 338 53 cognoscopraeterita:
1880 2684 103 53 sed
1939 2684 117 53 nego
1998 2684 88 53 quod
