2360 3297
427 218 97 69 non
483 218 97 69 est
538 218 153 69 animal.
650 218 139 69 homins
747 218 181 69 Mrunellus
887 218 97 69 est
942 218 153 69 asinus:
1054 218 111 69 ergo
1110 218 97 69 asinu

426 273 94 53 non
479 273 94 53 est
533 273 148 53 animal.
641 273 81 53 si
682 273 135 53 sortes
776 273 175 53 possideat
911 273 189 53 Mrunellum:
1060 273 121 53 plato
1127 273 81 53 vere

420 311 87 50 non:
475 311 153 50 antecedens
595 311 87 50 enim
649 311 76 50 est
693 311 98 50 verum
759 311 66 50 et
791 311 153 50 consequens
911 311 120 50 falsum.
999 311 76 50 iam
1042 311 131 50 premisse
1130 311 87 50 patent

421 347 92 57 per
473 347 184 57 falsitates
618 347 275 57 contradictoriarum
854 347 171 57 earundem:
985 347 171 57 conclusio
1116 347 92 57 est
1155 347 66 57 ma-

428 382 151 53 nifeste
538 382 137 53 falsa.
634 382 96 53 sed
689 382 151 53 oportet
799 382 151 53 maiorem
909 382 110 53 capi
978 382 82 53 in
1019 382 110 53 tali
1088 382 137 53 sensu:
1170 382 55 53 ni

425 420 95 53 hil
480 420 109 53 quod
548 420 95 53 est
603 420 150 53 hominis
712 420 177 53 Mrunellus
848 420 95 53 est
902 420 150 53 animal:
1012 420 109 53 tunc
1080 420 123 53 sicut
1148 420 68 53 con

434 457 135 54 clusio
528 457 94 54 est
582 457 135 54 falsa:
676 457 94 54 ita
730 457 67 54 a
757 457 135 54 maior.
852 457 94 54 Vel
906 457 108 54 sic.
973 457 121 54 maior
1041 457 175 54 verificatur

438 494 93 57 pro
491 494 133 57 sorte.
584 494 80 57 et
624 494 120 57 minor
704 494 93 57 pro
757 494 160 57 platone:
876 494 80 57 et
916 494 93 57 sic
969 494 93 57 pro
1023 494 160 57 diuersis
1129 494 93 57 extre

430 535 85 51 ma
472 535 128 51 medio
558 535 213 51 conueniunt:
728 535 128 51 quare
813 535 99 51 non
870 535 156 51 oportet
984 535 114 51 quod
1055 535 156 51 taliter
1168 535 85 51 ne

435 570 134 51 gentur
528 570 147 51 extrema
635 570 80 51 in
675 570 214 51 conclusione.
849 570 80 51 et
889 570 94 51 sic
942 570 120 51 illud
1023 570 134 51 medium
1116 570 94 51 est
1156 570 67 51 in-

436 605 136 56 habile
532 605 82 56 ab
573 605 191 56 inferendum
723 605 218 56 conclusionem
900 605 164 56 illatam.
1023 605 123 56 secus
1104 605 95 56 est
1145 605 82 56 hic:

437 648 156 53 platonis
554 648 130 53 asinus
645 648 143 53 currit:
749 648 117 53 plato
827 648 91 53 est
878 648 117 53 homo:
956 648 104 53 ergo
1021 648 143 53 homnins
1112 648 104 53 asinus

442 678 149 56 currit.
551 678 122 56 licet
632 678 122 56 maior
713 678 216 56 verificetur:
888 678 95 56 vel
942 678 189 56 verificari
1077 678 149 56 denotetur

430 716 101 57 pro
487 716 145 57 asino:
589 716 87 57 et
632 716 130 57 minor
719 716 101 57 pro
777 716 174 57 platone:
907 716 101 57 sed
965 716 130 57 ratio
1051 716 130 57 medii
1124 716 101 57 volun

430 756 108 51 tur
491 756 93 51 in
538 756 139 51 eodem
630 756 185 51 termino.
769 756 77 51 ⁋
800 756 123 51 Item
877 756 123 51 omne
954 756 154 51 animal
1062 756 123 51 fuit
1139 756 93 51 in
1170 756 46 51 a

435 799 102 43 cha
494 799 102 43 Noe
552 799 102 43 (vt
610 799 102 43 sit
668 799 218 43 distributio
842 799 102 43 pro
900 799 189 43 generibus
1030 799 189 43 singulorum.

437 831 88 52 est
488 831 113 52 vera:
563 831 76 52 et
601 831 88 52 per
652 831 176 52 consequens
790 831 126 52 animal
879 831 88 52 non
929 831 101 52 fuit
992 831 76 52 in
1030 831 113 52 archa
1106 831 88 52 Noe
1143 831 76 52 pro-

451 862 217 62 portionabiliter
633 862 80 62 est
679 862 114 62 falsa.
759 862 69 62 et
794 862 80 62 sic
839 862 126 62 oportet
931 862 114 62 negare
1011 862 91 62 hanc
1057 862 171 62 consequentiam

431 900 216 56 bucephalus
601 900 108 56 non
662 900 124 56 fuit
740 900 93 56 in
786 900 139 56 archa
879 900 124 56 Noe:
956 900 93 56 et
1002 900 216 56 bucephalus
1157 900 77 56 est

441 934 107 56 vel
502 934 123 56 fuit
579 934 169 56 animal:
701 934 123 56 ergo
778 934 153 56 animal
886 934 107 56 non
947 934 123 56 fuit
1024 934 92 56 in
1070 934 138 56 archa
1146 934 77 56 Noe

441 978 76 53 ⁋
471 978 153 53 Quinto
578 978 199 53 arguitur.
731 978 107 53 est
792 978 229 53 quaternitas
975 978 92 53 in
1021 978 183 53 diuinis:
1143 978 92 53 ergo

440 1015 95 51 non
495 1015 136 51 potest
590 1015 177 51 sustineri
727 1015 109 51 sola
795 1015 164 51 trinitas
917 1015 82 51 in
958 1015 164 51 diuinis.
1067 1015 164 51 consequen-

439 1048 97 57 tia
495 1048 97 57 est
550 1048 153 57 lucida:
662 1048 167 57 probatur
787 1048 209 57 antecedens:
954 1048 195 57 significet
1107 1048 70 57 a
1121 1048 111 57 patrem

446 1085 81 56 et
486 1085 135 56 filium
580 1085 81 56 et
620 1085 161 56 spiritum
742 1085 148 56 sanctum
849 1085 175 56 copulatim
984 1085 67 56 b
1011 1085 135 56 patrem
1105 1085 81 56 et
1132 1085 94 56 fili-

436 1122 89 51 um
481 1122 192 51 copulatim
628 1122 163 51 cpatrem
747 1122 89 51 et
791 1122 177 51 spiritum
924 1122 163 51 sanctum
1043 1122 192 51 copulatim
1176 1122 44 51 i

436 1160 145 52 filium
538 1160 87 52 et
582 1160 174 52 spiritum
712 1160 160 52 sanctum
828 1160 189 52 copulatim
974 1160 102 52 cum
1032 1160 102 52 iam
1090 1160 73 52 a
1119 1160 102 52 non
1162 1160 73 52 est

449 1197 71 57 b
477 1197 99 57 nec
534 1197 71 57 b
562 1197 99 57 est
619 1197 113 57 cnec
689 1197 71 57 c
718 1197 99 57 est
774 1197 85 57 d.
817 1197 113 57 ergo
887 1197 85 57 in
930 1197 156 57 diuinis
1043 1197 113 57 sunt
1100 1197 141 57 quattuor

440 1233 122 54 res:
516 1233 152 54 quarum
622 1233 137 54 nulla
713 1233 106 54 est
774 1233 137 54 alia.
865 1233 76 54 ⁋
896 1233 167 54 Insuper
1017 1233 106 54 hic
1078 1233 137 54 modus
1154 1233 76 54 re-

444 1270 126 58 pugnat
533 1270 189 58 perfectioni
684 1270 126 58 ipsius
772 1270 101 58 dei.
835 1270 101 58 quod
898 1270 126 58 patet.
986 1270 101 58 quia
1049 1270 88 58 vel
1099 1270 88 58 vna
1137 1270 88 58 parse

444 1312 88 51 na
488 1312 102 51 est
547 1312 175 51 perfecta
678 1312 88 51 ad
722 1312 175 51 facienda
854 1312 132 51 omnia
942 1312 102 51 que
1000 1312 117 51 alie
1073 1312 161 51 persone
1176 1312 58 51 in

445 1345 158 52 diuinis
560 1345 158 52 possunt
675 1345 144 52 facere
776 1345 72 52 /
805 1345 101 52 vel
862 1345 115 52 non.
934 1345 86 52 Si
978 1345 187 52 secundum:
1122 1345 101 52 non
1165 1345 72 52 est

442 1386 223 47 omnipotens.
621 1386 89 47 Si
665 1386 164 47 primum:
784 1386 119 47 tunc
859 1386 119 47 alie
933 1386 164 47 persone
1038 1386 194 47 superfluunt

442 1418 107 56 sic
503 1418 122 56 enim
579 1418 183 56 Magister
716 1418 152 56 probat
823 1418 183 56 vnitatem
960 1418 122 56 dei.
1036 1418 76 56 ⁋
1066 1418 91 56 Ad
1097 1418 137 56 qnintum

441 1459 109 49 nego
510 1459 109 49 quod
578 1459 96 49 sit
632 1459 205 49 quaternitas
796 1459 82 49 in
837 1459 164 49 diuinis.
960 1459 96 49 non
1015 1459 109 49 enim
1083 1459 109 49 sunt
1137 1459 96 49 quat-

444 1492 120 56 tuor
519 1492 105 56 res
579 1492 150 56 quarum
684 1492 180 56 quelibet
819 1492 105 56 est
878 1492 165 56 persona
998 1492 90 56 ab
1043 1492 120 56 alia
1103 1492 135 56 distin-

443 1528 102 55 cta
502 1528 102 55 sed
560 1528 117 55 bene
633 1528 88 55 in
677 1528 160 55 plurali
793 1528 160 55 numero.
910 1528 102 55 nec
968 1528 73 55 a
998 1528 102 55 est
1056 1528 73 55 d
1085 1528 117 55 nccb
1158 1528 88 55 c.
1187 1528 44 55 v

449 1565 202 55 dicebatur
605 1565 140 55 inter
698 1565 217 55 arguendum.
869 1565 78 55 ⁋
900 1565 109 55 Sed
962 1565 217 55 argumentum
1132 1565 109 55 est
1179 1565 62 55 so

454 1616 157 44 phisma:
568 1616 171 44 probaret
696 1616 114 44 enim
767 1616 114 44 tres
838 1616 157 44 angelos
952 1616 114 44 esse
1023 1616 185 44 quattuor.
1152 1616 85 44 pro-

439 1641 97 50 bo
487 1641 195 50 capiamus
633 1641 211 50 Michaelem
795 1641 211 50 Gabrielem
957 1641 97 50 et
1006 1641 227 50 Raphaelem:
1168 1641 65 50 si

441 1688 174 40 gnificet
572 1688 73 40 a
601 1688 131 40 illos
688 1688 116 40 tres
761 1688 189 40 copulatim
906 1688 73 40 b
935 1688 189 40 gabrielem
1080 1688 87 40 et
1109 1688 131 40 michae-

441 1718 124 49 lem.
519 1718 218 49 cmichaelem
690 1718 93 49 et
737 1718 202 49 raphaelem
892 1718 78 49 d
923 1718 202 49 gabrielem
1079 1718 93 49 et
1110 1718 124 49 raphae

456 1752 108 51 lem.
523 1752 121 51 tunca
603 1752 94 51 non
657 1752 94 51 est
711 1752 121 51 bnecb
792 1752 94 51 est
846 1752 121 51 cnecc
926 1752 94 51 est
980 1752 81 51 d.
1020 1752 81 51 et
1061 1752 108 51 pala
1128 1752 94 51 est
1168 1752 81 51 quod

459 1797 81 55 ex
499 1797 107 55 illo
566 1797 94 55 non
620 1797 161 55 sequitur
740 1797 107 55 quod
808 1797 107 55 sunt
875 1797 161 55 quattuor
995 1797 148 55 angeli:
1103 1797 134 55 potest
1183 1797 54 55 in

457 1826 135 52 super
547 1826 150 52 imponi
652 1826 75 52 e
681 1826 90 52 ad
726 1826 254 52 significandum
936 1826 120 52 vnum
1011 1826 165 52 angelum
1130 1826 120 52 puta
1190 1826 60 52 mi

451 1864 152 51 chaelem
562 1864 83 51 et
603 1864 207 51 fgabrielem.
768 1864 83 51 et
810 1864 207 51 graphaelem:
975 1864 83 51 et
1016 1864 97 51 sic
1072 1864 110 51 tibi
1141 1864 83 51 ex
1168 1864 69 51 tri

460 1905 108 47 bus
521 1905 170 47 angelis
645 1905 201 47 concludes
800 1905 155 47 septem
908 1905 170 47 propter
1032 1905 170 47 angelos
1141 1905 108 47 commu

455 1946 186 40 nicantes.
598 1946 71 40 ⁋
626 1946 86 40 Ad
669 1946 172 40 secundum
798 1946 157 40 dicitur
912 1946 114 40 quod
984 1946 172 40 quicquid
1112 1946 100 40 vna
1155 1946 86 40 per-

456 1976 94 55 son
509 1976 67 55 a
536 1976 134 55 facere
629 1976 134 55 potest
723 1976 107 55 idem
790 1976 107 55 alia
857 1976 120 55 facit
937 1976 120 55 secu.
1017 1976 120 55 opera
1084 1976 160 55 trinitatis

462 2021 79 40 ad
501 2021 119 40 extra
581 2021 106 40 sunt
647 2021 172 40 indiuisa.
780 2021 93 40 nec
833 2021 79 40 ex
872 2021 106 40 illa
938 2021 172 40 sequitur:
1071 2021 106 40 quod
1137 2021 106 40 alie
1190 2021 53 40 p-

467 2055 114 40 ione
538 2055 143 40 quarum
638 2055 171 40 quelibet
766 2055 100 40 est
823 2055 114 40 deus
895 2055 214 40 snperfiuant
1066 2055 86 40 vt
1109 2055 114 40 fide
1166 2055 71 40 com

454 2092 132 46 stat.
542 2092 205 46 argumentum
704 2092 176 46 Magistri
836 2092 132 46 valet
923 2092 147 46 gratia
1026 2092 176 46 materie.
1158 2092 73 46 ⁋
1173 2092 73 46 Sex

460 2128 82 45 to
501 2128 177 45 arguitur.
637 2128 109 45 sunt
705 2128 109 45 tres
773 2128 150 45 persone
882 2128 82 45 in
923 2128 163 45 diuinis:
1045 2128 109 45 ergo
1113 2128 109 45 sunt
1167 2128 82 45 tres

466 2161 214 53 substantie
634 2161 92 53 ab
680 2161 199 53 inferiori
832 2161 92 53 ad
878 2161 199 53 superius.
1031 2161 199 53 eodemmodo
1168 2161 92 53 sunt

463 2198 95 51 tria
522 2198 118 51 entia:
605 2198 95 51 ergo
664 2198 95 51 tres
723 2198 154 51 essentie:
842 2198 106 51 tenet
913 2198 189 51 consequentia
1067 2198 59 51 a
1078 2198 166 51 conuertibili

464 2242 115 42 bus.
536 2242 101 42 ens
593 2242 115 42 enim
665 2242 115 42 esse
737 2242 72 42 a
766 2242 173 42 essentia
896 2242 101 42 non
953 2242 259 42 distinguuntur.
1170 2242 72 42 ⁋
1184 2242 72 42 In-

467 2276 121 50 super
547 2276 108 50 deus
615 2276 148 50 capitur
723 2276 229 50 personaliter:
912 2276 94 50 cum
966 2276 202 50 concedatur.
1128 2276 108 50 quod
1182 2276 67 50 de-

466 2313 85 47 us
508 2313 155 47 generat
621 2313 127 47 deum:
706 2313 113 47 ergo
777 2313 170 47 possumus
904 2313 184 47 concedere
1045 2313 113 47 quod
1116 2313 113 47 tres
1172 2313 85 47 sunt

464 2351 108 47 dii:
532 2351 108 47 quia
600 2351 135 47 sensus
694 2351 108 47 est:
762 2351 108 47 tres
830 2351 108 47 sunt
897 2351 149 47 persone
1006 2351 81 47 in
1046 2351 149 47 diuinis
1141 2351 108 47 quarum

466 2390 175 43 quelibet
598 2390 102 43 est
656 2390 131 43 deus.
743 2390 73 43 ⁋
772 2390 87 43 Ad
816 2390 146 43 sextum
918 2390 160 43 concedo
1035 2390 117 43 quod
1107 2390 117 43 sunt
1166 2390 87 43 tres

478 2423 182 46 lubstantie:
624 2423 73 46 vt
660 2423 170 46 substantia
794 2423 195 46 distinguatur
952 2423 122 46 contra
1037 2423 158 46 accidens.
1159 2423 73 46 et
1183 2423 73 46 tria

467 2462 125 48 entia
550 2462 318 48 transcendentaliter.
827 2462 83 48 et
869 2462 166 48 essentie
993 2462 111 48 tres
1062 2462 180 48 eodemmodo
1187 2462 69 48 ca-

465 2492 143 58 piendo.
569 2492 91 58 sed
621 2492 91 58 non
673 2492 78 58 vt
712 2492 91 58 est
764 2492 117 58 nomen
842 2492 182 58 essentiale
985 2492 78 58 et
1024 2492 78 58 vt
1063 2492 130 58 sancti
1141 2492 117 58 vtuntur

476 2533 82 55 in
517 2533 110 55 ista
586 2533 151 55 materia
696 2533 82 55 de
737 2533 192 55 trinitate.
888 2533 178 55 propterea
1025 2533 110 55 illa
1093 2533 110 55 sunt
1148 2533 110 55 distin

474 2568 152 57 guenda
580 2568 136 57 alias
671 2568 212 57 nullatenus
838 2568 227 57 cocedantur.
1019 2568 76 57 ⁋
1050 2568 91 57 Ad
1095 2568 136 57 aliud
1171 2568 91 57 con-

476 2615 147 45 ceditur
582 2615 107 45 quod
649 2615 160 45 quelibet
769 2615 120 45 psona
849 2615 80 45 in
890 2615 147 45 diuinis
996 2615 93 45 est
1050 2615 107 45 deus
1116 2615 67 45 /
1143 2615 80 45 et
1170 2615 80 45 deus

463 2643 136 57 potest
559 2643 109 57 capi
627 2643 218 57 prsonaliter:
805 2643 96 57 sed
859 2643 136 57 sancti
955 2643 150 57 propter
1064 2643 177 57 infideles
1187 2643 68 57 non

1272 212 212 60 admiserunt
1438 212 151 60 plures
1544 212 136 60 deos:
1635 212 91 60 ne
1681 212 151 60 darent
1787 212 227 60 intelligere
1953 212 106 60 plura

1271 259 146 53 litatem
1377 259 199 53 essentiarum
1536 259 80 53 in
1576 259 159 53 diuinis:
1695 259 93 53 sed
1748 259 93 53 sic
1801 259 133 53 potest
1894 259 133 53 capius
1973 259 93 53 dicit

1269 293 248 57 alilacenser.
1470 293 201 57 questione
1624 293 155 57 quinta
1733 293 124 57 apud
1810 293 170 57 doctos.
1934 293 77 57 ⁋
1949 293 124 57 Septi-

1272 332 82 50 mo
1313 332 164 50 arguitur
1436 332 109 50 sic.
1504 332 95 50 due
1559 332 245 50 contradictorie
1763 332 109 50 sunt
1831 332 123 50 false
1913 332 82 50 in
1940 332 123 50 diuinis

1273 365 104 58 ergo
1338 365 143 58 positio
1442 365 91 58 non
1494 365 91 58 est
1546 365 156 58 tenenda.
1663 365 130 58 Patet.
1754 365 104 58 quia
1819 365 104 58 iste
1871 365 195 58 contradicunt:

1270 404 113 56 omne
1341 404 99 56 ens
1397 404 113 56 quod
1468 404 99 56 est
1524 404 99 56 hec
1581 404 170 56 essentia
1708 404 141 56 diuina
1807 404 99 56 est
1864 404 141 56 pater:
1949 404 113 56 nullum

1271 446 98 46 ens
1327 446 112 46 quod
1397 446 98 46 est
1453 446 98 46 hec
1510 446 168 46 essentia
1636 446 140 46 diuina
1734 446 98 46 est
1790 446 140 46 pater:
1889 446 84 46 et
1931 446 112 46 sunt
1987 446 84 46 ambe

1268 488 130 40 false.
1359 488 130 40 igitur
1450 488 195 40 propositum.
1606 488 169 40 vtriusque
1737 488 156 40 falsitas
1854 488 117 40 patet
1932 488 78 40 ex
1958 488 117 40 dictis.

1271 524 116 45 Quod
1343 524 232 45 contradicant
1532 524 145 45 patet.
1633 524 116 45 quia
1706 524 116 45 sunt
1778 524 102 45 due
1836 524 203 45 singulares
1981 524 87 45 oppo

1270 553 115 51 site
1341 553 215 51 qualitatis.
1514 553 215 51 praedicatum
1686 553 215 51 distributum
1859 553 86 51 in
1902 553 101 51 vna
1959 553 101 51 non
2002 553 72 51 di-

1283 589 184 51 stribuitur
1427 589 79 51 in
1467 589 118 51 alia.
1546 589 79 51 et
1585 589 184 51 econuerso.
1729 589 66 51 &
1756 589 118 51 nulla
1835 589 158 51 conditio
1940 589 131 51 requisi-

1274 634 84 47 ta
1316 634 84 47 ad
1358 634 126 47 bonam
1442 634 267 47 contradictionem
1667 634 140 47 deest.
1765 634 154 47 igitur.
1878 634 70 47 ⁋
1906 634 126 47 Forte
1976 634 98 47 dices

1277 668 100 46 non
1334 668 128 46 omnes
1419 668 200 46 singulares
1576 668 171 46 opposite
1704 668 200 46 qualitatis
1861 668 242 46 contradicunt:

1275 700 126 56 patet
1359 700 84 56 de
1401 700 140 56 istis:
1500 700 126 56 forte
1584 700 126 56 plato
1668 700 154 56 dormit.
1780 700 126 56 forte
1864 700 126 56 plato
1949 700 98 56 non
1991 700 84 56 dor-

1276 736 108 55 mit.
1344 736 135 55 tantum
1439 736 135 55 sortes
1534 736 95 55 est
1588 736 135 55 plato:
1683 736 135 55 tantum
1777 736 135 55 sortes
1872 736 95 55 non
1926 736 95 55 est
1967 736 108 55 plato.

1279 774 100 53 due
1336 774 129 53 prime
1422 774 114 53 sunt
1493 774 129 53 vere.
1579 774 86 53 et
1622 774 100 53 due
1679 774 143 53 vltime
1779 774 143 53 false.
1879 774 114 53 ergo
1951 774 100 53 non
1994 774 71 53 cor

1276 813 203 49 tradicunt.
1436 813 73 49 ⁋
1465 813 102 49 hoc
1523 813 102 49 non
1581 813 189 49 sufficit:
1727 813 102 49 cum
1785 813 116 49 ille
1857 813 116 49 sint
1915 813 160 49 exponibi-

1284 847 99 51 les
1340 847 156 51 oportet
1454 847 142 51 negare
1553 847 142 51 signum
1652 847 85 51 in
1695 847 198 51 negativua.
1850 847 71 51 ⁋
1879 847 198 51 Propositio
2020 847 57 51 de

1282 888 136 47 forte
1372 888 166 47 videtur
1493 888 151 47 exponi
1598 888 136 47 sicut
1689 888 211 47 propositio
1854 888 90 47 de
1884 888 196 47 contingenti

1285 925 221 57 specialiter
1462 925 147 57 capto.
1565 925 103 57 Sed
1624 925 118 57 tunc
1697 925 147 57 dices:
1800 925 118 57 ista
1874 925 132 57 debet
1948 925 132 57 concedi

1282 960 128 55 forte
1367 960 228 55 antichristus
1553 960 157 55 dormit:
1667 960 143 55 contra
1766 960 171 55 communem
1895 960 128 55 modum
1966 960 114 55 conci-

1285 994 137 61 piendi
1381 994 96 61 vel
1436 994 123 61 forte
1518 994 96 61 ego
1573 994 96 61 sum
1628 994 82 61 in
1669 994 123 61 celo:
1751 994 137 61 melius
1847 994 137 61 igitur
1929 994 151 61 expouitur

1294 1041 95 46 per
1349 1041 108 46 has.
1416 1041 108 46 stat
1484 1041 108 46 quod
1552 1041 122 46 plato
1633 1041 163 46 dormiat:
1755 1041 108 46 stat
1823 1041 108 46 quod
1890 1041 95 46 non
1945 1041 163 46 dormiat:

1281 1081 161 45 addendo
1399 1081 103 45 cum
1457 1081 220 45 apparentia:
1634 1081 88 45 et
1678 1081 117 45 tunc
1751 1081 161 45 oportet
1868 1081 147 45 negare
1957 1081 117 45 forte-

1291 1109 80 52 vt
1331 1109 173 52 exponatur
1463 1109 212 52 disiunctiue.
1636 1109 80 52 et
1676 1109 93 52 sic
1729 1109 80 52 de
1768 1109 119 52 alia:
1848 1109 93 52 hoc
1901 1109 93 52 non
1941 1109 146 52 contingit

1277 1145 78 53 in
1316 1145 247 53 propositionibus
1524 1145 182 53 assumptis.
1667 1145 130 53 nullum
1759 1145 104 53 enim
1824 1145 91 53 ibi
1876 1145 143 53 ponitur
1967 1145 104 53 signum

1288 1183 203 54 exponibile.
1451 1183 68 54 ⁋
1478 1183 203 54 Respondetur
1641 1183 149 54 negando
1749 1183 108 54 quod
1817 1183 230 54 contradicant.
1993 1183 81 54 sunt

1295 1227 105 43 enim
1360 1227 118 43 simul
1439 1227 131 43 falle:
1530 1227 79 43 et
1570 1227 92 43 non
1622 1227 79 43 se
1661 1227 196 43 falsificant
1818 1227 118 43 palam
1897 1227 105 43 est:
1962 1227 105 43 ergo
2015 1227 65 43 non

1288 1256 107 51 sunt
1355 1256 255 51 contradictorie.
1570 1256 134 51 potius
1664 1256 107 51 sunt
1731 1256 175 51 contrarie
1865 1256 107 51 quia
1932 1256 107 51 sunt
1986 1256 94 51 simul

1289 1300 138 44 false:
1386 1300 83 44 et
1427 1300 97 44 non
1482 1300 152 44 possunt
1593 1300 124 44 simul
1676 1300 110 44 esse
1745 1300 124 44 vere.
1828 1300 97 44 nec
1883 1300 97 44 due
1938 1300 152 44 similes
2035 1300 55 44 in

1288 1331 140 51 forma.
1386 1331 112 51 nego
1456 1331 112 51 quod
1526 1331 112 51 sint
1596 1331 196 51 singulares
1750 1331 140 51 poprie
1848 1331 140 51 dicte:
1932 1331 154 51 subiectum

1282 1376 181 43 supponit
1417 1376 105 43 pro
1478 1376 181 43 pluribus
1613 1376 241 43 personaliter
1809 1376 211 43 distinctis
1975 1376 90 43 et
2005 1376 75 43 hoc

1297 1404 91 52 est
1349 1404 103 52 quod
1413 1404 168 52 dicebamus
1543 1404 78 52 in
1582 1404 168 52 principio
1711 1404 220 52 exponibilium:
1892 1404 103 52 quod
1957 1404 103 52 iste
2008 1404 78 52 sunt

1284 1442 215 53 indefinite:
1456 1442 100 53 hec
1513 1442 172 53 essentia
1642 1442 143 53 diuina
1743 1442 100 53 est
1800 1442 143 53 pater:
1901 1442 100 53 hec
1944 1442 143 53 essentia

1291 1479 143 53 diuina
1391 1479 100 53 non
1448 1479 100 53 est
1505 1479 143 53 pater:
1605 1479 71 53 a
1634 1479 129 53 illud
1720 1479 114 53 erat
1791 1479 200 53 argumentum
1934 1479 143 53 potissi-

1285 1525 122 41 mum
1354 1525 105 41 me
1407 1525 192 41 mouens.
1547 1525 175 41 videas
1669 1525 175 41 ibidem
1792 1525 227 41 questione
1949 1525 140 41 prima.

1301 1552 67 59 ⁋
1327 1552 93 59 Vel
1381 1552 147 59 dicimus
1487 1552 107 59 sic.
1554 1552 160 59 transeat
1674 1552 107 59 quod
1740 1552 107 59 sint
1807 1552 187 59 singulares
1953 1552 120 59 ille:
2020 1552 80 59 tunc

1297 1593 115 51 nego
1369 1593 115 51 quod
1441 1593 130 51 omnes
1527 1593 202 51 singulares
1686 1593 173 51 opposite
1816 1593 202 51 qualitatis
1960 1593 130 51 contra-

1300 1628 147 50 dicant.
1407 1628 94 50 nam
1460 1628 80 50 in
1501 1628 241 50 contradictoria
1702 1628 134 50 huius:
1796 1628 121 50 omnis
1876 1628 94 50 res
1930 1628 107 50 quae
1997 1628 94 50 est
2037 1628 67 50 hec

1294 1666 176 52 essentia
1426 1666 147 52 diuina
1529 1666 103 52 est
1588 1666 132 52 pater
1676 1666 88 52 vt
1720 1666 103 52 sit
1779 1666 176 52 completa
1896 1666 206 52 singularisa-

1293 1701 109 51 tio:
1362 1701 82 51 et
1402 1701 245 51 contradictoria
1607 1701 136 51 huius:
1703 1701 123 51 nulla
1784 1701 95 51 res
1839 1701 95 51 que
1893 1701 95 51 est
1948 1701 95 51 hec
1989 1701 109 51 essen-

1300 1737 100 54 tia
1357 1737 144 54 diuina
1458 1737 100 54 est
1515 1737 144 54 pater:
1615 1737 158 54 deficit
1730 1737 100 54 vna
1788 1737 172 54 conditio
1902 1737 187 54 contradicto

1306 1777 145 52 riarum.
1411 1777 105 52 quod
1477 1777 79 52 si
1517 1777 198 52 praedicatum
1675 1777 185 52 enuntietur
1820 1777 79 52 de
1860 1777 158 52 subiecto
1978 1777 92 52 pro
2018 1777 79 52 omni

1297 1811 105 54 eius
1363 1811 184 54 supposito:
1507 1811 105 54 siue
1573 1811 105 54 stet
1638 1811 158 54 discrete
1757 1811 105 54 siue
1822 1811 92 54 non
1875 1811 66 54 /
1901 1811 105 54 quod
1954 1811 144 54 praedica-

1294 1849 104 58 tum
1354 1849 208 58 enuncietur
1517 1849 179 58 negatiue
1651 1849 89 58 de
1696 1849 179 58 subiecto
1830 1849 104 58 pro
1890 1849 119 58 omni
1964 1849 119 58 illo
2024 1849 74 58 pro

1306 1886 96 56 quo
1361 1886 96 56 est
1416 1886 232 56 verificabile.
1607 1886 82 56 in
1648 1886 177 56 creaturis
1784 1886 123 56 autem
1866 1886 96 56 non
1921 1886 96 56 est
1975 1886 109 56 opus
2030 1886 68 56 hoc

1304 1923 146 54 addere:
1410 1923 106 54 quia
1476 1923 106 54 idem
1543 1923 93 54 est
1596 1923 120 54 dictu
1676 1923 133 54 sortes
1769 1923 146 54 currit.
1875 1923 80 54 et
1915 1923 106 54 omne
1981 1923 93 54 ens
2021 1923 80 54 quod

1300 1965 103 47 est
1359 1965 147 47 sortes
1462 1965 162 47 currit.
1580 1965 74 47 ⁋
1610 1965 162 47 Secundo
1728 1965 118 47 idem
1801 1965 192 47 contingit
1949 1965 88 47 de
1978 1965 118 47 istis:

1304 1999 103 56 hec
1363 1999 176 56 essentia
1495 1999 147 56 diuina
1598 1999 103 56 est
1657 1999 147 56 pater:
1760 1999 103 56 hec
1819 1999 176 56 essentia
1951 1999 132 56 diuna
2025 1999 73 56 non

1302 2040 105 50 est
1362 2040 150 50 pater:
1467 2040 90 50 vt
1512 2040 105 50 vna
1571 2040 209 50 equiualeat
1736 2040 105 50 vni
1796 2040 90 50 de
1841 2040 120 50 omni
1915 2040 150 50 altera
2005 2040 90 50 equi

1311 2071 151 55 ualeat
1417 2071 106 55 vni
1477 2071 91 55 de
1523 2071 151 55 nullo.
1628 2071 76 55 ⁋
1659 2071 91 55 Si
1704 2071 136 55 petas
1795 2071 136 55 qunon
1885 2071 181 55 supponit
2006 2071 91 55 sub-

1300 2109 134 60 iectum
1394 2109 134 60 huius:
1488 2109 108 60 omne
1555 2109 94 60 ens
1609 2109 108 60 quod
1676 2109 94 60 est
1730 2109 94 60 hec
1783 2109 161 60 essentia
1904 2109 134 60 diuina
1998 2109 94 60 est
2039 2109 67 60 pa-

1308 2142 118 57 tere
1382 2142 74 57 ⁋
1412 2142 251 57 Multipliciter
1619 2142 148 57 potest
1722 2142 89 57 ad
1767 2142 104 57 hoc
1826 2142 222 57 responderi.
1988 2142 104 57 Unomo

1312 2182 79 52 do
1351 2182 105 52 quod
1417 2182 157 52 supponit
1534 2182 157 52 discrete
1652 2182 79 52 et
1691 2182 144 52 confuse
1796 2182 209 52 distributiue
1966 2182 79 52 et
1992 2182 105 52 aliqua

1302 2220 211 58 suppositio
1467 2220 105 58 est
1528 2220 180 58 discreta
1663 2220 90 58 et
1708 2220 226 58 determinata
1888 2220 90 58 vt
1934 2220 150 58 aliqua
2024 2220 75 58 hec

1309 2259 173 54 essentia
1438 2259 144 54 diuina
1539 2259 101 54 est
1597 2259 144 54 pater.
1698 2259 144 54 aliqua
1798 2259 115 54 pure
1870 2259 187 54 discreta.
2000 2259 101 54 potes

1310 2293 132 53 dicere
1402 2293 106 53 quod
1469 2293 172 53 subiectum
1601 2293 159 53 supponit
1720 2293 146 53 confuse
1826 2293 225 53 distributiue:
2011 2293 79 53 et
2038 2293 66 53 nul

1306 2339 168 48 latenus
1428 2339 199 48 discrete:
1581 2339 122 48 quia
1657 2339 184 48 supponit
1795 2339 107 48 pro
1856 2339 184 48 pluribus
1979 2339 122 48 perso-

1305 2372 153 50 naliter
1416 2372 208 50 distinctis:
1583 2372 83 50 et
1625 2372 97 50 hoc
1680 2372 125 50 iuxta
1764 2372 125 50 dicta
1847 2372 83 50 in
1875 2372 222 50 exponibilibus.

1302 2407 128 56 potes
1387 2407 128 56 satis
1472 2407 213 56 conformiter
1643 2407 142 56 dicere
1743 2407 114 56 quod
1814 2407 142 56 semper
1913 2407 171 56 supponit
2027 2407 71 56 di-

1310 2446 156 49 screte
1419 2446 234 49 qualecunque
1606 2446 156 49 signum
1716 2446 171 49 habeat.
1840 2446 78 49 ⁋
1871 2446 109 49 Sed
1934 2446 156 49 dices:
2027 2446 78 49 res

1305 2487 103 44 que
1364 2487 103 44 est
1423 2487 132 44 pater
1510 2487 132 44 nullo
1598 2487 132 44 pacto
1686 2487 176 44 supponit
1818 2487 103 44 pro
1877 2487 146 44 filio:
1965 2487 146 44 restrin-

1302 2515 109 62 gens
1370 2515 190 62 restringit
1520 2515 231 62 restringibile
1710 2515 81 62 ad
1750 2515 149 62 standum
1859 2515 95 62 pro
1913 2515 109 62 illo
1981 2515 109 62 solo
2035 2515 68 62 cui

1311 2556 167 50 competit
1436 2556 208 50 restrictio:
1603 2556 97 50 per
1658 2556 153 50 regulam
1769 2556 83 50 in
1811 2556 278 50 restrictionibus.
2033 2556 69 50 Pro

1317 2589 140 59 pterea
1415 2589 126 59 sonus
1499 2589 98 59 vox
1555 2589 112 59 idem
1625 2589 98 59 est
1681 2589 112 59 quod
1752 2589 112 59 vox:
1822 2589 98 59 hoc
1878 2589 98 59 est
1934 2589 126 59 dictu
2004 2589 98 59 sonus

1318 2629 103 62 vox
1377 2629 88 62 et
1421 2629 103 62 vox
1480 2629 251 62 conuertuntur:
1687 2629 118 62 ergo
1760 2629 103 62 res
1819 2629 103 62 que
1878 2629 103 62 est
1937 2629 133 62 pater
2011 2629 103 62 etiam
