2361 3309
678 218 119 71 Irca
752 218 119 71 hanc
827 218 253 71 distinctionem
1035 218 164 71 octauam
1139 218 104 71 secun

685 274 86 44 do
728 274 158 44 quaero:
842 274 129 44 vtrum
928 274 115 44 deus
1000 274 100 44 sit
1043 274 201 44 immutabilis;

689 316 65 46 ⁋
715 316 144 46 Dicitur
819 316 104 46 quod
885 316 91 46 nec
937 316 130 46 potest
1028 316 130 46 mutari
1107 316 130 46 secundum

680 351 94 46 locum
742 351 52 46 /
763 351 73 46 nec
805 351 126 46 secundum
900 351 105 46 tempus
973 351 52 46 /
994 351 73 46 nec
1036 351 115 46 aliquid
1120 351 63 46 in
1151 351 63 46 se
1172 351 63 46 sus-

679 386 145 50 cipere
780 386 72 50 /
809 386 101 50 nec
867 386 159 50 aliquid
982 386 174 50 actuare.
1113 386 87 50 Et
1142 386 101 50 licet

667 419 114 48 vnum
738 419 200 48 predicatum
895 419 114 48 nunc
966 419 214 48 verificatur
1137 419 86 48 de
1166 419 71 48 pro

438 462 150 55 nomine
543 462 240 55 demonstrante
738 462 135 55 deum:
828 462 90 55 et
873 462 150 55 postea
978 462 120 55 eius
1038 462 210 55 contradicto-

448 504 123 43 rium:
531 504 82 43 vt
572 504 151 43 creans:
681 504 96 43 non
736 504 151 43 creans:
846 504 123 43 tamen
928 504 96 43 hoc
983 504 96 43 non
1037 504 164 43 sufficit
1161 504 82 43 ad
1188 504 55 43 mu

453 536 166 42 tationem:
581 536 102 42 idem
645 536 102 42 enim
708 536 115 42 album
785 536 102 42 nunc
849 536 89 42 est
900 536 115 42 smile
976 536 89 42 per
1027 536 179 42 positionem
1155 536 89 42 alte-

452 584 104 38 rius
517 584 117 38 albi:
596 584 131 38 postea
687 584 91 38 per
739 584 131 38 illius
830 584 222 38 destructionem
1013 584 91 38 non
1065 584 144 38 simile:
1157 584 78 38 ideo

455 619 82 40 ad
496 619 191 40 relationem
646 619 95 40 non
701 619 95 40 est
755 619 136 40 motus:
851 619 109 40 nisi
919 619 95 40 per
973 619 177 40 accidens.
1110 619 82 40 v.
1137 619 109 40 physi-

454 650 120 45 corum.
538 650 72 45 et
574 650 144 45 secundum
682 650 180 45 Augustinum.
826 650 72 45 v.
862 650 72 45 de
898 650 156 45 trinitate
1018 650 144 45 capitulo
1126 650 132 45 vltimo.
1210 650 36 45 &

451 686 164 46 secundum
574 686 123 46 Ansel
656 686 123 46 mono.
738 686 150 46 xxiiii.
848 686 178 46 Probatio.
984 686 137 46 Iacobi
1080 686 137 46 primo.
1162 686 82 46 apud

445 732 111 37 quem
514 732 97 37 non
570 732 97 37 est
625 732 235 37 tramsmutatio:
818 732 97 37 nec
874 732 249 37 vicissitudinis
1067 732 180 37 obumbratio.

443 761 160 45 psalmo
555 761 208 45 centesimo
715 761 160 45 primo.
827 761 176 45 mutabis
955 761 112 45 ea:
1019 761 80 45 a
1035 761 208 45 mutabuntur:

451 796 82 41 tu
492 796 123 41 autem
574 796 109 41 idem
642 796 109 41 ipse
711 796 96 41 es:
765 796 82 41 et
806 796 109 41 anni
874 796 96 41 tui
929 796 96 41 non
984 796 191 41 deficient.
1134 796 82 41 et
1161 796 82 41 Mala

450 833 125 45 chie
529 833 172 45 tertio.
654 833 110 45 Ego
717 833 125 45 deus
795 833 110 45 non
858 833 157 45 mutor.
968 833 78 45 ⁋
999 833 94 45 Ad
1046 833 110 45 hoc
1093 833 157 45 Magister

456 868 106 44 iii.
522 868 106 44 cap.
588 868 119 44 huius
668 868 146 44 distin.
774 868 186 44 introducit
920 868 133 44 beatum
1013 868 186 44 Augustinum
1145 868 93 44 super

450 906 166 42 Genesim
571 906 196 42 dicentem.
722 906 121 42 quod
797 906 121 42 deus
873 906 106 42 nec
933 906 106 42 per
993 906 121 42 loca
1069 906 106 42 nec
1129 906 106 42 per
1175 906 75 42 tem

454 945 111 43 pora
524 945 167 43 mouetur.
649 945 167 43 creatura
774 945 111 43 vero
843 945 97 43 per
899 945 111 43 loca
968 945 83 43 et
1010 945 167 43 tempora.
1135 945 97 43 hoc
1190 945 83 43 ad

447 979 149 47 longum
551 979 223 47 prosequitur
730 979 178 47 Magister
863 979 89 47 in
908 979 164 47 litera.
1027 979 134 47 Etiam
1116 979 134 47 aliud
1191 979 59 47 in

451 1019 86 45 se
494 1019 186 45 suscipere
637 1019 129 45 dicit
723 1019 272 45 imperfectiones:
952 1019 186 45 propterea
1095 1019 86 45 in
1123 1019 115 45 lumine

448 1053 183 46 naturali.
588 1053 112 46 xii.
659 1053 211 46 Metaphysice
827 1053 169 46 dicitur:
954 1053 211 46 intellectio
1109 1053 126 46 diuina-

452 1084 94 52 est
505 1084 120 52 deus:
585 1084 80 52 et
626 1084 174 52 informare
759 1084 134 52 iterum
853 1084 120 52 dicit
933 1084 254 52 imperfectionem.
1134 1084 107 52 semper

456 1128 204 42 compositum
617 1128 204 42 diuersarum
777 1128 175 42 rationum
909 1128 102 42 est
967 1128 102 42 ens
1025 1128 204 42 perfectius
1171 1128 73 42 sua

463 1164 139 48 parte:
561 1164 125 48 totum
644 1164 84 48 et
686 1164 181 48 perfectum
825 1164 111 48 idem
895 1164 125 48 sunt.
978 1164 111 48 iii.
1048 1164 209 48 physicorum.
1201 1164 42 48 &

457 1206 174 41 inferius
588 1206 87 41 in
632 1206 102 41 hoc
690 1206 145 41 primo.
791 1206 232 41 distinctione
980 1206 145 41 decima
1081 1206 131 41 nona.
1154 1206 87 41 pro-

450 1237 118 50 pter
524 1237 222 50 equalitatem
702 1237 237 50 magnitudinis
894 1237 89 50 et
938 1237 237 50 perfectionis
1116 1237 133 50 persona

456 1281 102 42 rum
515 1281 175 42 Magister
646 1281 131 42 negat
734 1281 88 42 in
777 1281 190 42 trinitate
923 1281 117 42 esse
996 1281 146 42 partem
1098 1281 88 42 et
1127 1281 117 42 totum.

451 1312 70 48 ⁋
479 1312 98 48 Sed
535 1312 140 48 contra
633 1312 112 48 hanc
704 1312 225 48 conclusionem
886 1312 168 48 arguitur
1012 1312 112 48 sic.
1083 1312 70 48 ⁋
1097 1312 140 48 Christus

455 1354 209 44 profectus
616 1354 113 44 est
680 1354 80 44 a
712 1354 145 44 Iudea
809 1354 97 44 ad
857 1354 193 44 egyptum.
1002 1354 80 44 ⁋
1034 1354 177 44 Insuper
1147 1354 97 44 deus

451 1381 139 52 creans
548 1381 139 52 potest
646 1381 97 52 non
701 1381 125 52 esse:
785 1381 111 52 ergo
855 1381 111 52 deus
924 1381 139 52 potest
1021 1381 97 52 non
1077 1381 125 52 esse.
1147 1381 97 52 Ante-

458 1424 143 49 cedens
558 1424 143 49 patet:
658 1424 100 49 vel
715 1424 114 49 deus
787 1424 143 49 creans
887 1424 143 49 potest
987 1424 100 49 non
1044 1424 114 49 esse
1115 1424 100 49 vel
1158 1424 86 49 deus

457 1462 140 45 creans
555 1462 98 45 non
611 1462 140 45 potest
709 1462 98 45 non
765 1462 126 45 esse.
849 1462 84 45 si
891 1462 182 45 secundum.
1031 1462 112 45 ergo
1101 1462 112 45 deus
1157 1462 84 45 cre-

460 1499 93 47 ans
513 1499 185 47 necessario
658 1499 106 47 est.
724 1499 79 47 si
764 1499 145 47 primum:
870 1499 145 47 habetur
975 1499 198 47 propositum.
1134 1499 66 47 ⁋
1160 1499 79 47 Ad
1187 1499 66 47 pri

444 1537 106 48 mum
504 1537 166 48 dicitur
625 1537 121 48 quod
700 1537 106 48 hic
761 1537 106 48 non
821 1537 166 48 habemus
941 1537 151 48 oculum
1047 1537 106 48 adu
1092 1537 151 48 materiam

451 1574 320 46 communicationis
721 1574 236 46 idiomatum.
906 1574 84 46 ⁋
940 1574 101 46 Ad
990 1574 152 46 aliud
1075 1574 168 46 argumen-

461 1608 111 49 tum
525 1608 158 49 quidam
635 1608 158 49 doctor
746 1608 143 49 negat
841 1608 127 49 hanc
920 1608 285 49 consequentiam:
1142 1608 95 49 deus

462 1653 147 41 creans
565 1653 103 41 non
624 1653 147 41 potest
727 1653 103 41 non
786 1653 132 41 esse:
874 1653 118 41 ergo
948 1653 118 41 deus
1021 1653 147 41 creans
1110 1653 132 41 necessa

457 1688 84 43 rio
505 1688 97 43 est.
566 1688 109 43 datur
638 1688 157 43 instantia
759 1688 133 43 inquit:
855 1688 133 43 chymera
952 1688 84 43 non
1000 1688 121 43 potest
1084 1688 84 43 non
1132 1688 109 43 esse.
1193 1688 48 43 eo

466 1725 98 45 quod
527 1725 73 45 si
563 1725 110 45 esset
637 1725 110 45 vera:
710 1725 85 45 vel
759 1725 98 45 ergo
820 1725 134 45 chymera
917 1725 85 45 que
966 1725 85 45 est
1015 1725 85 45 vel
1064 1725 85 45 que
1113 1725 122 45 potest
1186 1725 61 45 est

459 1767 133 44 potest
552 1767 93 44 non
605 1767 119 44 esse:
684 1767 93 44 sed
737 1767 159 44 vtrumque
856 1767 93 44 est
909 1767 146 44 falsum:
1015 1767 80 44 eo
1055 1767 106 44 quod
1121 1767 93 44 nec
1161 1767 93 44 chyme

462 1801 81 44 ra
502 1801 108 44 est:
569 1801 94 44 nec
623 1801 135 44 potest
717 1801 121 44 esse:
798 1801 108 44 ergo
865 1801 94 44 hec
919 1801 94 44 est
973 1801 108 44 vera
1040 1801 148 44 chymera
1148 1801 94 44 non
1188 1801 54 44 po

466 1835 98 39 test
527 1835 86 39 non
576 1835 111 39 esse:
650 1835 86 39 non
700 1835 111 39 tamen
773 1835 148 39 sequitur
884 1835 98 39 quod
946 1835 135 39 chymera
1044 1835 172 39 necessario
1167 1835 74 39 est.

465 1873 73 41 Et
501 1873 110 41 dicit
575 1873 98 41 quod
636 1873 208 41 equipollentia
807 1873 73 41 de
844 1873 171 41 necessario
978 1873 73 41 et
1015 1873 86 41 non
1064 1873 159 41 possibile
1174 1873 73 41 non:

462 1909 110 45 tenet
535 1909 110 45 solum
609 1909 86 45 cum
658 1909 172 45 constantia
793 1909 159 45 subiecti.
915 1909 147 45 sequitur
1025 1909 98 45 enim
1087 1909 61 45 a
1111 1909 86 45 non
1148 1909 98 45 potest

468 1945 92 39 non
521 1945 119 39 esse:
600 1945 79 39 et
639 1945 66 39 a
666 1945 106 39 est:
732 1945 106 39 ergo
798 1945 66 39 a
824 1945 185 39 necessario
970 1945 106 39 est.
1036 1945 66 39 ⁋
1062 1945 119 39 Istud
1141 1945 92 39 non
1181 1945 66 39 va-

465 1983 92 42 let:
523 1983 92 42 quia
581 1983 127 42 concedo
673 1983 92 42 quod
730 1983 92 42 ille
788 1983 81 42 non
834 1983 173 42 equiualent:
972 1983 81 42 non
1019 1983 127 42 propter
1111 1983 115 42 causam
1180 1983 69 42 quam

462 2020 106 44 ille
528 2020 106 44 dat.
594 2020 92 44 vna
646 2020 92 44 est
699 2020 171 44 negatiua.
831 2020 106 44 alia
897 2020 92 44 est
950 2020 211 44 affirmativa.
1121 2020 92 44 nec
1161 2020 79 44 illa

458 2061 171 45 negatiua
586 2061 100 45 est
643 2061 157 45 modalis
758 2061 100 45 (vt
815 2061 143 45 putat)
915 2061 143 45 potest
1015 2061 100 45 est
1072 2061 157 45 copula.
1172 2061 71 45 vel

467 2096 127 41 verbum
556 2096 204 41 substantiuum
722 2096 76 41 in
760 2096 76 41 eo
798 2096 166 41 inclusum.
926 2096 76 41 et
964 2096 166 41 propterea
1091 2096 140 41 concedo
1180 2096 64 41 quo

467 2133 157 43 chymera
581 2133 100 43 qua
638 2133 100 43 est
695 2133 100 43 non
753 2133 143 43 potest
853 2133 129 43 esse:
938 2133 86 43 et
981 2133 157 43 chymera
1096 2133 100 43 que
1139 2133 114 43 potest

474 2166 101 44 esse
537 2166 88 44 non
588 2166 126 44 potest
676 2166 113 44 esse:
752 2166 76 44 et
789 2166 139 44 chymera
890 2166 101 44 quam
953 2166 176 44 necessario
1092 2166 88 44 est
1142 2166 88 44 non
1180 2166 63 44 po-

465 2208 97 39 test
526 2208 110 39 esse.
599 2208 85 39 nec
647 2208 85 39 est
696 2208 122 39 aliqua
781 2208 219 39 equipollentia:
964 2208 85 39 sed
1013 2208 146 39 capiendo
1122 2208 73 39 ly
1147 2208 97 39 potest

469 2243 97 43 loco
529 2243 72 43 de
565 2243 72 43 ly
602 2243 193 43 possibiliter
758 2243 84 43 est
807 2243 121 43 (sicut
891 2243 97 43 ipse
951 2243 121 43 facit)
1036 2243 97 43 ille
1096 2243 181 43 equiualent:

457 2273 109 54 sunt
525 2273 231 54 propositiones
715 2273 81 54 in
756 2273 163 54 purpurea
878 2273 163 54 seruatis
1001 2273 244 54 proprietatibus
1191 2273 54 54 lo

471 2318 170 42 gicalibus.
605 2318 61 42 ⁋
629 2318 73 42 Ad
666 2318 122 42 formam
751 2318 170 42 argumenti.
885 2318 97 42 nego
946 2318 170 42 antecedens
1080 2318 97 42 ista
1128 2318 122 42 conseque

464 2359 110 44 nihil
537 2359 122 44 valet:
622 2359 98 44 deus
683 2359 122 44 creans
769 2359 85 44 non
817 2359 98 44 est:
878 2359 98 44 quam
939 2359 98 44 deus
1000 2359 122 44 creans
1073 2359 171 44 possibiliter

471 2392 83 40 non
519 2392 95 40 est:
578 2392 166 40 antecedens
709 2392 83 40 est
756 2392 178 40 contingens:
899 2392 166 40 consequens
1029 2392 190 40 impossibile:
1184 2392 83 40 nec
1219 2392 36 40 a

473 2433 88 40 non
524 2433 114 40 amplo
600 2433 76 40 ad
638 2433 126 40 amplum
726 2433 152 40 negatiue
840 2433 114 40 valet
916 2433 202 40 consequentia
1080 2433 101 40 sine
1130 2433 114 40 constan

471 2466 99 43 tia.
533 2466 62 43 ⁋
557 2466 87 43 Quo
607 2466 87 43 fit
656 2466 99 43 quod
718 2466 99 43 iste
780 2466 111 43 simul
855 2466 111 43 stant
929 2466 62 43 /
954 2466 124 43 creans
1040 2466 87 43 non
1090 2466 99 43 est:
1152 2466 74 43 et
1177 2466 74 43 omne

470 2505 123 46 creans
556 2505 172 46 necessario
691 2505 98 46 est:
752 2505 74 46 et
789 2505 86 46 hoc
838 2505 135 46 tenendo
937 2505 98 46 quod
998 2505 147 46 creatura
1109 2505 86 46 non
1146 2505 98 46 potest

469 2536 118 39 creare.
555 2536 54 39 ⁋
576 2536 64 39 Ex
609 2536 86 39 isto
662 2536 129 39 vlterius
759 2536 107 39 patet:
834 2536 86 39 quod
887 2536 75 39 hec
930 2536 171 39 consequentia
1070 2536 75 39 est
1112 2536 107 39 nulla.
1177 2536 64 39 omne

470 2574 132 49 creans
562 2574 185 49 necessario
708 2574 106 49 est:
774 2574 106 49 ergo
840 2574 145 49 aliquod
946 2574 132 49 creans
1038 2574 106 49 est:
1091 2574 159 49 consequens

469 2613 99 47 est
526 2613 213 47 contingens:
696 2613 85 47 et
739 2613 213 47 praedicatum
909 2613 227 47 antecedentis
1080 2613 170 47 enunciatur

456 2644 89 71 de
501 2644 177 71 subiecto
633 2644 207 71 distributo
796 2644 177 71 mediante
928 2644 148 71 copula
1032 2644 89 71 de
1061 2644 192 71 necessario.

1306 222 69 73 ⁋
1334 222 97 73 Sed
1389 222 139 73 dices:
1487 222 111 73 deus
1556 222 195 73 necessario
1709 222 97 73 est
1765 222 139 73 creans
1862 222 97 73 non
1917 222 97 73 est
1959 222 139 73 impossi-

1298 282 108 40 bilis:
1374 282 86 40 immo
1428 282 97 40 vera:
1493 282 86 40 quam
1547 282 86 40 deus
1601 282 76 40 non
1644 282 76 40 est
1687 282 108 40 creans
1763 282 76 40 non
1806 282 76 40 est
1849 282 162 40 contingens.
1968 282 130 40 antecedens

1302 318 127 39 patet:
1391 318 102 39 quia
1455 318 140 39 extrema
1556 318 165 39 supponunt
1683 318 89 39 pro
1734 318 127 39 eodem.
1823 318 76 39 et
1861 318 114 39 nulla
1937 318 140 39 ponitur
2026 318 63 39 di-

1298 356 199 43 stributio.
1454 356 71 43 ⁋
1483 356 157 43 Insuper
1597 356 114 43 deus
1668 356 199 43 necessario
1825 356 100 43 est
1881 356 142 43 creans
1981 356 100 43 vel
2024 356 71 43 non

1291 396 151 37 creans:
1401 396 83 37 et
1443 396 96 37 non
1498 396 193 37 necessario
1649 396 96 37 est
1704 396 96 37 non
1759 396 151 37 creans:
1870 396 110 37 ergo
1925 396 165 37 necessario

1298 432 98 43 est
1354 432 154 43 creans.
1466 432 70 43 ⁋
1494 432 84 43 Ad
1537 432 140 43 primum
1635 432 112 43 nego
1705 432 211 43 antecedens:
1873 432 112 43 quia
1944 432 98 43 non
1986 432 98 43 suffi

1303 466 97 39 cit
1359 466 83 39 ad
1400 466 180 39 veritatem
1538 466 152 39 extrema
1649 466 180 39 supponere
1788 466 97 39 pro
1843 466 125 39 eodem
1926 466 83 39 et
1954 466 138 39 potissi-

1292 501 96 46 mum
1347 501 96 46 cum
1402 501 110 46 modo
1471 501 193 46 vniuersali
1622 501 124 46 sicut
1705 501 96 46 est
1760 501 165 46 necesse:
1884 501 96 46 ibi
1939 501 110 46 enim
1994 501 96 46 neces

1298 538 114 43 sitas
1374 538 164 43 denotatur
1500 538 126 43 cadere
1589 538 76 43 in
1627 538 114 43 actum
1702 538 151 43 creandi:
1816 538 88 43 ita
1866 538 101 43 quod
1930 538 76 43 de
1955 538 126 43 necessi-

1301 579 112 42 tate
1371 579 112 42 deus
1441 579 196 42 actualiter
1595 579 140 42 creet:
1693 579 224 42 significatio
1875 579 154 42 termini
1973 579 126 42 necesse

1293 615 131 49 cadit
1381 615 88 49 in
1425 615 248 49 connotationem
1629 615 161 49 termini
1746 615 146 49 creas:
1848 615 102 49 sed
1906 615 117 49 hanc
1965 615 131 49 concedo

1298 653 104 40 deus
1363 653 183 40 necessario
1507 653 91 40 est
1559 653 131 40 creans
1650 653 183 40 possibile:
1794 653 91 40 ibi
1846 653 104 40 enim
1898 653 183 40 significatio

1303 691 74 36 de
1340 691 74 36 ly
1377 691 173 36 necessario
1512 691 86 36 non
1562 691 111 36 cadit
1636 691 74 36 in
1673 691 173 36 creationem
1809 691 160 36 actualem:
1932 691 86 36 sed
1981 691 74 36 in
2006 691 74 36 crea

1293 726 124 41 tionem
1380 726 187 41 possibilem:
1529 726 75 41 et
1566 726 112 41 licet
1641 726 149 41 terminus
1753 726 124 41 creans
1840 726 75 41 in
1877 726 100 41 ista
1940 726 100 41 deus
1989 726 100 41 neces-

1292 764 124 38 sario
1375 764 97 38 est
1430 764 138 38 creans
1527 764 194 38 amplietur:
1679 764 152 38 dummodo
1790 764 83 38 in
1831 764 194 38 explicante
1969 764 111 38 serues

1298 797 116 42 illud
1375 797 103 42 quod
1439 797 193 42 denotabatur
1593 797 77 42 in
1632 797 180 42 principali
1773 797 205 42 propositione
1940 797 77 42 de
1966 797 116 42 creatio

1300 835 82 40 ne
1341 835 150 40 actuali
1451 835 123 40 nulla
1533 835 109 40 erit
1601 835 219 40 difficultas.
1779 835 68 40 ⁋
1806 835 82 40 Ad
1847 835 164 40 secundum
1956 835 137 40 concedi-

1297 874 81 41 tur
1344 874 162 41 antecedens
1471 874 69 41 in
1506 874 104 41 sensu
1575 874 162 41 disiuncto:
1702 874 69 41 et
1737 874 104 41 tamen
1806 874 150 41 discursus
1922 874 139 41 vlterior
2015 874 69 41 quem

1295 910 124 44 facis
1378 910 124 44 nihil
1461 910 138 44 valet:
1557 910 165 44 arguendo
1681 910 97 44 cum
1736 910 221 44 destructione
1916 910 124 44 vnius
1985 910 110 44 partis

1293 953 81 41 ad
1334 953 190 41 positionem
1484 953 177 41 alterius:
1619 953 95 41 hoc
1674 953 109 41 enim
1742 953 122 41 solum
1823 953 122 41 tenet
1904 953 81 41 in
1945 953 122 41 sensu
2013 953 68 41 di-

1292 987 106 36 uiso
1358 987 79 36 et
1397 987 92 36 non
1450 987 185 36 composito:
1595 987 119 36 causa
1675 987 119 36 autem
1754 987 119 36 quare
1833 987 106 36 ista
1899 987 92 36 est
1939 987 145 36 conceden-

1294 1022 86 43 da:
1343 1022 98 43 deus
1404 1022 171 43 necessario
1539 1022 86 43 est
1587 1022 122 43 creans
1673 1022 86 43 vel
1722 1022 86 43 non
1771 1022 122 43 creans
1857 1022 61 43 /
1881 1022 98 43 est:
1942 1022 98 43 quia
1991 1022 86 43 illud

1300 1064 216 32 disiunctum
1469 1064 77 32 a
1500 1064 139 32 parte
1593 1064 201 32 predicati
1747 1064 185 32 competit
1886 1064 185 32 subiecto
2010 1064 77 32 me-

1302 1094 133 48 diante
1395 1094 106 48 modo
1461 1094 226 48 necessitatis:
1648 1094 106 48 quia
1714 1094 80 48 si
1754 1094 120 48 creat
1834 1094 93 48 iam
1887 1094 133 48 altera
1981 1094 106 48 pars
2034 1094 53 48 et

1298 1131 163 39 competit:
1424 1131 75 39 si
1462 1131 88 39 non
1512 1131 125 39 creat:
1600 1131 75 39 ei
1637 1131 113 39 etiam
1713 1131 125 39 altera
1800 1131 100 39 pars
1863 1131 163 39 competit:
1989 1131 88 39 non
2026 1131 63 39 so-

1295 1167 98 47 lum
1351 1167 126 47 inter
1435 1167 238 47 propositiones
1631 1167 266 47 contradictorias
1855 1167 98 47 non
1911 1167 98 47 est
1967 1167 112 47 dare
2023 1167 70 47 me-

1297 1204 122 49 dium:
1379 1204 95 49 sed
1433 1204 95 49 nec
1488 1204 122 49 etiam
1569 1204 122 49 inter
1651 1204 163 49 terminos
1773 1204 258 49 contradictorios
1977 1204 109 49 respe-

1298 1244 97 40 ctu
1353 1244 166 40 subiecti
1478 1244 97 40 cui
1533 1244 83 40 de
1575 1244 207 40 necessitate
1740 1244 207 40 conueniunt.
1906 1244 69 40 ⁋
1934 1244 97 40 Sed
1975 1244 111 40 dices:

1301 1284 96 40 non
1356 1284 137 40 creans
1452 1284 137 40 numque
1548 1284 165 40 conuenit
1672 1284 96 40 deo
1727 1284 165 40 mediante
1851 1284 110 40 tali
1919 1284 151 40 copula:
2015 1284 69 40 nec

1303 1318 117 38 creans
1385 1318 70 38 ei
1420 1318 152 38 competit:
1537 1318 94 38 ergo
1596 1318 105 38 illud
1666 1318 164 38 disiunctum
1795 1318 82 38 non
1841 1318 117 38 semper
1923 1318 140 38 competit
2017 1318 70 38 sub-

1291 1353 141 46 iecto.
1389 1353 98 46 Non
1446 1353 141 46 creans
1544 1353 98 46 ibi
1600 1353 98 46 non
1656 1353 183 46 supponit:
1797 1353 169 46 probatur
1923 1353 98 46 per
1966 1353 126 46 regulam

1302 1390 177 46 logicalem.
1441 1390 152 46 terminus
1555 1390 139 46 finitus
1656 1390 76 46 et
1694 1390 164 46 infinitus
1821 1390 126 46 numque
1909 1390 164 46 supponunt
2023 1390 63 46 pro

1298 1430 128 42 eodem
1383 1430 171 42 mediante
1511 1430 128 42 eadem
1597 1430 157 42 copula.
1711 1430 71 42 ⁋
1739 1430 114 42 Scio
1810 1430 128 42 illam
1896 1430 157 42 regulam
2009 1430 85 42 ab
2038 1430 71 42 ali

1311 1466 132 42 quibus
1403 1466 145 42 logicis
1509 1466 171 42 seruatam:
1641 1466 92 42 sed
1693 1466 92 42 non
1746 1466 92 42 est
1799 1466 106 42 mihi
1865 1466 145 42 regula.
1970 1466 66 42 a
1983 1466 106 42 pluri-

1301 1500 91 54 bus
1353 1500 142 54 negatur
1456 1500 78 54 in
1495 1500 194 54 extrinsecis
1650 1500 181 54 temporibus
1793 1500 78 54 et
1831 1500 168 54 modalibus
1961 1500 78 54 et
1999 1500 91 54 sic
2038 1500 52 54 il

1299 1536 89 44 lam
1350 1536 115 44 nego:
1427 1536 76 44 et
1465 1536 153 44 transeat
1579 1536 102 44 quod
1643 1536 115 44 nulla
1720 1536 102 44 pars
1783 1536 127 44 illius
1872 1536 166 44 disiuncti
1987 1536 102 44 compe-

1302 1573 88 46 tat
1353 1573 152 46 subiecto
1467 1573 152 46 mediante
1580 1573 101 46 tali
1644 1573 139 46 copula:
1745 1573 152 46 sufficit
1858 1573 101 46 quod
1922 1573 114 46 totum
1985 1573 101 46 disiun

1305 1610 105 52 ctum
1370 1610 171 52 conueniat
1502 1610 157 52 mediante
1620 1610 105 52 tali
1685 1610 144 52 copula:
1790 1610 105 52 nisi
1856 1610 118 52 dicas
1935 1610 105 52 quod
2000 1610 79 52 in
2026 1610 66 52 hac

1304 1655 108 48 deus
1372 1655 190 48 neccssario
1521 1655 95 48 est
1575 1655 95 48 non
1630 1655 135 48 creans
1724 1655 149 48 oportet
1833 1655 190 48 reflectere
1968 1655 122 48 necesse

1298 1685 78 51 vt
1337 1685 104 51 deus
1402 1685 182 51 necessario
1545 1685 91 51 est
1597 1685 91 51 non
1649 1685 130 51 creans
1741 1685 104 51 quod
1806 1685 182 51 necessario
1949 1685 104 51 est.
2001 1685 91 51 Vtro-

1307 1724 115 49 bique
1384 1724 141 49 tenemus
1486 1724 179 49 disiunctum
1627 1724 269 49 contradictoriorum
1858 1724 154 49 conuerti
1973 1724 90 49 cum
2011 1724 90 49 ente.

1305 1761 65 46 ⁋
1331 1761 143 46 Secundo
1435 1761 169 46 arguitur:
1564 1761 117 46 omnis
1642 1761 143 46 persona
1746 1761 130 46 diuina
1837 1761 143 46 persona
1940 1761 130 46 diuina
2018 1761 65 46 co-

1301 1799 149 41 tingenter
1415 1799 91 41 est:
1472 1799 91 41 ergo
1529 1799 149 41 quaelibet
1643 1799 126 41 persona
1735 1799 114 41 diuina
1815 1799 114 41 potest
1895 1799 137 41 desinere
1998 1799 103 41 esse:
2055 1799 34 41 &

1307 1838 69 49 per
1346 1838 137 49 consequens
1454 1838 69 49 est
1493 1838 127 49 mutabilis
1591 1838 117 49 secundum
1679 1838 108 49 tempus.
1757 1838 157 49 consequentia
1885 1838 69 49 est
1924 1838 88 49 nota:
1983 1838 59 49 et
2002 1838 98 49 probatur

1304 1873 182 45 antecedens
1447 1873 91 45 per
1499 1873 182 45 exponentes
1643 1873 117 45 eius:
1721 1873 117 45 omnis
1799 1873 143 45 persona
1904 1873 130 45 diuina
1982 1873 104 45 perso-

1300 1912 81 46 na
1341 1912 135 46 diuina
1436 1912 216 46 possibiliter
1611 1912 108 46 est:
1679 1912 81 46 et
1720 1912 122 46 omnis
1801 1912 149 46 persona
1909 1912 135 46 diuina
1990 1912 108 46 perso-

1306 1950 83 38 na
1348 1950 139 38 diuina
1445 1950 223 38 possibiliter
1626 1950 97 38 non
1682 1950 111 38 est.
1751 1950 153 38 veritas
1863 1950 153 38 prioris
1960 1950 139 38 exponen-

1303 1985 79 38 tis
1348 1985 125 38 claret:
1439 1985 68 38 et
1472 1985 125 38 secunda
1563 1985 102 38 patet
1631 1985 79 38 per
1676 1985 91 38 suam
1733 1985 226 38 contradictoriam:
1925 1985 125 38 persona
2004 1985 91 38 diuina

1308 2021 114 41 omnis
1385 2021 114 41 psona
1461 2021 127 41 diuina
1550 2021 178 41 necessario
1689 2021 102 41 est:
1753 2021 102 41 quae
1816 2021 89 41 est
1867 2021 127 41 falsa.
1956 2021 114 41 Eodem
2020 2021 76 41 modo

1305 2060 129 42 potest
1395 2060 193 42 argumentari
1550 2060 77 42 de
1588 2060 116 42 ista:
1665 2060 64 42 a
1691 2060 142 42 persona
1794 2060 129 42 diuina
1884 2060 193 42 contigenter
2026 2060 64 42 est

1307 2100 142 42 persona
1411 2100 142 42 diuina:
1514 2100 65 42 a
1540 2100 142 42 persona
1643 2100 129 42 diuina
1734 2100 207 42 possibiliter
1902 2100 91 42 est
1954 2100 142 42 persona
2044 2100 52 42 di

1292 2136 117 44 uina:
1370 2136 78 44 et
1409 2136 65 44 a
1435 2136 143 44 persona
1540 2136 130 44 diuina
1631 2136 209 44 possibiliter
1800 2136 91 44 non
1852 2136 91 44 est
1905 2136 143 44 persona
1996 2136 91 44 diui-

1299 2170 93 46 na:
1352 2170 146 46 ponendo
1458 2170 106 46 quod
1524 2170 66 46 a
1550 2170 93 46 sit
1603 2170 132 46 signum
1696 2170 185 46 confusiuum
1841 2170 185 46 confundens
1974 2170 119 46 disiun-

1302 2206 117 41 ctim
1375 2206 175 41 terminum
1507 2206 204 41 sequentem.
1667 2206 73 41 ⁋
1696 2206 146 41 Aliqui
1798 2206 160 41 propter
1915 2206 131 41 istas
1988 2206 102 41 expo-

1302 2246 147 51 nentes
1405 2246 191 51 concedunt
1552 2246 132 51 illas
1640 2246 147 51 quorum
1743 2246 117 51 modu
1816 2246 191 51 reprobaui
1963 2246 88 51 in
1992 2246 103 51 primo

1304 2285 166 40 tractatu
1429 2285 208 40 summularum.
1595 2285 83 40 Ad
1637 2285 125 40 locum
1720 2285 125 40 illum
1804 2285 166 40 remitto.
1928 2285 153 40 oportet
2026 2285 55 40 da

1299 2322 80 42 re
1339 2322 188 42 singulares
1486 2322 148 42 talium:
1594 2322 80 42 et
1634 2322 94 42 non
1688 2322 94 42 eas
1741 2322 161 42 exponere
1862 2322 80 42 vt
1902 2322 134 42 iacet:
1996 2322 80 42 si
2023 2322 67 42 sic

1300 2356 138 43 opinor
1397 2356 138 43 tutius
1493 2356 110 43 esse
1562 2356 179 43 dicendum:
1700 2356 83 43 de
1741 2356 179 43 modalibus
1879 2356 83 43 in
1920 2356 124 43 aliis
1989 2356 110 43 signis

1300 2394 238 48 exponibilibus
1496 2394 154 48 dummodo
1608 2394 210 48 difficultas
1776 2394 182 48 proueniat
1916 2394 84 48 ab
1958 2394 126 48 aliis
2028 2394 56 48 si

1298 2429 107 42 gnis
1364 2429 80 42 vt
1404 2429 133 42 sortes
1498 2429 213 42 possibiliter
1671 2429 93 42 est
1724 2429 147 42 fortior
1831 2429 160 42 platone.
1951 2429 80 42 et
1991 2429 93 42 sic
2031 2429 53 42 de

1297 2466 96 48 hac
1352 2466 138 48 sortes
1449 2466 220 48 possibiliter
1628 2466 151 48 differt
1738 2466 69 48 a
1765 2466 165 48 platone.
1889 2466 96 48 hoc
1945 2466 96 48 non
1986 2466 110 48 potest

1301 2503 128 46 fieri
1386 2503 99 46 vbi
1443 2503 184 46 expositio
1584 2503 156 46 incipit
1698 2503 71 46 a
1726 2503 156 46 termino
1840 2503 156 46 modali.
1953 2503 71 46 ⁋
1967 2503 128 46 Preter-

1296 2541 75 41 ea
1334 2541 63 41 ⁋
1359 2541 151 41 Christus
1472 2541 138 41 incipit
1573 2541 100 41 esse
1635 2541 113 41 homo:
1711 2541 88 41 qua
1761 2541 138 41 incipit
1861 2541 100 41 esse
1924 2541 100 41 ens:
1987 2541 75 41 ab
2012 2541 75 41 infe

1300 2580 131 46 riori
1388 2580 87 46 ad
1431 2580 174 46 superius
1562 2580 232 46 affirmatiue.
1750 2580 73 46 ⁋
1779 2580 160 46 Amplius
1895 2580 116 46 deus
1953 2580 131 46 incipit

1297 2617 113 44 esse
1367 2617 84 44 in
1410 2617 99 44 hoc
1466 2617 141 44 mundo:
1564 2617 113 44 ergo
1635 2617 155 44 incipit
1747 2617 113 44 esse
1818 2617 84 44 in
1860 2617 127 44 loco.
1944 2617 70 44 ⁋
1972 2617 84 44 Ad
2001 2617 84 44 pri-

1310 2653 79 62 mum
1355 2653 124 62 negatur
1445 2653 192 62 consequentia:
1603 2653 90 62 quia
1660 2653 113 62 tacite
1739 2653 135 62 arguitur
1840 2653 147 62 negatiue:
1953 2653 68 62 vt
1987 2653 102 62 patet
2044 2653 56 62 per
