2369 3312
413 238 128 61 mouens
503 238 167 61 praecedit
631 238 141 61 tempore
734 238 116 61 illud
811 238 103 61 quod
875 238 90 61 fit
927 238 90 61 vel
978 238 154 61 mouetur.
1081 238 116 61 intelli

397 281 137 54 gentia
493 281 110 54 enim
562 281 123 54 celum
644 281 137 54 mouens
740 281 69 54 /
768 281 96 54 non
823 281 178 54 praecedit
960 281 151 54 tempore
1070 281 123 54 celum
1138 281 55 54 ne

403 320 136 54 motum
493 320 136 54 eius.
584 320 75 54 ⁋
614 320 166 54 Secundo
734 320 196 54 arguitur:
885 320 136 54 ista:
975 320 151 54 filius
1081 320 105 54 dei
1126 320 75 54 est

405 356 150 53 natus:
510 356 165 53 nunquam
629 356 150 53 habuit
734 356 120 53 hanc
809 356 90 53 de
854 356 195 53 praesenti
1004 356 135 53 veram
1078 356 120 53 filius

413 395 102 51 dei
472 395 190 51 nascitur.
618 395 117 51 quia
691 395 88 51 si
734 395 175 51 interdum
866 395 117 51 illa
938 395 117 51 erat
1011 395 131 51 vera:
1084 395 117 51 filius

402 431 106 51 dei
462 431 197 51 nascitur:
614 431 151 51 semper
720 431 166 51 fuisset
841 431 121 51 vera
916 431 91 51 si
962 431 166 51 fuisset
1068 431 136 51 formata

409 469 78 56 ⁋
441 469 250 56 Respondetur.
643 469 172 56 vtraque
768 469 109 56 est
831 469 94 56 de
877 469 203 56 praesenti
1033 469 140 56 adhuc
1111 469 94 56 dato

402 507 111 59 quod
472 507 125 59 natus
555 507 167 59 capiatur
680 507 278 59 participialiter.
917 507 167 59 Magister
1042 507 111 59 enim
1112 507 83 59 in
1139 507 56 59 li

408 548 123 49 tera
485 548 169 49 adducit
608 548 246 49 auctoritates
808 548 154 49 patrum
916 548 92 49 an
962 548 169 49 vtraque
1069 548 139 49 illarum

411 589 147 48 debeat
514 589 177 48 concedi.
647 589 88 48 Et
691 589 133 48 citat
780 589 192 48 originem:
927 589 206 48 augustinu:
1074 589 118 48 hilari

402 620 104 54 um:
462 620 89 54 et
506 620 149 54 grego.
610 620 89 54 et
655 620 104 54 eos
714 620 208 54 conuenire:
878 620 89 54 et
923 620 268 54 rationabiliter
1131 620 74 54 fa-

414 660 107 51 cit
475 660 123 51 quod
552 660 168 51 vtraque
674 660 168 51 istarum
797 660 153 51 debeat
904 660 184 51 concedi.
1042 660 107 51 Sed
1087 660 123 51 satius

410 697 98 52 ista
471 697 171 52 conceditur
605 697 122 52 filius
690 697 85 52 est
739 697 122 52 semper
824 697 110 52 natus
897 697 61 52 /
922 697 98 52 quam
983 697 110 52 ista:
1056 697 122 52 filius
1129 697 73 52 sem-

410 733 102 58 per
469 733 189 58 nascitur.
614 733 189 58 propterea
759 733 102 58 ca.
818 733 145 58 xiiii.
919 733 131 58 huius
992 733 218 58 distinctionis

408 775 158 51 inquit:
523 775 158 51 dicamus
638 775 115 51 ergo
709 775 144 51 filium
810 775 129 51 natum
896 775 115 51 ante
968 775 172 51 tempura:
1097 775 86 51 et
1126 775 72 51 sem

419 812 105 56 per
479 812 136 56 nasci
570 812 90 56 de
615 812 151 56 patre:
720 812 105 56 sed
780 812 241 56 congruentius
976 812 151 56 semper
1082 812 136 56 natum
1157 812 45 56 e

408 848 167 55 eundem
525 848 100 55 ab
575 848 167 55 eterno
692 848 167 55 semper
808 848 150 55 esse.
908 848 150 55 Sicut
1008 848 117 55 res
1075 848 117 55 que
1125 848 83 55 suc

414 887 137 50 cessiue
513 887 174 50 producitur
650 887 87 50 hoc
700 887 199 50 perfectionis
862 887 125 50 habet:
949 887 100 50 quod
1012 887 125 50 quando
1099 887 87 50 fit
1136 887 75 50 est:

400 923 110 53 hoc
463 923 94 53 im
510 923 251 53 perfectiouis
714 923 157 53 habet:
824 923 157 53 quando
934 923 141 53 facta
1028 923 110 53 est
1091 923 110 53 non
1138 923 78 53 est

415 960 109 55 res
478 960 203 55 permanens
634 960 109 55 quo
696 960 93 55 ad
743 960 125 55 esse
821 960 93 55 et
867 960 218 55 successiua
1039 960 109 55 quo
1101 960 93 55 ad
1132 960 78 55 fic

411 1001 103 50 ri.
470 1001 103 50 hoc
529 1001 265 50 imperfectionis
749 1001 132 50 habet
838 1001 88 50 in
882 1001 132 50 fieri
970 1001 103 50 non
1029 1001 118 50 est:
1102 1001 103 50 sed
1146 1001 74 50 hoc

416 1044 203 53 perfectionis
581 1044 127 53 capit:
670 1044 102 53 quod
734 1044 127 53 quando
823 1044 140 53 dicitur
924 1044 114 53 facta
1000 1044 89 53 est
1051 1044 63 53 /
1076 1044 89 53 sic
1114 1044 102 53 perfe-

418 1078 152 50 ctionem
529 1078 277 50 similitudinariam
764 1078 152 50 persona
875 1078 125 50 filii
958 1078 125 50 capit
1041 1078 97 50 non
1096 1078 111 50 quod
1152 1078 55 50 de

410 1118 117 45 nouo
483 1118 160 45 incipit
600 1118 131 45 esse:
687 1118 102 45 sed
746 1118 117 45 quod
819 1118 146 45 semper
921 1118 189 45 generatur
1066 1118 87 45 et
1095 1118 117 45 semper

423 1151 154 58 genita
530 1151 123 58 est.
607 1151 77 58 ⁋
638 1151 200 58 Dubitatur
792 1151 92 58 an
838 1151 108 58 sit
900 1151 169 58 aliquis
1023 1151 123 58 ordo
1085 1151 123 58 origiu

414 1191 110 49 nis
477 1191 94 49 in
524 1191 189 49 diuinis.
666 1191 79 49 ⁋
698 1191 110 49 hic
761 1191 142 49 multi
855 1191 173 49 quendam
981 1191 189 49 doctorem
1107 1191 110 49 impu-

411 1227 129 57 gnant
497 1227 86 57 de
540 1227 129 57 istis
626 1227 143 57 signis
726 1227 186 57 originis.
869 1227 86 57 eo
912 1227 115 57 quod
984 1227 129 57 dicat
1070 1227 143 57 patrem
1156 1227 57 57 in

416 1266 135 58 primo
506 1266 135 58 signo
596 1266 195 58 originis:
745 1266 150 58 filium
850 1266 90 58 in
895 1266 180 58 secundo:
1029 1266 180 58 spiritum
1149 1266 75 58 san

410 1303 126 51 ctum
489 1303 95 51 in
537 1303 174 51 tertio.
663 1303 111 51 Sed
726 1303 142 51 nodus
821 1303 111 51 rei
884 1303 111 51 est
947 1303 111 51 pro
1011 1303 111 51 quo
1058 1303 158 51 supponit

419 1340 93 55 hoc
472 1340 172 55 complexum
604 1340 132 55 signum
697 1340 159 55 originis
816 1340 79 55 Et
856 1340 79 55 in
895 1340 132 55 primis
988 1340 146 55 dicitur
1094 1340 106 55 quod
1147 1340 66 55 hic

405 1377 130 47 doctor
496 1377 91 47 non
548 1377 233 47 sententialiter
742 1377 143 47 differt
846 1377 78 47 ab
885 1377 130 47 aliis:
976 1377 91 47 cum
1027 1377 130 47 filium
1118 1377 65 47 e
1131 1377 91 47 spiri

415 1415 99 58 tum
471 1415 155 58 sanctum
584 1415 127 58 ponat
669 1415 85 58 ab
712 1415 141 58 eterno
810 1415 141 58 fuisse
909 1415 99 58 cum
966 1415 141 58 patre:
1065 1415 99 58 nec
1107 1415 113 58 patrem

414 1458 90 49 eos
466 1458 206 49 praecessisse
633 1458 90 49 per
685 1458 142 49 instans
788 1458 90 49 vel
839 1458 142 49 tempus.
942 1458 90 49 hoc
994 1458 168 49 complexum
1110 1458 103 49 primum

402 1498 156 47 signum
512 1498 187 47 originis
652 1498 187 47 supponit
792 1498 109 47 pro
854 1498 171 47 ipsomet
979 1498 156 47 patre.
1088 1498 94 47 et
1119 1498 94 47 illa

408 1530 239 50 constructio
599 1530 223 50 transitiua
774 1530 175 50 capitur
902 1530 127 50 loco
981 1530 143 50 vnius
1061 1530 159 50 intransi

409 1567 132 50 tiue.
497 1567 88 50 vt
541 1567 176 50 iustitia
673 1567 117 50 dei:
747 1567 103 50 vel
805 1567 235 50 misericordia
996 1567 103 50 est
1055 1567 88 50 in
1099 1567 103 50 deo
1143 1567 73 50 hoc

420 1609 124 48 ergo
498 1609 202 48 complexum
654 1609 155 48 primum
762 1609 155 48 signum
871 1609 186 48 originis
1011 1609 186 48 supponit
1135 1609 78 48 pro

417 1644 133 57 patre
506 1644 207 57 connotando
668 1644 118 57 quod
742 1644 103 57 est
801 1644 133 57 prima
889 1644 133 57 origo
978 1644 89 57 in
1022 1644 177 57 diuinis.
1140 1644 74 57 hoc

419 1684 98 47 est
475 1684 70 47 a
503 1684 126 47 nullo
587 1684 112 47 alio
657 1684 182 47 procedit.
797 1684 98 47 Sed
852 1684 182 47 quaelibet
992 1684 112 47 alia
1062 1684 154 47 persona
1160 1684 56 47 in

423 1717 161 53 diuinis
540 1717 102 53 est
599 1717 73 53 a
628 1717 131 53 patre
715 1717 146 53 filius
818 1717 102 53 est
876 1717 88 53 in
920 1717 161 53 secundo
1037 1717 131 53 signo
1110 1717 102 53 origi

415 1761 104 46 nis
475 1761 134 46 eodem
564 1761 119 46 modo
639 1761 194 46 identice:
788 1761 119 46 quia
862 1761 104 46 est
922 1761 75 46 a
952 1761 119 46 solo
1026 1761 149 46 patre:
1116 1761 104 46 spiri

415 1801 100 47 tus
472 1801 157 47 sanctus
586 1801 100 47 est
643 1801 86 47 in
686 1801 143 47 tertio
785 1801 143 47 signo:
885 1801 114 47 quia
956 1801 86 47 ab
999 1801 157 47 vtraque
1099 1801 114 47 prsona

416 1832 168 48 emanat.
538 1832 92 48 Et
584 1832 122 48 quia
660 1832 107 48 est
722 1832 184 48 emanatio
859 1832 107 48 (vt
920 1832 122 48 fide
997 1832 184 48 constat)
1119 1832 92 48 diui

425 1871 126 48 narum
509 1871 197 48 personarum
664 1871 126 48 inter
748 1871 98 48 se:
804 1871 141 48 Filius
903 1871 98 48 est
959 1871 126 48 origo
1043 1871 169 48 spiritus
1156 1871 70 48 san

418 1910 111 48 cti.
487 1910 125 48 sicut
571 1910 83 48 et
612 1910 139 48 pater.
709 1910 152 48 propter
820 1910 152 48 nostram
931 1910 249 48 intelligentiam
1125 1910 97 48 dicit

427 1948 165 47 spiritum
551 1948 151 47 sanctum
661 1948 110 47 esse
730 1948 83 47 in
771 1948 138 47 tertio
868 1948 124 47 signo
950 1948 179 47 originis.
1088 1948 110 47 quia
1143 1948 69 47 not

424 1980 96 56 ita
479 1980 219 56 intelligimus
657 1980 82 56 in
698 1980 192 56 creaturis.
849 1980 82 56 si
890 1980 68 56 /
917 1980 68 56 a
945 1980 68 56 /
972 1980 96 56 sit
1027 1980 137 56 causab
1123 1980 68 56 /
1137 1980 68 56 etl

420 2022 98 44 sit
476 2022 153 44 causaic
587 2022 70 44 /
615 2022 153 44 dicimus
727 2022 111 44 quod
796 2022 98 44 est
852 2022 139 44 aliqua
949 2022 181 44 prioritas
1075 2022 139 44 temporis

424 2066 178 45 instantis
561 2066 69 45 /
589 2066 96 45 vel
644 2066 137 45 nature
739 2066 123 45 inter
822 2066 69 45 a
849 2066 82 45 et
890 2066 82 45 b:
931 2066 151 45 pariter
1041 2066 123 45 inter
1123 2066 69 45 b
1150 2066 82 45 et
1178 2066 41 45 c

422 2099 110 49 Sic
485 2099 142 49 licet
580 2099 110 49 non
643 2099 110 49 sit
706 2099 189 49 vsitatus
847 2099 142 49 modus
942 2099 189 49 loquendi
1068 2099 157 49 doctorum

436 2135 128 48 dicere
526 2135 128 48 patrem
615 2135 102 48 esse
679 2135 128 48 causam
769 2135 128 48 filii:
858 2135 115 48 tamen
935 2135 89 48 est
986 2135 102 48 eius
1050 2135 128 48 origo:
1139 2135 77 48 et
1165 2135 51 48 si

433 2179 250 44 sententialiter
642 2179 97 44 non
697 2179 181 44 discrepat
836 2179 83 44 ab
878 2179 139 44 aliis:
975 2179 97 44 sed
1031 2179 125 44 solum
1114 2179 97 44 est
1156 2179 69 44 mo-

423 2212 108 48 dus
484 2212 215 48 differendi
653 2212 169 48 vbalis.
776 2212 77 48 ⁋
807 2212 154 48 Serson
915 2212 92 48 in
961 2212 169 48 secunda
1068 2212 154 48 lectione

435 2249 133 47 super
524 2249 148 47 Marcum
627 2249 133 47 circa
716 2249 148 47 medium
820 2249 89 47 et
864 2249 177 47 plerique
997 2249 118 47 alii
1056 2249 163 47 subsannam

434 2296 113 38 ista
505 2296 142 38 inania
604 2296 128 38 signa
689 2296 184 38 originis.
831 2296 85 38 et
873 2296 199 38 imitatores
1029 2296 142 38 istius
1115 2296 113 38 docto-

438 2326 108 45 ris
499 2326 123 45 sunt
576 2326 92 45 in
622 2326 138 45 causa
714 2326 108 45 non
776 2326 246 45 descendentes
976 2326 92 45 ad
1022 2326 185 45 rationem
1145 2326 77 45 sed

432 2363 97 46 ad
480 2363 243 46 suparficiem
675 2363 194 46 verborum
820 2363 162 46 contra
934 2363 243 46 intentionem
1112 2363 113 46 docto

437 2400 107 48 ris.
504 2400 67 48 ⁋
530 2400 134 48 Potest
624 2400 120 48 etiam
704 2400 94 48 non
758 2400 241 48 inconuenienter
958 2400 107 48 dici
1025 2400 107 48 quod
1092 2400 107 48 ille
1146 2400 80 48 pro-

438 2444 214 46 positiones
606 2444 92 46 de
651 2444 168 46 actibus
773 2444 198 46 exercitis
926 2444 198 46 capiuntur
1078 2444 122 46 loco
1139 2444 92 46 pro-

442 2480 214 44 positionum
610 2480 92 44 de
656 2480 168 44 actibus
778 2480 199 44 signatis.
931 2480 138 44 Pater
1023 2480 107 44 est
1084 2480 92 44 in
1115 2480 107 44 prime

440 2515 129 47 signo
525 2515 186 47 originis:
668 2515 86 47 id
711 2515 100 47 est
768 2515 228 47 significatur
954 2515 100 47 per
1011 2515 143 47 primum
1097 2515 129 47 signunm

439 2553 189 45 originis.
585 2553 218 45 syllogismus
759 2553 102 45 est
818 2553 87 45 in
861 2553 160 45 barbara
978 2553 102 45 vel
1036 2553 145 45 darii.
1123 2553 102 45 diffi

441 2594 135 39 nitio
531 2594 75 39 e
561 2594 209 39 diffinitum
725 2594 120 39 sunt
800 2594 135 39 idem.
890 2594 135 39 sicut
980 2594 209 39 creberrime
1129 2594 105 39 noina

438 2633 104 46 les
498 2633 208 46 loquuntur.
661 2633 178 46 generare
794 2633 104 46 est
854 2633 134 46 prius
943 2633 163 46 origine
1062 2633 119 46 quam
1121 2633 104 46 spira

435 2674 108 46 re:
496 2674 123 46 quia
573 2674 184 46 generare
711 2674 184 46 secundum
850 2674 154 46 multos
957 2674 92 46 et
1003 2674 108 46 eum
1065 2674 108 46 est
1126 2674 108 46 per
1173 2674 61 46 mo

1254 228 109 61 dum
1317 228 248 61 intellectus:
1518 228 171 61 spirare
1642 228 140 61 autem
1735 228 109 61 per
1797 228 140 61 modum
1875 228 186 61 voluntatis

1257 282 76 50 et
1295 282 101 50 quia
1358 282 88 50 ita
1409 282 88 50 est
1459 282 76 50 in
1497 282 113 50 aliis
1572 282 101 50 quod
1635 282 113 50 actus
1711 282 189 50 intellectus
1862 282 164 50 praecedit
1976 282 88 50 actum

1262 321 219 43 voluntatis
1434 321 141 43 iuxta
1528 321 141 43 illud
1622 321 172 43 vulgare
1747 321 141 43 beati
1841 321 219 43 Augustini:
1997 321 63 43 in

1265 358 112 43 uisa
1335 358 167 43 diligere
1460 358 181 43 possumus:
1600 358 181 43 incognita
1739 358 209 43 nequamquam.
1907 358 98 43 Sic
1962 358 98 43 quo
2004 358 56 43 ad

1254 396 145 41 nostram
1360 396 238 41 intelligentiam
1558 396 145 41 dicatur
1664 396 159 41 generare
1782 396 106 41 esse
1849 396 79 41 in
1888 396 132 41 aliquo
1967 396 93 41 signo

1268 435 139 44 priori
1365 435 111 44 quam
1435 435 167 44 spirare.
1560 435 70 44 ⁋
1588 435 83 44 Si
1630 435 125 44 potes
1713 435 139 44 dicere
1811 435 83 44 de
1852 435 209 44 praedicatis
2005 435 56 44 et

1259 471 240 62 sentialibus
1451 471 96 62 in
1499 471 160 62 ordine
1611 471 96 62 ad
1659 471 224 62 notionalia
1836 471 96 62 et
1868 471 192 62 personalia

1253 531 97 65 ⁋
1291 531 214 65 Ioannes
1447 531 175 65 autem
1564 531 117 65 in
1623 531 234 65 epistola
1798 531 234 65 canonica
1954 531 117 65 ait.

1254 578 142 59 Seus
1343 578 212 59 charitas
1502 578 142 59 est.
1590 578 124 59 non
1661 578 159 59 dixit
1750 578 318 59 spiritussanctus.

1357 651 84 43 ⁋
1391 651 284 43 Distinctionis
1625 651 167 43 decime
1742 651 184 43 questio
1859 651 134 43 vnica.

1397 691 156 45 ciIrca
1507 691 125 45 hanc
1585 691 265 45 distinctionem
1803 691 172 45 decimam
1912 691 156 45 queritur

1407 728 112 59 dan
1471 728 304 59 spiritussanctus
1727 728 224 59 producatur
1902 728 160 59 libere
1998 728 64 59 ar

1407 766 289 53 einaturaliter.
1648 766 129 53 Pono
1728 766 273 53 conclusiones.
1953 766 80 53 ⁋
1970 766 96 53 Pri-

1408 796 100 55 ima
1465 796 114 55 est:
1536 796 271 55 spiritussanctus
1764 796 86 55 de
1807 796 214 55 necessitate
1978 796 128 55 produ

1267 845 154 47 citur.
1375 845 201 47 Probatio.
1529 845 93 47 de
1575 845 231 47 necessitate
1760 845 108 47 est
1822 845 123 47 deus
1899 845 93 47 et
1946 845 108 47 qua
1992 845 77 47 ne-

1269 884 189 44 cessitate
1415 884 102 44 est
1473 884 131 44 deus:
1561 884 131 44 eadem
1648 884 219 44 necessitate
1823 884 175 44 spiratur
1954 884 73 44 a
1969 884 102 44 patre

1273 925 145 42 filio.
1375 925 73 42 ⁋
1404 925 160 42 Secunda
1520 925 203 42 conclusio:
1680 925 131 42 licet
1767 925 102 42 sit
1825 925 87 42 in
1869 925 131 42 parte
1956 925 87 42 de
1985 925 87 42 ter-

1274 961 131 41 mino
1356 961 181 41 certare
1487 961 99 41 an
1536 961 312 41 spiritussanctus
1799 961 230 41 producatur
1963 961 99 41 libe

1264 998 116 43 re:
1331 998 149 43 tamen
1430 998 232 43 conformius
1613 998 100 43 ad
1662 998 149 43 modum
1762 998 199 43 loquendi
1895 998 182 43 sanctorum

1267 1033 151 54 ponitur
1377 1033 193 54 conclusio:
1529 1033 261 54 spiritussanctus
1749 1033 193 54 producitur
1886 1033 179 54 naturaliter

1266 1070 90 46 et
1311 1070 104 46 non
1371 1070 164 46 libere.
1490 1070 134 46 patet
1579 1070 119 46 quia
1654 1070 134 46 agens
1744 1070 164 46 dicitur
1863 1070 179 46 naturale
1982 1070 90 46 quod

1264 1108 167 50 positis
1385 1108 167 50 omnibus
1507 1108 213 50 requisitis
1674 1108 91 50 ad
1720 1108 182 50 agendum:
1856 1108 91 50 et
1902 1108 137 50 nullo
1978 1108 91 50 exi-

1275 1145 132 47 stente
1367 1145 212 47 impedimento:
1539 1145 93 47 ita
1592 1145 106 47 quod
1658 1145 119 47 ipsum
1737 1145 132 47 potest
1830 1145 132 47 agere:
1909 1145 159 47 necessario

1280 1186 131 43 agit:
1367 1186 102 43 nec
1425 1186 102 43 est
1483 1186 87 43 in
1526 1186 116 43 eius
1599 1186 160 43 prtante
1715 1186 102 43 non
1773 1186 145 43 agere.
1874 1186 131 43 agens
1947 1186 131 43 dicitur

1271 1226 138 43 liberum
1372 1226 100 43 quod
1435 1226 88 43 sic
1485 1226 75 43 se
1522 1226 113 43 habet
1598 1226 100 43 quod
1660 1226 138 43 omnibus
1761 1226 138 43 positis
1861 1226 100 43 quid
1924 1226 125 43 potest
1999 1226 63 43 agi

1261 1258 106 45 re:
1322 1258 91 45 et
1367 1258 106 45 non
1428 1258 91 45 de
1473 1258 228 45 necessitate
1655 1258 137 45 agit.
1746 1258 106 45 sed
1807 1258 137 45 penes
1898 1258 137 45 agens
1974 1258 91 45 siti

1275 1299 112 43 est
1339 1299 112 43 non
1403 1299 160 43 agere.
1516 1299 144 43 Agens
1612 1299 192 43 naturale
1756 1299 192 43 potentia
1885 1299 192 43 irrationa-

1271 1336 94 46 lis
1324 1336 80 46 et
1364 1336 121 46 agens
1445 1336 94 46 non
1498 1336 161 46 secundum
1619 1336 187 46 propositum
1766 1336 107 46 idem
1833 1336 121 46 sunt.
1913 1336 67 46 ⁋
1940 1336 94 46 hoc
1980 1336 94 46 patet

1268 1377 112 48 per
1332 1377 223 48 Augustinum
1507 1377 159 48 tertio
1619 1377 96 48 de
1667 1377 159 48 libero
1778 1377 191 48 arbitrio
1922 1377 143 48 caplo
2001 1377 64 48 pr

1277 1411 99 52 mo.
1333 1411 99 52 vbi
1390 1411 184 52 inquirens
1531 1411 85 52 an
1574 1411 127 52 motus
1658 1411 198 52 voluntatis
1814 1411 99 52 quo
1870 1411 113 52 ipsa
1941 1411 85 52 ab
1969 1411 99 52 incon

1272 1452 183 42 mutabili
1409 1452 122 42 bono
1485 1452 214 42 auertitur:
1653 1452 92 42 et
1699 1452 229 42 conuertitur
1882 1452 92 42 ad
1912 1452 168 42 comutabi-

1275 1489 90 45 le
1320 1489 75 45 /
1350 1489 106 45 sit
1411 1489 90 45 ei
1456 1489 211 45 naturalis:
1622 1489 136 45 sicut
1712 1489 136 45 motus
1803 1489 166 45 deorsum
1908 1489 166 45 naturalis

1266 1528 89 44 est
1317 1528 141 44 lapidi.
1420 1528 179 44 determinat
1560 1528 102 44 quod
1624 1528 102 44 non.
1688 1528 77 44 et
1726 1528 89 44 dat
1777 1528 128 44 causam
1867 1528 115 44 inter
1943 1528 89 44 eos
1994 1528 77 44 in
2020 1528 51 44 or

1263 1563 113 53 dine
1334 1563 85 53 ad
1376 1563 155 53 lapidem
1489 1563 85 53 et
1531 1563 198 53 voluntatem
1687 1563 113 53 ait.
1757 1563 85 53 In
1800 1563 85 53 eo
1842 1563 99 53 est
1899 1563 155 53 similis
1997 1563 71 53 ill

1270 1599 137 48 motui
1361 1599 107 48 quo
1422 1599 168 48 deorsum
1544 1599 153 48 versus
1651 1599 137 48 lapis
1743 1599 168 48 fertur:
1865 1599 168 48 quoniam
1971 1599 107 48 sicut

1270 1642 110 40 iste
1339 1642 151 40 proprie
1448 1642 96 40 est
1503 1642 164 40 lapidis:
1626 1642 96 40 sic
1681 1642 110 40 ille
1749 1642 137 40 animi.
1845 1642 192 40 veruntamen
1996 1642 82 40 in
2023 1642 55 40 eo

1263 1675 211 49 dissimilis
1429 1675 121 49 quod
1504 1675 90 49 in
1549 1675 196 49 potestate
1700 1675 106 49 non
1760 1675 136 49 habet
1851 1675 136 49 lapis
1926 1675 151 49 cohibere

1276 1713 139 47 motum
1368 1713 108 47 quo
1430 1713 170 47 mouetur
1554 1713 201 47 inferius.
1709 1713 155 47 animus
1817 1713 108 47 aut
1879 1713 170 47 dummodo
1988 1713 77 47 vul

1264 1758 108 40 non
1325 1758 108 40 ita
1387 1758 186 40 mouetur:
1526 1758 93 40 vt
1573 1758 247 40 superioribus
1774 1758 201 40 desertes:
1913 1758 170 40 inferiora

1267 1787 173 46 diligat.
1396 1787 87 46 et
1440 1787 115 46 ideo
1512 1787 144 46 lapidi
1613 1787 187 46 naturalis
1757 1787 101 46 est
1814 1787 115 46 ille
1887 1787 144 46 motus:
1973 1787 101 46 animo

1273 1824 110 49 vero
1342 1824 110 49 iste
1411 1824 221 49 voluntarius.
1591 1824 97 49 vbi
1646 1824 83 49 vt
1687 1824 138 49 patet.
1784 1824 124 49 vocat
1867 1824 179 49 descensum
1991 1824 83 49 lapi

1274 1873 110 40 dis
1337 1873 173 40 deorsum
1463 1873 126 40 esse
1542 1873 205 40 naturalem
1699 1873 126 40 quia
1778 1873 110 40 non
1841 1873 157 40 potest
1935 1873 142 40 cohibe-

1279 1905 79 44 re
1318 1905 131 44 motum.
1410 1905 66 44 ⁋
1436 1905 79 44 Ex
1476 1905 105 44 isto
1541 1905 118 44 patet
1620 1905 105 44 quod
1686 1905 184 44 necessitas
1830 1905 79 44 et
1869 1905 157 44 libertas
1987 1905 79 44 de
2014 1905 52 44 es

1275 1943 189 43 loquimur)
1421 1943 102 43 non
1479 1943 189 43 competunt
1625 1943 131 43 eidem
1713 1943 146 43 agenti
1815 1943 175 43 respectu
1931 1943 146 43 elusdem.

1279 1976 99 50 hoc
1335 1976 184 50 dixerism:
1477 1976 113 50 quia
1548 1976 113 50 deus
1618 1976 113 50 patr
1689 1976 170 50 producit
1816 1976 212 50 naturaliter
1972 1976 99 50 filiu

1280 2015 88 50 et
1324 2015 233 50 contingenter
1514 2015 204 50 creaturas.
1674 2015 102 50 sic
1733 2015 131 50 pater
1820 2015 73 50 a
1850 2015 146 50 filius
1937 2015 146 50 naturali

1282 2057 102 49 ter
1341 2057 189 49 producunt
1486 2057 291 49 spiritumsanctum:
1734 2057 87 49 et
1778 2057 233 49 contingenter
1952 2057 117 49 creati

1273 2099 110 40 ras.
1342 2099 124 40 sicut
1425 2099 124 40 anima
1508 2099 124 40 eadem
1591 2099 166 40 producit
1715 2099 110 40 vnum
1784 2099 124 40 actum
1867 2099 207 40 naturaliter
2019 2099 55 40 pu

1273 2127 84 52 ta
1315 2127 265 52 intellectionem:
1538 2127 84 52 et
1580 2127 126 52 alium
1664 2127 98 52 sua
1720 2127 154 52 sponte:
1832 2127 112 52 puta
1901 2127 126 52 actum
1971 2127 112 52 volun-

1276 2166 126 52 tatis
1360 2166 224 52 deliberatum.
1542 2166 84 52 et
1584 2166 112 52 idem
1654 2166 126 52 patet
1738 2166 84 52 de
1780 2166 154 52 motibus
1892 2166 126 52 primo
1962 2166 112 52 primis

1282 2209 88 44 et
1326 2209 88 44 de
1370 2209 161 44 actibus
1488 2209 235 44 deliberatis.
1678 2209 103 44 hoc
1737 2209 132 44 ipsum
1825 2209 103 44 non
1883 2209 161 44 negatur
1986 2209 88 44 quin

1279 2242 81 55 vt
1320 2242 216 55 spunssanctus
1496 2242 189 55 producitur
1644 2242 176 55 voluntate
1780 2242 216 55 complacenti:
1955 2242 95 55 sic
1996 2242 81 55 etia

1284 2282 81 47 am
1324 2282 188 47 producatur
1472 2282 148 47 filius.
1579 2282 67 47 ⁋
1606 2282 94 47 Sed
1660 2282 134 47 contra
1754 2282 121 47 istud
1835 2282 161 47 arguitur
1943 2282 134 47 probando

1278 2325 116 49 quod
1351 2325 203 49 necessitas
1511 2325 87 49 et
1554 2325 174 49 libertas
1685 2325 116 49 sese
1758 2325 232 49 compatiantur
1932 2325 145 49 respectu

1288 2356 162 48 eiusdem:
1409 2356 81 48 et
1449 2356 94 48 hoc
1503 2356 94 48 sic
1557 2356 94 48 per
1611 2356 94 48 Au.
1665 2356 81 48 in
1705 2356 202 48 Enchiridio.
1867 2356 81 48 ca
1908 2356 94 48 xv.
1962 2356 94 48 nec
2002 2356 81 48 eius

1281 2393 174 51 culpanda
1411 2393 101 51 est
1469 2393 188 51 voluntas:
1614 2393 101 51 aut
1672 2393 174 51 voluntas
1802 2393 101 51 non
1860 2393 116 51 est:
1932 2393 101 51 aut
1976 2393 101 51 libe-

1281 2431 81 48 ra
1322 2431 149 48 dicenda
1430 2431 95 48 non
1484 2431 108 48 est.
1552 2431 108 48 quia
1619 2431 122 48 beati
1700 2431 95 48 sic
1754 2431 108 48 esse
1822 2431 162 48 volumus:
1943 2431 81 48 vt
1984 2431 108 48 esse
2038 2431 54 48 mi

1288 2472 110 50 seri
1357 2472 97 50 non
1412 2472 124 50 solum
1495 2472 166 50 nolumus:
1620 2472 97 50 sed
1675 2472 179 50 nequaquam
1813 2472 124 50 velle
1896 2472 179 50 possumus:
2020 2472 69 50 si-

1283 2503 94 52 cut
1336 2503 108 52 ergo
1404 2503 121 52 anima
1484 2503 134 52 nostra
1578 2503 108 52 nunc
1645 2503 121 52 nolle
1726 2503 228 52 infelicitatem
1914 2503 94 52 ita
1968 2503 108 52 tunc
2022 2503 67 52 vel

1279 2549 82 43 le
1320 2549 206 43 iniquitatem
1485 2549 96 43 non
1540 2549 164 43 poterit.
1663 2549 69 43 ⁋
1690 2549 82 43 Ex
1731 2549 110 43 isto
1800 2549 137 43 pataet
1896 2549 110 43 quod
1951 2549 123 43 beatitu

1278 2591 134 44 dinem
1368 2591 209 44 necessario
1531 2591 75 44 a
1561 2591 149 44 libere
1666 2591 179 44 volumus:
1800 2591 89 44 et
1844 2591 104 44 sic
1889 2591 179 44 necessitas

1292 2618 176 50 libertas
1424 2618 132 50 eidem
1512 2618 191 50 principio
1659 2618 176 50 respectu
1791 2618 161 50 eiusdem
1893 2618 191 50 conueniunt.

1288 2659 65 62 ⁋
1314 2659 207 62 Respondetur:
1482 2659 103 62 quod
1547 2659 181 62 Augustinus
1689 2659 91 62 non
1741 2659 116 62 dicit
1818 2659 181 62 voluntatem
1961 2659 103 62 esse
2012 2659 65 62 li
