2381 3284
416 171 156 60 sanctus
529 171 170 60 prodiens
657 171 142 60 quidem
757 171 85 60 ex
799 171 128 60 patre
884 171 99 60 non
941 171 185 60 filiater:
1083 171 99 60 sed
1126 171 85 60 pro-

415 212 234 50 cessibiliter.
608 212 83 50 et
649 212 179 50 paulopost
787 212 124 50 circa
869 212 124 50 finem
952 212 165 50 capituli
1062 212 151 50 sequitur.

405 250 138 54 nosse
497 250 138 54 autem
589 250 169 54 oportet
711 250 107 54 nos
773 250 107 54 non
834 250 153 54 dicere
941 250 153 54 patrem
1048 250 92 54 ex
1079 250 138 54 aliquo:

406 288 105 51 sed
466 288 135 51 ipsum
556 288 135 51 filii
645 288 165 51 patrem.
765 288 150 51 filium
870 288 135 51 autem
960 288 105 51 non
1019 288 165 51 dicimus
1124 288 90 51 sine

404 327 139 53 causa:
501 327 125 53 neque
585 327 153 53 patrem.
696 327 153 53 dicimus
808 327 125 53 autem
891 327 125 53 ipsum
974 327 111 53 esse
1044 327 70 53 a
1072 327 139 53 patre:
1155 327 56 53 et

403 360 147 58 filium
506 360 162 58 patris.
624 360 147 58 spiunm
726 360 117 58 vero
800 360 162 58 sanctum
917 360 88 58 ex
961 360 132 58 patre
1049 360 73 58 a
1064 360 147 58 spiritum

401 398 142 61 patris
500 398 184 61 noinamus.
642 398 85 61 ex
684 398 127 61 filio
769 398 127 61 autem
854 398 142 61 spiunm
953 398 156 61 sanctum
1066 398 99 61 non
1109 398 99 61 dici-

402 443 124 48 mus:
480 443 109 48 sed
542 443 140 48 spiun
636 443 93 48 um
682 443 140 48 filii
775 443 218 48 nominamus.
946 443 78 48 ⁋
977 443 124 48 Item
1055 443 93 48 in
1086 443 109 48 symbo

399 471 92 60 lo
445 471 354 60 Constantinopolitane
753 471 154 60 synodi
860 471 108 60 sic
922 471 185 60 legitur.
1045 471 154 60 credimur

395 505 76 64 in
433 505 178 64 spoarentum
573 505 140 64 sanctum
675 505 140 64 dominim
776 505 76 64 et
814 505 203 64 viuificantem
979 505 76 64 ex
1018 505 114 64 patre
1081 505 127 64 procedem

403 549 118 59 tem:
477 549 103 59 cum
536 549 133 59 patre
624 549 74 59 a
654 549 133 59 filio
742 549 192 59 adorandum
890 549 88 59 et
934 549 265 59 glorificandum.
1140 549 59 59 Et

392 581 93 63 in
438 581 170 63 symbolo
562 581 124 63 quod
639 581 186 63 cantatur
779 581 93 63 in
825 581 155 63 missa:
934 581 124 63 quod
1011 581 124 63 fuit
1073 581 124 63 editur

402 625 85 59 in
444 625 142 59 Niceno
544 625 185 59 concilio:
686 625 100 59 non
743 625 199 59 continetur
900 625 114 59 quod
957 625 242 59 spiritussanctus

396 663 192 58 procedit
540 663 80 58 a
572 663 160 58 filio.
684 663 80 58 ⁋
716 663 240 58 Respondetur
907 663 176 58 negando
1019 663 192 58 consequemn

402 706 141 53 tiam:
497 706 157 53 maxime
606 706 94 53 de
654 706 110 53 his
716 706 110 53 qui
779 706 251 53 precesserunt
983 706 204 53 expressam
1125 706 79 53 de-

394 740 256 56 terminationem
605 740 196 56 ecclesie.
756 740 151 56 licuit
861 740 121 56 enim
937 740 181 56 interdum
1057 740 136 56 aliquis

398 779 203 57 opinatiue
555 779 172 57 tenere.
680 779 94 57 et
727 779 141 57 tamen
821 779 125 57 post
899 779 297 57 determinationem
1133 779 63 57 ec

407 815 139 56 clesie
504 815 97 56 non
560 815 139 56 licet:
657 815 83 56 si
699 815 97 56 sit
755 815 125 56 sermo
838 815 83 56 de
880 815 236 56 posterioribus
1075 815 97 56 qui
1117 815 83 56 secu

398 853 94 60 ti
445 853 125 60 sunt
523 853 297 60 determinationem
774 853 203 60 ecclesie:
930 853 109 60 non
993 853 172 60 habetur
1102 853 94 60 con-

389 892 172 54 sequens
515 892 251 54 inconuenies:
718 892 219 54 potissimum
891 892 94 54 de
938 892 219 54 literatis.
1110 892 78 54 ⁋
1126 892 78 54 Ali

392 929 95 54 ter
447 929 123 54 dicit
529 929 163 54 Magister
651 929 95 54 ca.
706 929 123 54 iiii.
787 929 95 54 xi.
842 929 232 54 distinctionis
1033 929 136 54 dicens
1114 929 82 54 quod

391 964 140 66 greci
485 964 93 66 et
531 964 109 66 nos
594 964 124 66 solo
671 964 140 66 verbo
765 964 218 66 differimus
936 964 93 66 in
982 964 202 66 sententia
1122 964 78 66 co-

384 1008 200 54 uenientes
537 1008 108 54 sic
599 1008 200 54 inquiens.
753 1008 185 54 Sciendum
891 1008 108 54 est
953 1008 138 54 tamen
1045 1008 123 54 quod
1107 1008 92 54 gre-

393 1039 85 64 ci
435 1039 254 64 spiritusanctum
647 1039 211 64 confitentes
816 1039 113 64 esse
886 1039 127 64 filui
971 1039 127 64 sicut
1055 1039 85 64 et
1083 1039 113 64 patris

387 1080 136 56 Quare
477 1080 166 56 amplius
598 1080 151 56 dicit.
704 1080 181 56 spiritum
840 1080 136 56 filii
930 1080 91 56 et
976 1080 166 56 veritas
1096 1080 91 56 in
1127 1080 75 56 eua

395 1122 121 52 gelio
475 1122 161 52 sporitum
596 1122 188 52 veritatis.
744 1122 94 52 sed
798 1122 94 52 cum
852 1122 94 52 non
905 1122 94 52 sit
959 1122 121 52 aliud
1026 1122 175 52 spiritunsan

397 1161 107 50 ctum
464 1161 107 50 esse
531 1161 134 50 patris
624 1161 80 50 et
665 1161 121 50 filii
745 1161 107 50 quam
812 1161 107 50 esse
879 1161 67 50 a
906 1161 121 50 patre
986 1161 67 50 a
1013 1161 134 50 filio.
1093 1161 94 50 etian

382 1197 93 52 in
428 1197 108 52 hoc
490 1197 93 52 in
536 1197 154 52 eandem
644 1197 185 52 nobiscum
783 1197 139 52 fidei
875 1197 216 52 sententiam
1029 1197 170 52 conuenire

394 1232 180 57 videntur:
532 1232 124 57 licet
615 1232 83 57 in
657 1232 138 57 verbis
754 1232 221 57 dissentiant.
933 1232 83 57 et
975 1232 111 57 post
1044 1232 83 57 in
1085 1232 111 57 cap.
1141 1232 55 57 v.

383 1273 171 49 eiusdem
508 1273 264 49 distinctionis
726 1273 187 49 declarat
865 1273 93 49 ex
912 1273 249 49 famatissimis
1099 1273 93 49 gre-

387 1311 102 54 cis
446 1311 116 54 quod
518 1311 277 54 spiritussanctus
751 1311 175 54 procedit
882 1311 87 54 ex
926 1311 131 54 patre
1013 1311 73 54 e
1042 1311 146 54 filio.
1130 1311 58 54 Ac

373 1339 110 63 hoc
436 1339 141 63 autem
530 1339 219 63 Athanasium
702 1339 78 63 /
733 1339 172 63 Didimum
858 1339 78 63 /
890 1339 188 63 Cirillum
1031 1339 78 63 /
1046 1339 141 63 Ioannem

378 1382 79 56 ⁋
410 1382 254 56 Chrysostomum
616 1382 95 56 in
664 1382 159 56 medium
775 1382 190 56 adducit.
917 1382 143 56 Forte
1013 1382 127 56 isti
1076 1382 111 56 anti-

377 1427 104 46 qui
437 1427 134 46 greci
526 1427 178 46 volebant
660 1427 149 46 dicere
764 1427 119 46 quod
838 1427 282 46 spiritussanctus
1061 1427 119 46 princi

391 1462 156 54 paliter
504 1462 170 54 procedit
631 1462 71 54 a
660 1462 141 54 patre:
759 1462 85 54 ad
801 1462 113 54 hunc
872 1462 156 54 sensum:
985 1462 113 54 quod
1042 1462 141 54 quicquic

392 1499 127 54 babet
477 1499 141 54 filius
576 1499 127 54 habet
661 1499 71 54 a
689 1499 141 54 patre:
788 1499 85 54 et
830 1499 99 54 cum
887 1499 269 54 spiritussanctus
1099 1499 85 54 pro-

380 1540 122 53 cedit
462 1540 68 53 a
489 1540 136 53 filio:
584 1540 95 53 hoc
639 1540 122 53 ipsum
720 1540 122 53 habet
802 1540 136 53 filius
897 1540 68 53 a
924 1540 136 53 patre:
1019 1540 82 53 et
1060 1540 95 53 non
1100 1540 82 53 quia

391 1571 132 59 prius
480 1571 103 59 vel
538 1571 132 59 magis
627 1571 177 59 procedit
759 1571 280 59 spiritussanctus
995 1571 74 59 a
1024 1571 132 59 patre
1098 1571 88 59 quam

386 1615 72 50 a
414 1615 143 50 filio.
514 1615 100 50 sic
572 1615 157 50 exponit
686 1615 172 50 Magister
815 1615 86 50 in
858 1615 143 50 tertio
958 1615 100 50 ca.
1015 1615 114 50 xii.
1073 1615 114 50 distin

374 1652 187 54 ctionis.
515 1652 78 54 ⁋
546 1652 109 54 Sed
609 1652 109 54 non
671 1652 109 54 est
733 1652 219 54 verisimile
905 1652 94 54 de
952 1652 156 54 grecis
1061 1652 125 54 post
1124 1652 62 54 de

377 1682 269 63 terminationem
599 1682 190 63 ecclesie
741 1682 127 63 quod
820 1682 190 63 haberent
947 1682 237 63 disputationem

384 1719 167 67 vocalem
506 1719 107 67 cum
566 1719 183 67 latinis:
703 1719 107 67 sed
764 1719 152 67 potius
871 1719 167 67 realem.
992 1719 91 67 vt
1038 1719 137 67 patet
1114 1719 61 67 si

378 1758 177 63 Anselmum
511 1758 88 63 de
555 1758 221 63 processione
732 1758 280 63 spiritussancti.
968 1758 118 63 cap.
1041 1758 133 63 iiii.
1115 1758 59 63 ii

375 1801 191 58 principio
522 1801 191 58 capituli:
669 1801 103 58 vbi
728 1801 162 58 loquens
846 1801 88 58 de
890 1801 191 58 quibusdam
1037 1801 118 58 quae
1096 1801 88 58 prae

376 1838 170 58 miserat
499 1838 92 58 in
545 1838 216 58 principio.
715 1838 108 58 sic
776 1838 170 58 inquit.
900 1838 108 58 hoc
961 1838 185 58 supplere
1085 1838 92 58 pri-

385 1870 154 65 dicta.
492 1870 169 65 pariter
615 1870 184 65 credimus
754 1870 261 65 indubitanter:
969 1870 92 65 et
1000 1870 184 65 confitemur

381 1912 91 59 et
426 1912 106 59 nos
487 1912 106 59 qui
548 1912 167 59 dicimus
670 1912 289 59 spiritumsanctum
913 1912 76 59 a
944 1912 137 59 filio
1020 1912 167 59 procedere

377 1950 96 61 et
425 1950 144 61 greci
521 1950 112 61 qui
585 1950 192 61 nobiscum
729 1950 112 61 non
792 1950 240 61 consentiunt
984 1950 208 61 ecclesie.
1128 1950 48 61 E

375 1991 136 57 istud
465 1991 136 57 patet
556 1991 105 57 cum
616 1991 181 57 interdum
751 1991 211 57 protestati
917 1991 120 57 sunt
992 1991 90 57 se
1037 1991 136 57 velle
1113 1991 60 57 ce

378 2029 122 58 pere
454 2029 289 58 determinationem
698 2029 152 58 matris
804 2029 198 58 ecclesie:
957 2029 91 58 et
1002 2029 122 58 illi
1063 2029 122 58 adhere

388 2067 108 58 re:
449 2067 184 58 protinus
587 2067 231 58 reuertentes
772 2067 92 58 in
818 2067 184 58 regionem
956 2067 123 58 suam
1033 2067 108 58 per
1079 2067 108 58 aliam

386 2092 133 63 viam
470 2092 100 63 ad
520 2092 183 63 priorem
653 2092 217 63 redierunt
820 2092 200 63 vomitum.
970 2092 83 63 ⁋
987 2092 200 63 Dubitatur.

383 2138 143 60 vtrum
478 2138 143 60 pater
573 2138 79 60 a
605 2138 158 60 filius
716 2138 127 60 sunt
795 2138 127 60 vnum
874 2138 222 60 principium
1032 2138 143 60 spirans

378 2176 316 57 spiritumsanctum.
647 2176 79 57 ⁋
679 2176 253 57 Respondetur.
884 2176 174 57 quaeuis
1011 2176 95 57 de
1058 2176 127 57 ista
1122 2176 63 57 pa

385 2216 105 59 ter
445 2216 75 59 a
475 2216 149 59 filius
579 2216 120 59 sunt
654 2216 120 59 vnus
729 2216 194 59 spirator:
878 2216 120 59 sint
953 2216 164 59 diuerse
1057 2216 120 59 opinio

376 2255 113 59 nes
441 2255 210 59 doctorum:
602 2255 113 59 hec
667 2255 146 59 tamen
764 2255 146 59 pater
861 2255 81 59 a
894 2255 162 59 filius
1007 2255 130 59 sunt
1072 2255 97 59 vnu-

371 2291 220 61 principium
544 2291 189 61 spirans:
686 2291 220 61 communiter
859 2291 236 61 conceditur.
1047 2291 126 61 Unde
1110 2291 63 61 Au

377 2331 185 60 gustinus.
519 2331 100 60 xv.
576 2331 86 60 de
619 2331 200 60 trinitate.
776 2331 100 60 ca.
833 2331 143 60 xiiii.
933 2331 114 60 ait.
1004 2331 171 60 Fatendum
1118 2331 57 60 es

376 2366 151 60 patrem
481 2366 90 60 et
527 2366 151 60 filium
632 2366 121 60 esse
708 2366 211 60 principium
873 2366 286 60 spiritussancti:
1100 2366 75 60 non

369 2403 102 61 duo
428 2403 204 61 principia:
588 2403 102 61 sed
646 2403 131 61 sicut
733 2403 131 61 pater
820 2403 73 61 a
849 2403 145 61 filius
951 2403 116 61 vnus
1024 2403 116 61 sunt
1082 2403 87 61 deus

368 2446 91 57 et
413 2446 91 57 ad
459 2446 197 57 creaturam
611 2446 182 57 relatiue
747 2446 121 57 vnus
823 2446 167 57 creator
944 2446 91 57 et
990 2446 121 57 vnus
1051 2446 121 57 domins

367 2480 109 63 sic
430 2480 187 63 relatiue
570 2480 94 63 ad
617 2480 296 63 spiritumsanctum
866 2480 125 63 vnum
944 2480 234 63 principium.
1116 2480 62 63 In

376 2516 210 62 proposito
537 2516 161 62 vtimur
650 2516 177 62 termino
779 2516 306 62 spiritussanctus
1021 2516 145 62 notiona

374 2553 128 58 liter
459 2553 99 58 (vt
516 2553 142 58 tertie
615 2553 156 58 parsone
729 2553 85 58 in
771 2553 156 58 diuinis
885 2553 199 58 conueniat)
1041 2553 71 58 a
1070 2553 99 58 non
1112 2553 57 58 es

372 2589 255 75 sentialiter.
579 2589 80 75 ⁋
611 2589 143 75 Circa
706 2589 207 75 veritatem
866 2589 143 75 huius
945 2589 239 75 propositionis

1264 185 166 59 plurime
1384 185 181 59 volitant
1520 185 211 59 positiones
1686 185 75 59 /
1716 185 196 59 aliquibus
1866 185 105 59 eam
1911 185 166 59 saluanti-

1273 230 107 53 bus
1334 230 91 53 de
1379 230 168 53 virtute
1501 230 198 53 sermonis:
1654 230 137 53 aliis
1745 230 107 53 eam
1806 230 229 53 saluantibus
1974 230 91 53 notn

1266 264 106 60 de
1319 264 177 60 rigore
1443 264 230 60 sermonis.
1620 264 177 60 Seatus
1744 264 142 60 enim
1832 264 177 60 Thomas
1938 264 142 60 currit

1265 305 93 53 ad
1312 305 264 53 suppositionem
1530 305 187 53 confusam
1670 305 171 53 tantum.
1794 305 109 53 hoc
1856 305 187 53 reprobat
1981 305 93 53 Gre-

1270 343 148 60 gorius
1374 343 163 60 dicens:
1493 343 119 60 quod
1567 343 148 60 nullum
1671 343 134 60 cadit
1760 343 148 60 signum
1864 343 208 60 confusiuum
2013 343 59 60 su

1253 376 120 63 per
1321 376 205 63 terminum
1475 376 256 63 principium.
1680 376 120 63 Sed
1748 376 120 63 hec
1817 376 239 63 impugnatio
1988 376 85 63 non

1259 421 109 53 est
1322 421 140 53 magni
1415 421 202 53 ponderis:
1571 421 187 53 copulata
1711 421 125 53 enim
1789 421 265 53 praedicamenti
1991 421 78 53 vbi

1260 458 90 57 et
1305 458 150 57 quando
1410 458 209 57 confundunt
1574 458 165 57 confuse
1694 458 150 57 tantum
1799 458 180 57 terminum
1918 458 150 57 communem

1262 492 224 63 sequentem.
1438 492 96 63 vt
1486 492 144 63 solet
1582 492 128 63 dici
1662 492 96 63 de
1711 492 112 63 hac
1775 492 256 63 proositione:
1967 492 96 63 Pari

1256 525 125 64 sius
1335 525 94 64 et
1382 525 125 64 Rome
1460 525 188 64 venditur
1601 525 157 64 piper.
1711 525 125 64 idem
1789 525 219 64 communiter
1946 525 125 64 admit-

1254 570 140 57 titur
1347 570 93 57 de
1393 570 202 57 copulatis
1548 570 264 57 praedicamenti
1765 570 217 57 substantie
1936 570 109 57 aut
1982 570 93 57 rela

1263 606 166 59 tionis.
1384 606 75 59 ⁋
1414 606 106 59 Sed
1474 606 136 59 licet
1565 606 136 59 illud
1655 606 106 59 sit
1716 606 196 59 probabile
1867 606 181 59 respectu
1988 606 75 59 ter

1263 646 121 57 mini
1338 646 242 57 supponentis:
1535 646 166 57 questio
1656 646 136 57 tamen
1747 646 166 57 remanet
1868 646 106 57 pro
1928 646 106 57 quo
1973 646 91 57 sup-

1258 683 144 62 ponat.
1359 683 101 62 cui
1416 683 115 62 alii
1489 683 101 62 non
1546 683 231 62 satisfaciunt
1734 683 245 62 sufficienter.
1922 683 144 62 Relictis

1259 723 134 58 igitur
1353 723 148 58 aliorum
1460 723 121 58 modis
1541 723 148 58 tanquam
1648 723 269 58 insufficientibus
1877 723 108 58 quos
1931 723 134 58 propoter

1253 760 155 55 tedium
1362 760 124 55 nolo
1440 760 202 55 prosequi:
1595 760 171 55 adhereo
1719 760 124 55 illi
1796 760 140 55 dicto
1874 760 186 55 Altisiodo:

1256 794 128 61 rensis
1346 794 77 61 in
1384 794 90 61 hac
1435 794 128 61 parte.
1525 794 102 61 vii.
1589 794 102 61 cap.
1653 794 90 61 sui
1704 794 115 61 primi
1781 794 128 61 libri.
1870 794 102 61 quod
1934 794 102 61 vnum
1985 794 90 61 prin-

1249 836 157 53 cipium
1359 836 188 53 supponit
1501 836 110 53 pro
1563 836 141 53 patre
1658 836 79 53 e
1689 836 141 53 filio
1783 836 220 53 copulatim:
1956 836 94 53 et
1987 836 79 53 non

1254 875 123 52 sunt
1331 875 108 52 duo
1392 875 216 52 principia.
1562 875 139 52 sicut
1654 875 139 52 pater
1747 875 108 52 est
1808 875 139 52 deus:
1901 875 154 52 filius
1993 875 77 52 est

1266 908 136 59 deus.
1356 908 91 59 et
1402 908 106 59 non
1462 908 121 59 sunt
1538 908 151 59 plures
1643 908 121 59 dii.
1719 908 91 59 et
1764 908 181 59 terminus
1885 908 181 59 principium

1258 946 168 62 supponit
1384 946 224 62 determinate:
1566 946 84 62 et
1608 946 84 62 ly
1650 946 84 62 et
1692 946 154 62 capitur
1804 946 210 62 complexiue.
1958 946 98 62 licet

1247 986 126 63 idem
1326 986 299 63 Altisiodorensis
1578 986 157 63 aliqua
1688 986 173 63 dissute
1814 986 142 63 ponat
1909 986 94 63 in
1956 986 110 63 hoc
2003 986 63 63 ca

1256 1028 139 55 pitulo
1353 1028 153 55 dicens.
1465 1028 111 55 quod
1534 1028 97 55 hec
1590 1028 97 55 est
1646 1028 195 55 incongrua:
1799 1028 97 55 hoc
1854 1028 195 55 principium
1993 1028 70 55 est

1252 1063 228 56 demonstrando
1437 1063 128 56 parem
1522 1063 85 56 et
1565 1063 157 56 filium.
1679 1063 128 56 dicit
1764 1063 114 56 enim
1835 1063 114 56 quod
1906 1063 100 56 hec
1949 1063 114 56 dictio

1254 1102 204 61 principium
1415 1102 160 61 quantum
1531 1102 87 61 ad
1575 1102 146 61 formam
1677 1102 204 61 singularis
1837 1102 116 61 est.
1909 1102 131 61 sicut
1982 1102 73 61 hec

1248 1140 107 59 est
1309 1140 198 59 incongrua
1461 1140 122 59 iste
1538 1140 122 59 deus
1614 1140 107 59 vel
1675 1140 168 59 aliquis
1797 1140 122 59 deus
1874 1140 122 59 est.
1950 1140 107 59 sed
1996 1140 76 59 ca-

1250 1177 151 60 pimus
1351 1177 151 60 illud
1451 1177 134 60 quod
1535 1177 151 60 verum
1635 1177 234 60 reputamus:
1820 1177 134 60 quod
1887 1177 167 60 supponit

1254 1217 198 60 copulatim
1406 1217 106 60 pro
1467 1217 152 60 duabus
1573 1217 198 60 parsonis.
1725 1217 91 60 et
1771 1217 106 60 hec
1832 1217 213 60 singularis
1984 1217 76 60 est

1258 1252 134 66 vera
1342 1252 101 66 de
1393 1252 235 66 monstratis
1577 1252 151 66 patre
1678 1252 84 66 e
1711 1252 168 66 filio.
1829 1252 118 66 hec
1896 1252 134 66 sunt
1963 1252 101 66 vnum

1255 1292 230 67 principium:
1438 1292 92 67 et
1484 1292 107 67 due
1546 1292 184 67 persone.
1683 1292 138 67 sicut
1775 1292 107 67 duo
1837 1292 168 67 lapides
1944 1292 107 67 segre

1237 1335 138 54 gati
1323 1335 138 54 sunt
1409 1335 138 54 vnus
1496 1335 207 54 binarius
1651 1335 104 54 et
1703 1335 121 54 non
1772 1335 138 54 vnum
1841 1335 104 54 ens.

1251 1398 94 74 ⁋
1289 1398 150 74 Post
1382 1398 131 74 hec
1457 1398 319 74 considerandum
1720 1398 131 74 est
1795 1398 206 74 quantum
1945 1398 94 74 a
1963 1398 94 74 ta-

1234 1447 171 78 libus
1348 1447 190 78 quales
1480 1447 133 78 nos
1556 1447 190 78 sumus:
1689 1447 246 78 intelligi
1859 1447 171 78 potest.

1277 1516 86 68 ⁋
1311 1516 276 68 Dstinctionis
1535 1516 276 68 tertiedecime
1759 1516 190 68 questio
1880 1516 138 68 vnica.

1443 1562 164 59 Veritur
1562 1562 134 59 circa
1651 1562 119 59 hanc
1726 1562 253 59 distinctionem
1919 1562 134 59 tertiam

1423 1599 172 57 decimam.
1552 1599 86 57 an
1595 1599 186 57 processio
1738 1599 258 57 spiritussancti
1953 1599 100 57 sit
1996 1599 57 57 ge

1424 1639 172 57 neratio.
1552 1639 72 57 ⁋
1581 1639 157 57 Questio
1695 1639 143 57 potest
1796 1639 129 57 hatre
1881 1639 143 57 multos
1967 1639 86 57 sen-

1399 1669 72 64 fi
1435 1669 83 64 sus
1483 1669 143 64 secundum
1590 1669 95 64 quod
1650 1669 143 64 verbalia
1757 1669 72 64 in
1793 1669 72 64 io
1828 1669 119 64 euntia
1912 1669 143 64 praesent
2007 1669 48 64 su

1389 1723 95 45 mi
1436 1723 173 45 passiue
1562 1723 110 45 vel
1625 1723 173 45 actiue.
1752 1723 95 45 et
1799 1723 142 45 adhuc
1893 1723 126 45 isti
1956 1723 95 45 ter-

1243 1750 112 55 mini
1313 1750 168 55 praesent
1439 1750 112 55 capi
1508 1750 223 55 vniformiter:
1690 1750 168 55 quarendo
1816 1750 84 55 an
1857 1750 168 55 spiratio
1969 1750 84 55 acti

1232 1781 86 66 ua
1275 1781 128 66 filii
1360 1781 100 66 sit
1417 1781 143 66 gnatio
1517 1781 157 66 actiua:
1631 1781 86 66 et
1674 1781 200 66 potissimum
1830 1781 171 66 respectu
1944 1781 100 66 filii

1235 1823 79 59 et
1274 1823 171 59 similiter
1406 1823 79 59 an
1446 1823 171 59 generatio
1578 1823 145 59 passiua
1683 1823 92 59 sit
1736 1823 171 59 generatio
1867 1823 145 59 actiua.
1973 1823 79 59 et
1999 1823 53 59 de

1243 1856 127 67 istis
1328 1856 170 67 sensibus
1455 1856 198 67 quaerimus:
1611 1856 85 67 si
1654 1856 113 67 enim
1724 1856 212 67 difformiter
1894 1856 156 67 termini
1993 1856 57 67 ca

1233 1894 178 66 perentur
1367 1894 104 66 non
1426 1894 134 66 esset
1515 1894 238 66 difficultas.
1708 1894 74 66 ⁋
1738 1894 223 66 Respondetur
1916 1894 104 66 per
1961 1894 89 66 con-

1232 1941 204 52 clusionem
1389 1941 219 52 negativam.
1561 1941 188 52 Probatio
1702 1941 110 52 non
1765 1941 110 52 est
1828 1941 125 52 nisi
1906 1941 125 52 vnus
1969 1941 78 52 fi-

1241 1971 115 69 lius
1313 1971 173 69 genitus:
1442 1971 101 69 sed
1500 1971 87 69 si
1543 1971 216 69 spussanctus
1716 1971 130 69 esset
1803 1971 187 69 generatio
1933 1971 115 69 passi-

1240 2011 83 61 ua
1282 2011 69 61 /
1309 2011 124 61 esset
1392 2011 165 61 genitus:
1515 2011 110 61 quod
1584 2011 96 61 est
1639 2011 151 61 falsum.
1749 2011 96 61 Nam
1804 2011 165 61 doesiter
1914 2011 124 61 Ioannis

1233 2047 171 63 tertio.
1358 2047 109 63 Sic
1420 2047 124 63 deus
1498 2047 171 63 dilexit
1622 2047 155 63 mundum
1731 2047 93 63 vt
1778 2047 155 63 filium
1887 2047 124 63 suum
1949 2047 93 63 vni-

1240 2087 161 59 genitum
1357 2087 146 59 daret.
1460 2087 146 59 proter
1562 2087 117 59 quod
1635 2087 88 59 in
1679 2087 161 59 symbolo
1796 2087 219 59 Apostolorum
1957 2087 88 59 con-

1236 2126 152 53 fitemur
1347 2126 138 53 vnicum
1444 2126 97 53 dei
1499 2126 152 53 filium.
1609 2126 83 53 et
1651 2126 111 53 quia
1720 2126 152 53 filius:
1831 2126 138 53 vtique
1914 2126 124 53 genitus

1231 2166 92 56 vt
1277 2166 138 56 dicit
1369 2166 230 56 Augustinus.
1553 2166 92 56 v.
1599 2166 92 56 de
1645 2166 215 56 trinitate.
1814 2166 107 56 ca.
1875 2166 107 56 vi.
1937 2166 77 56 ⁋
1952 2166 92 56 Con-

1230 2201 102 58 tra
1289 2201 117 58 hanc
1362 2201 233 58 conclusionem
1551 2201 175 58 arguitur
1682 2201 117 58 sic.
1755 2201 131 58 omnis
1843 2201 189 58 productio
1974 2201 58 58 vi

1226 2244 151 56 uentis
1332 2244 76 56 a
1362 2244 166 56 viuente
1483 2244 166 56 eiusdem
1604 2244 151 56 nature
1710 2244 151 56 numero
1816 2244 106 56 vel
1877 2244 151 56 specie
1967 2244 76 56 est

1237 2279 156 59 geneatio:
1357 2279 144 59 spiratio
1465 2279 84 59 est
1513 2279 180 59 huiusmodoi:
1656 2279 132 59 igitur.
1752 2279 108 59 maior
1824 2279 108 59 patet
1896 2279 84 59 per
1944 2279 108 59 locum
2004 2279 36 59 a

1239 2318 215 58 diffinitione
1414 2318 229 58 generationis.
1602 2318 121 58 minor
1683 2318 121 58 patet
1764 2318 162 58 secundum
1885 2318 135 58 fidem.
1966 2318 67 58 Nam

1234 2351 244 66 spunssanctus
1432 2351 107 66 est
1493 2351 153 66 viuens
1600 2351 92 66 et
1646 2351 168 66 eiusdem
1768 2351 153 66 nature
1874 2351 107 66 cum
1920 2351 122 66 patre:

1238 2393 90 61 et
1283 2393 105 61 non
1343 2393 134 61 minus
1432 2393 120 61 quam
1507 2393 134 61 pater
1597 2393 75 61 a
1627 2393 149 61 filius
1731 2393 120 61 sunt
1806 2393 164 61 eiusdem
1911 2393 134 61 nature.

1244 2432 114 62 tius
1315 2432 185 62 productio
1458 2432 100 62 est
1515 2432 185 62 productio
1657 2432 171 62 viuentis
1786 2432 128 62 etiam
1871 2432 171 62 similis.
1985 2432 43 62 p

1232 2466 233 67 consequens
1416 2466 117 67 non
1482 2466 150 67 solum
1582 2466 133 67 erit
1665 2466 217 67 generatio
1832 2466 117 67 sed
1882 2466 150 67 vniuoca

1232 2505 82 59 ⁋
1264 2505 245 59 Difficultas
1461 2505 131 59 ista
1542 2505 164 59 semper
1657 2505 196 59 acerrima
1804 2505 196 59 reputata
1935 2505 98 59 fuit

1224 2547 116 56 apud
1297 2547 175 56 maiores:
1428 2547 87 56 et
1472 2547 145 56 merito
1574 2547 175 56 secundum
1704 2547 131 56 illud
1792 2547 145 56 Esaie.
1894 2547 131 56 liii.
1966 2547 73 56 GEe

1220 2582 229 66 nerationem
1399 2582 131 66 eius
1481 2582 131 66 quis
1563 2582 229 66 enarrabit.
1742 2582 212 66 pariforma
1905 2582 98 66 de
1938 2582 98 66 pro-

1219 2629 200 57 cessione.
1372 2629 215 57 Quapropter
1541 2629 138 57 dicit
1634 2629 154 57 beatus
1741 2629 230 57 Augustinus.
1925 2629 108 57 xv.
1972 2629 61 57 de
