2368 3305
405 193 225 45 equalitas.
582 193 81 45 ⁋
614 193 161 45 Quarta
727 193 225 45 conclusio.
904 193 306 45 spiritussanctus
1146 193 64 45 es

403 237 154 44 missus
511 237 185 44 interdum
649 237 247 44 visibiliter:
850 237 93 44 vt
896 237 93 44 in
942 237 154 44 specie
1050 237 139 44 ignis
1143 237 77 44 /
1158 237 62 44 in

412 273 102 42 die
471 273 234 42 pentecostes:
661 273 88 42 in
705 273 161 42 linguis
822 273 161 42 igneis:
939 273 88 42 et
983 273 88 42 in
1027 273 146 42 specie
1115 273 102 42 colun

401 309 112 46 be.
465 309 191 46 interdum
608 309 271 46 inuisibiliter
831 309 96 46 in
879 309 159 46 castas
991 309 175 46 mentes.
1118 309 80 46 ⁋
1134 309 80 46 Con

405 350 94 46 tra
458 350 107 46 ista
525 350 161 46 arguitur
646 350 107 46 sic.
713 350 161 46 spiritus
834 350 81 46 et
874 350 134 46 filius
968 350 94 46 dei
1022 350 94 46 est
1076 350 148 46 vbique:
1170 350 40 46 e

401 384 93 57 go
448 384 109 57 est
510 384 93 57 in
557 384 265 57 peccatoribus:
775 384 93 57 et
822 384 93 57 in
868 384 171 57 omnibus
993 384 218 57 creaturis.
1149 384 62 57 ar

410 425 186 43 tecedens
550 425 186 43 inferius
690 425 186 43 patebit.
829 425 264 43 distinctione.
1046 425 109 43 xxx
1093 425 93 43 vii.

413 458 83 46 ⁋
447 458 266 46 Respondetur:
663 458 133 46 deus
746 458 233 46 triphariam
929 458 116 46 est
995 458 100 46 in
1045 458 166 46 rebus:
1145 458 66 46 mo

392 498 100 53 do
442 498 283 53 generalissimo
675 498 100 53 in
725 498 200 53 omnibus:
875 498 133 53 modo
958 498 200 53 speciali
1108 498 100 53 in
1141 498 67 53 bo

392 540 121 43 nis
461 540 121 43 per
530 540 207 43 gratiam:
685 540 138 43 modo
771 540 293 43 specialissimo
1012 540 121 43 per
1064 540 155 43 vnionem

402 575 249 43 hypostaticam
605 575 109 43 cum
667 575 218 43 humanitate
839 575 218 43 assumprta.
1010 575 94 43 et
1057 575 125 43 deus
1119 575 94 43 spe-

401 616 178 49 cialiter
535 616 134 49 datur
624 616 193 49 creature:
772 616 148 49 quando
876 616 119 49 eius
950 616 119 49 donu
1024 616 178 49 scilicet
1143 616 74 49 cha

410 651 142 43 ritas
505 651 158 43 datur:
615 651 95 43 et
663 651 110 43 hoc
726 651 110 43 est
789 651 126 43 deum
868 651 126 43 dari
946 651 95 43 in
994 651 110 43 suo
1041 651 142 43 effectu

406 688 83 46 ⁋
440 688 150 46 Circa
540 688 117 46 has
606 688 283 46 distinctiones
840 688 233 46 dubitatur:
1023 688 150 46 quare
1106 688 117 46 pater

411 725 133 48 habeat
504 725 173 48 epitheton
637 725 107 48 quod
704 725 146 48 dicatur
810 725 146 48 fortis.
917 725 133 48 filius
1010 725 107 48 quod
1077 725 146 48 dicatur
1170 725 53 48 sa

401 755 159 48 piens.
512 755 301 48 spiritussanctus
766 755 127 48 quod
845 755 174 48 dicatur
972 755 143 48 bonus
1067 755 79 48 ⁋
1083 755 143 48 Secundo

417 800 203 47 dubitatur:
577 800 87 47 an
621 800 116 47 ista
693 800 87 47 in
737 800 145 47 quibus
839 800 174 47 apparuit
969 800 116 47 vere
1042 800 87 47 an
1085 800 116 47 erat
1143 800 73 47 co-

408 834 135 48 lumbe
498 834 75 48 /
528 834 135 48 nubes
618 834 75 48 /
648 834 90 48 et
693 834 135 48 tales
783 834 120 48 res:
857 834 90 48 an
902 834 135 48 solum
977 834 225 48 apparitiones.

408 876 80 51 ⁋
440 876 254 51 Respondetur:
647 876 127 51 quod
726 876 175 51 propter
853 876 207 51 hereticos
1012 876 191 51 ponuntur
1140 876 80 51 di-

414 918 132 39 uinis
503 918 176 39 parsonis
635 918 118 39 illa
708 918 221 39 appopriata.
885 918 118 39 quia
958 918 118 39 enim
1032 918 132 39 inter
1105 918 118 39 morta-

406 948 106 56 les
466 948 226 56 inueniuntur
647 948 151 56 patres
753 948 90 56 ee
798 948 151 56 filiis
903 948 226 56 debiliores:
1069 948 151 56 putarent

415 986 143 47 aliqui
515 986 143 47 patrem
615 986 86 47 in
658 986 158 47 diuinis
773 986 115 47 esse
844 986 129 47 filio
930 986 258 47 impotentiorem:
1131 986 86 47 pro-

408 1029 154 45 pterea
515 1029 185 45 consulto
654 1029 185 45 adiectum
792 1029 108 45 est
854 1029 200 45 epitheton
1008 1029 169 45 fortis:
1115 1029 108 45 patri

398 1068 86 44 Et
441 1068 114 44 quia
512 1068 128 44 filii
597 1068 100 44 non
655 1068 143 44 solent
754 1068 114 44 esse
826 1068 100 44 ita
883 1068 185 44 sapientes
1026 1068 128 44 sicut
1097 1068 114 44 patrer

396 1088 130 63 inter
482 1088 173 63 homines:
612 1088 87 63 et
656 1088 87 63 ne
699 1088 87 63 id
742 1088 116 63 idem
815 1088 87 63 de
858 1088 130 63 filio
945 1088 87 63 in
988 1088 159 63 diuinis
1089 1088 130 63 existi-

406 1137 147 53 marent
509 1137 74 53 /
539 1137 177 53 adiectum
672 1137 103 53 est
731 1137 88 53 in
775 1137 133 53 filio
863 1137 192 53 epithetum
1011 1137 206 53 sapientis.
1158 1137 59 53 Et

407 1185 134 36 quia
491 1185 201 36 spiritus
642 1185 100 36 in
692 1185 134 36 modo
776 1185 184 36 loquedi
910 1185 100 36 in
960 1185 201 36 superbam
1094 1185 117 36 parte

406 1216 211 47 capitur:
565 1216 194 47 dicimus
706 1216 141 47 enim
794 1216 405 47 Alexandrummacedonem
1128 1216 88 47 fui

410 1256 87 39 se
453 1256 116 39 alti
525 1256 188 39 spiritus:
670 1256 203 39 propoterea
829 1256 159 39 additur
945 1256 159 39 sanctus
1061 1256 101 39 vel
1104 1256 116 39 bonus.

394 1286 92 53 ⁋
430 1286 110 53 Ad
485 1286 220 53 secundam
651 1286 294 53 dubitationem
889 1286 129 53 non
963 1286 257 53 dubitamus:
1147 1286 73 53 an

408 1336 145 40 erant
505 1336 129 40 vere
585 1336 129 40 res:
666 1336 113 40 sed
730 1336 193 40 querimus
875 1336 97 40 an
923 1336 129 40 erat
1004 1336 177 40 columba
1116 1336 97 40 appa

408 1369 132 46 rens:
497 1369 88 46 an
541 1369 176 46 realiter
673 1369 176 46 colunba.
805 1369 74 46 ⁋
835 1369 235 46 Respondetur:
1026 1369 176 46 vtrumque
1143 1369 74 46 est

409 1404 107 50 deo
470 1404 214 50 possibile:
638 1404 107 50 nec
699 1404 92 50 de
744 1404 153 50 altero
851 1404 244 50 sufficienter
1034 1404 153 50 constat.

403 1457 105 75 ⁋
445 1457 146 75 Iam
529 1457 167 75 nunc
633 1457 272 75 accedamus
842 1457 126 75 ad
905 1457 272 75 signandam
1093 1457 126 75 mis-

411 1526 161 70 sionem
523 1526 306 70 spiritussancti:
781 1526 113 70 qua
845 1526 273 70 inuisibiliter
1054 1526 161 70 mittitur

434 1590 86 63 ⁋
468 1590 292 63 Distinctionis
708 1590 172 63 decime
828 1590 189 63 septime
966 1590 189 63 questio
1086 1590 137 63 vnica.

561 1636 92 49 N
597 1636 128 49 hac
671 1636 311 49 decimaseptima
927 1636 293 49 distinctione
1147 1636 73 49 Ma

520 1650 170 73 gister
639 1650 204 73 loquitur
792 1650 102 73 de
843 1650 221 73 charitate
1013 1650 102 73 et
1064 1650 136 73 eius
1132 1650 85 73 au-

558 1716 178 41 gmento
683 1716 89 41 a
718 1716 267 41 decremento.
932 1716 142 41 quam
1003 1716 213 41 distinctio

526 1747 122 46 nem
595 1747 105 46 in
648 1747 140 46 duas
735 1747 175 46 partes
858 1747 227 46 precipuas
1032 1747 175 46 secare
1137 1747 70 46 cu

507 1790 173 36 Vsrabo:
633 1790 95 36 in
680 1790 158 36 priori
791 1790 126 36 enim
869 1790 142 36 parte
964 1790 158 36 aliqua
1058 1790 158 36 theologa

408 1820 129 56 lia:
488 1820 97 56 in
537 1820 226 56 posteriori
714 1820 161 56 aliqua
827 1820 226 56 physicalia
1004 1820 113 56 cum
1053 1820 161 56 metaphys

417 1863 178 46 calibus
546 1863 162 46 ponam.
660 1863 113 46 Quo
725 1863 97 46 ad
773 1863 178 46 priorem
903 1863 162 46 partem
1017 1863 178 46 aliquas
1130 1863 81 46 qua

413 1900 171 43 stiones
538 1900 171 43 queram.
662 1900 78 43 ⁋
693 1900 140 43 Prima
787 1900 124 43 est:
864 1900 93 43 an
911 1900 187 43 charitas
1051 1900 155 43 creata
1144 1900 78 43 est

404 1941 219 34 necessaria
577 1941 94 34 ad
624 1941 188 34 salutem.
765 1941 78 34 ⁋
796 1941 188 34 Secunda:
937 1941 94 34 an
984 1941 188 34 charitas
1109 1941 110 34 infu-

414 1973 97 50 sa
462 1973 193 50 respectu
607 1973 145 50 actus
704 1973 209 50 meritorii
865 1973 258 50 efficientiam
1058 1973 161 50 obtineat

413 2015 78 40 ⁋
445 2015 172 40 Tertia:
570 2015 94 40 an
617 2015 141 40 actus
711 2015 188 40 elicitus
852 2015 78 40 a
884 2015 157 40 maiori
993 2015 157 40 gratia
1103 2015 110 40 sit
1150 2015 63 40 ma

418 2049 108 54 gis
479 2049 216 54 meritorius
649 2049 123 54 quam
726 2049 139 54 actus
819 2049 185 54 elicitus
957 2049 77 54 a
988 2049 170 54 minori:
1096 2049 139 54 supposi

414 2095 96 38 ta
462 2095 160 38 equali
574 2095 224 38 intensione
750 2095 160 38 actus.
862 2095 80 38 ⁋
894 2095 176 38 Quarta:
1022 2095 96 38 de
1054 2095 160 38 recipro-

413 2132 93 45 ca
460 2132 217 45 actiuitate
631 2132 140 45 actus
724 2132 93 45 et
770 2132 171 45 habitus
894 2132 233 45 instantanee
1065 2132 155 45 producti

403 2169 165 46 partim
518 2169 215 46 occasione
683 2169 149 46 vnius
782 2169 231 46 argumenti.
964 2169 99 46 q.
1013 2169 132 46 iii.
1079 2169 132 46 partin

407 2204 96 39 de
455 2204 160 39 habitu
567 2204 192 39 cquisito
711 2204 224 39 charitatis
887 2204 96 39 et
935 2204 128 39 eius
1015 2204 144 39 actu.
1111 2204 80 39 ⁋
1127 2204 96 39 Quin

412 2245 99 44 ta:
468 2245 85 44 an
511 2245 113 44 quis
581 2245 141 44 posset
680 2245 141 44 mereri
779 2245 155 44 gratiam
892 2245 85 44 et
935 2245 155 44 gloriam
1048 2245 85 44 in
1076 2245 141 44 instanti

451 2279 158 42 Sexta:
562 2279 95 42 an
609 2279 269 42 circunstantia
831 2279 190 42 temporis
973 2279 158 42 augeat
1069 2279 143 42 meritum

418 2322 88 39 ⁋
454 2322 211 39 Septima:
612 2322 106 39 an
665 2322 176 39 tantum
788 2322 194 39 meretur
929 2322 176 39 habens
1052 2322 159 39 actum
1141 2322 70 39 me

414 2359 179 42 ritorium
548 2359 208 42 interiorem
712 2359 164 42 tantum:
831 2359 164 42 quantum
950 2359 149 42 habens
1039 2359 179 42 exteriorem

418 2392 189 53 iunctum:
560 2392 94 53 et
607 2392 157 53 tantum
717 2392 157 53 gratie
827 2392 157 53 infuse
938 2392 205 53 acquirat.
1095 2392 79 53 ⁋
1111 2392 94 53 Dcta

417 2432 104 39 ua:
477 2432 89 39 an
521 2432 164 39 aliquis
640 2432 134 39 actus
729 2432 104 39 est
789 2432 208 39 intrinsece
952 2432 223 39 meritorius.
1131 2432 74 39 ⁋
1146 2432 74 39 No-

416 2472 113 47 na:
480 2472 97 47 an
529 2472 193 47 charitas
674 2472 113 47 sit
738 2472 274 47 diminuibilis.
963 2472 81 47 ⁋
996 2472 209 47 Propterea
1140 2472 81 47 pri

421 2510 90 47 mo
466 2510 195 47 queritur:
616 2510 90 47 an
661 2510 150 47 gratia
766 2510 150 47 creata
872 2510 105 47 sit
932 2510 165 47 viatori
1037 2510 180 47 necessaris

413 2552 94 42 ad
460 2552 187 42 salutem.
601 2552 78 42 ⁋
632 2552 234 42 Respondetur
820 2552 109 42 per
882 2552 172 42 aliquas
991 2552 219 42 conclusiones

420 2584 78 44 ⁋
451 2584 140 44 Prima
544 2584 124 44 est.
621 2584 171 44 ponenda
745 2584 109 44 est
807 2584 155 44 aliqua
916 2584 202 44 cbharitas
1055 2584 155 44 accidens

391 2626 159 58 anime
497 2626 212 58 inheres.
656 2626 88 58 ⁋
691 2626 194 58 Secunda
833 2626 229 58 cociusio.
1009 2626 141 58 deus
1080 2626 141 58 potest

1279 197 168 57 aliquem
1401 197 168 57 saluare
1523 197 92 57 de
1569 197 183 57 potentia
1706 197 183 57 absoluta
1844 197 122 57 sine
1905 197 183 57 charitate.

1279 238 74 49 ⁋
1309 238 163 49 Tertiam
1427 238 207 49 conclusio.
1590 238 104 49 non
1649 238 104 49 est
1708 238 192 49 possibile
1856 238 178 49 secundum
1974 238 104 49 legen

1283 280 110 41 dei
1346 280 110 41 iam
1409 280 173 41 positam
1535 280 173 41 aliquem
1661 280 173 41 saluari
1787 280 126 41 sine
1866 280 205 41 charitate
2007 280 79 41 in-

1274 314 145 50 fusa.
1371 314 81 50 ⁋
1403 314 145 50 Prima
1500 314 210 50 conclusio
1661 314 193 50 probatur
1806 314 242 50 auctoritate
1983 314 97 50 Apo-

1282 351 154 51 stoli.
1389 351 138 51 prime
1481 351 92 51 ad
1527 351 154 51 Corin.
1635 351 138 51 xiii.
1727 351 92 51 Si
1773 351 169 51 linguis
1896 351 169 51 hominum
2003 351 77 51 lo-

1279 395 116 42 quar
1351 395 87 42 et
1394 395 188 42 angelorum
1539 395 116 42 etc.
1611 395 130 42 Dices
1698 395 116 42 ibi.
1771 395 174 42 loquitur
1901 395 87 42 de
1930 395 159 42 charitate

1268 431 210 50 increata.
1430 431 81 50 ⁋
1462 431 113 50 hoc
1527 431 113 50 non
1591 431 113 50 est
1656 431 97 50 ad
1705 431 129 50 eius
1786 431 178 50 mentem:
1915 431 113 50 cum
1980 431 97 50 in
2012 431 81 50 fi-

1265 470 91 49 ne
1310 470 137 49 capt.
1401 470 152 49 dicat.
1508 470 137 49 manet
1599 470 137 49 fides
1690 470 121 49 spes
1765 470 91 49 et
1811 470 182 49 charitas
1947 470 121 49 tria
2008 470 76 49 hec

1273 502 149 45 Maior
1373 502 149 45 autem
1472 502 149 45 horum
1571 502 215 45 charitas.
1736 502 116 45 Non
1802 502 132 45 enim
1868 502 215 45 comparasset

1269 540 229 52 charitatem
1449 540 213 52 increatam
1612 540 115 52 cum
1678 540 131 52 alis
1760 540 180 52 duabus:
1891 540 115 52 nec
1940 540 147 52 dubiunm

1273 579 185 55 fuisset
1408 579 135 55 quin
1492 579 202 55 charitas
1643 579 202 55 increata
1795 579 118 55 sit
1862 579 168 55 maxima
1963 579 118 55 horum

1275 619 90 43 ⁋
1311 619 145 43 Item
1402 619 109 43 ad
1456 619 199 43 Romanos
1601 619 199 43 quinto.
1745 619 217 43 Charitas
1908 619 127 43 dei
1962 619 127 43 diffu

1271 653 94 49 sa
1318 653 110 49 est
1381 653 94 49 in
1429 653 189 49 cordibus
1570 653 173 49 nostris
1696 653 110 49 per
1759 653 189 49 spiritum
1901 653 173 49 sanctum
2011 653 79 49 qui

1274 692 144 50 datus
1370 692 112 50 est
1434 692 160 50 nobis.
1546 692 80 50 ⁋
1578 692 176 50 Insuper
1705 692 112 50 hoc
1769 692 144 50 patet
1865 692 96 50 de
1913 692 144 50 summa
1993 692 96 50 tri-

1265 736 169 39 nitate
1383 736 101 39 et
1434 736 135 39 fide
1519 736 237 39 catholica.
1704 736 118 39 ca.
1772 736 220 39 Damnamus.
1941 736 84 39 ⁋
1958 736 135 39 Rursus

1278 767 138 45 fides
1370 767 92 45 et
1416 767 123 45 spes
1493 767 154 45 infuse
1601 767 185 45 ponuntur
1739 767 215 45 accidentia
1908 767 200 45 distincta
2047 767 46 45 a

1271 802 277 55 spiritusancto
1498 802 114 55 per
1564 802 228 55 Magistrum:
1742 802 130 55 ergo
1824 802 81 55 e
1856 802 211 55 charitas:
2003 802 81 55 vel

1276 845 155 46 detur
1379 845 242 46 discrimen.
1569 845 86 46 ⁋
1604 845 138 46 Item
1690 845 242 46 Augustinus
1880 845 104 46 in
1932 845 155 46 libro
2018 845 69 46 de

1276 885 187 44 videndo
1412 885 136 44 deo.
1497 885 136 44 Ecce
1582 885 153 44 etiam
1684 885 204 44 charitas
1821 885 272 44 quantulacunque

1282 924 137 49 etiam
1373 924 91 49 in
1419 924 198 49 voluntate
1570 924 152 49 nostra
1677 924 213 49 consistit:
1844 924 182 49 nobisque
1965 924 122 49 conspi

1267 963 105 46 cua
1327 963 120 46 est:
1402 963 105 46 nec
1462 963 90 46 in
1508 963 120 46 loco
1583 963 180 46 videtur:
1718 963 105 46 nec
1778 963 241 46 corporalibus
1959 963 120 46 oculis

1275 997 108 47 que
1336 997 108 47 nec
1398 997 246 47 subscribitur
1598 997 123 47 visu
1675 997 108 47 nec
1736 997 139 47 tactu
1829 997 185 47 tenetur:
1967 997 108 47 nec
2013 997 62 47 au

1266 1039 136 41 ditur
1356 1039 166 41 affatu:
1477 1039 106 41 nec
1538 1039 181 41 sequitur
1673 1039 181 41 incessu:
1809 1039 151 41 quanto
1915 1039 136 41 magis
1990 1039 91 41 deus

1280 1071 125 55 ipse
1359 1071 141 55 cuius
1452 1071 109 55 hoc
1515 1071 156 55 pignus
1624 1071 94 55 in
1671 1071 141 55 nobis
1765 1071 125 55 est.
1843 1071 78 55 ⁋
1875 1071 109 55 hoc
1937 1071 125 55 idem
2000 1071 78 55 pa-

1276 1111 117 49 tet
1343 1111 101 49 in
1394 1111 201 49 Epistola
1544 1111 101 49 ad
1595 1111 251 49 Fortunatum.
1796 1111 101 49 Et
1846 1111 218 49 Oregorius
1997 1111 84 49 se-

1271 1152 147 48 cundo
1369 1152 213 48 moralium.
1532 1152 131 48 alia
1614 1152 196 48 (inquit)
1761 1152 131 48 sunt
1843 1152 131 48 dona
1908 1152 180 48 spiritus-

1279 1185 171 50 sancti:
1404 1185 124 50 sine
1481 1185 155 50 quibus
1590 1185 93 50 ad
1637 1185 140 50 vitam
1730 1185 202 50 nequaquam
1870 1185 217 50 pertingitur:

1276 1223 121 46 alia
1352 1223 152 46 quibus
1458 1223 121 46 vite
1534 1223 197 46 sanctitas
1686 1223 106 46 pro
1746 1223 167 46 aliorum
1868 1223 197 46 vtilitate
2004 1223 76 46 de-

1281 1267 197 43 claratur.
1432 1267 91 43 Et
1478 1267 197 43 sequitur.
1629 1267 212 43 Mansuetudo
1796 1267 152 43 namque
1902 1267 76 43 /
1917 1267 167 43 humilitas

1274 1300 184 50 patientia
1415 1300 71 50 /
1443 1300 127 50 fides
1528 1300 71 50 /
1556 1300 113 50 spes
1627 1300 71 50 /
1655 1300 170 50 charitas
1782 1300 71 50 /
1811 1300 113 50 dona
1881 1300 113 50 eius
1952 1300 127 50 sunt:
2023 1300 57 50 si

1270 1341 101 48 ne
1321 1341 169 48 quibus
1439 1341 101 48 ad
1490 1341 152 48 vitam
1591 1341 186 48 homines
1726 1341 203 48 pruenire
1878 1341 118 48 non
1929 1341 152 48 possunt

1271 1376 98 50 Et
1320 1376 98 50 in
1369 1376 213 50 tricesimo
1533 1376 197 50 septimo.
1680 1376 131 50 bona
1762 1376 147 50 summa
1860 1376 131 50 sunt
1942 1376 82 50 /
1958 1376 115 50 fides

1272 1415 123 50 spes
1349 1415 77 50 /
1379 1415 92 50 et
1425 1415 200 50 charitas:
1579 1415 108 50 que
1641 1415 108 50 cum
1702 1415 200 50 veraciter
1856 1415 185 50 habentur
1995 1415 92 50 in
2025 1415 62 50 ma

1275 1449 89 52 lo
1320 1449 177 52 inflecti
1453 1449 103 52 non
1512 1449 177 52 possunt.
1645 1449 74 52 ⁋
1674 1449 163 52 Secunda
1792 1449 192 52 conclusio
1925 1449 148 52 probatur

1271 1489 127 45 deus
1351 1489 159 45 potest
1462 1489 127 45 dare
1541 1489 159 45 alicui
1652 1489 191 45 spiritum
1795 1489 191 45 sanctum:
1938 1489 111 45 non
1986 1489 95 45 dan-

1274 1524 95 48 do
1322 1524 126 48 eius
1400 1524 158 48 donum.
1511 1524 95 48 et
1558 1524 142 48 talis
1652 1524 236 48 saluabitur.
1842 1524 173 48 igitur.
1968 1524 79 48 ⁋
1983 1524 95 48 Insu

1275 1564 106 51 per
1335 1564 166 51 aliquis
1456 1564 106 51 est
1516 1564 181 51 scriptus
1652 1564 90 51 in
1697 1564 136 51 libro
1788 1564 121 51 vite
1863 1564 181 51 secundum
1984 1564 90 51 pre-

1274 1607 214 42 scientiam
1438 1607 132 42 dei:
1520 1607 115 42 vel
1586 1607 181 42 eternam
1718 1607 132 42 eius
1784 1607 296 42 predestinationem

1278 1645 90 49 et
1323 1645 105 49 non
1383 1645 180 49 secundum
1517 1645 209 49 praesentem
1682 1645 209 49 iustitiam.
1847 1645 90 49 et
1891 1645 135 49 talem
1966 1645 120 49 potest

1262 1673 133 51 deus
1346 1673 116 51 sic
1412 1673 200 51 perpetuo
1562 1673 183 51 seruare
1695 1673 133 51 sine
1778 1673 233 51 charitate.
1961 1673 83 51 ⁋
1977 1673 100 51 Ter-

1275 1721 106 38 tio
1336 1721 152 38 potest
1442 1721 122 38 deus
1518 1721 152 38 creare
1624 1721 167 38 hominem
1746 1721 122 38 sine
1822 1721 198 38 charitate
1974 1721 91 38 et
2004 1721 76 38 si-

1271 1759 98 41 ne
1320 1759 163 41 culpa:
1434 1759 98 41 et
1482 1759 212 41 acceptare
1645 1759 147 41 talem
1743 1759 98 41 ad
1792 1759 147 41 vitam
1890 1759 196 41 eternam:
2020 1759 49 41 e

1272 1797 137 45 actus
1363 1797 122 45 eius
1440 1797 92 45 ad
1485 1797 183 45 premium:
1623 1797 107 45 vel
1684 1797 92 45 ei
1729 1797 183 45 conferre
1867 1797 153 45 (sicut
1958 1797 122 45 commu-

1273 1834 133 43 nius
1357 1834 183 43 putatur
1490 1834 100 43 de
1540 1834 250 43 beatitudine
1740 1834 150 43 anime
1840 1834 200 43 Christi)
1974 1834 100 43 pre-

1272 1875 120 46 mium
1347 1875 120 46 sine
1422 1875 180 46 meritis.
1557 1875 75 46 ⁋
1587 1875 165 46 Tertiam
1706 1875 195 46 conclusio
1856 1875 135 46 patet
1946 1875 105 46 per
1991 1875 90 46 Apo-

1269 1911 170 45 stolum.
1392 1911 139 45 prime
1485 1911 93 45 ad
1532 1911 155 45 Corum.
1640 1911 139 45 xiii.
1733 1911 93 45 Si
1780 1911 170 45 linguis
1904 1911 170 45 hominum
2012 1911 62 45 lo

1260 1953 143 40 quar
1349 1953 89 40 a
1385 1953 250 40 angelorum:
1581 1953 250 40 charitatem
1777 1953 160 40 autem
1884 1953 125 40 non
1937 1953 143 40 habue-

1261 1990 119 43 ro:
1329 1990 153 43 nihil
1431 1990 136 43 mihi
1515 1990 203 43 prodest.
1668 1990 85 43 ⁋
1702 1990 153 43 Item:
1804 1990 271 43 quintodecimo
2007 1990 68 43 de

1271 2021 222 43 trinitate.
1446 2021 159 43 capite
1557 2021 270 43 decimooctauo.
1779 2021 127 43 Ipsa
1858 2021 174 43 diuidit
1969 2021 111 43 inter

1272 2061 147 41 filios
1375 2061 133 41 regni
1464 2061 88 41 et
1508 2061 236 41 perditionis.
1700 2061 103 41 est
1759 2061 147 41 vestis
1862 2061 206 41 nuptialis:
2009 2061 74 41 Mat

1278 2098 122 45 thei
1354 2098 137 45 xxii.
1446 2098 122 45 sine
1522 2098 107 45 qua
1583 2098 107 45 non
1644 2098 214 45 peruenitur
1812 2098 92 45 ad
1857 2098 183 45 nuptias.
1995 2098 76 45 ⁋
2010 2098 76 45 Con

1274 2139 116 38 tra
1341 2139 166 38 primam
1457 2139 265 38 conclusionem
1672 2139 215 38 arguitur.
1837 2139 232 38 argumentis
2003 2139 66 38 Ma

1271 2177 161 41 gistri
1383 2177 112 41 que
1448 2177 225 41 introducit
1624 2177 96 41 in
1672 2177 177 41 litera:
1801 2177 161 41 quibus
1897 2177 177 41 monebatur

1274 2216 169 44 nullam
1392 2216 169 44 ponere
1510 2216 236 44 charitatem
1696 2216 202 44 creatam.
1848 2216 169 44 octauo
1966 2216 101 44 de
2000 2216 84 44 tri

1265 2254 173 44 nitate.
1391 2254 188 44 capitulo
1532 2254 188 44 septimo.
1674 2254 110 44 qui
1736 2254 188 44 proximum
1878 2254 188 44 diligit:
2003 2254 79 44 con

1270 2290 178 47 sequens
1399 2290 113 47 est
1464 2290 97 47 vt
1512 2290 145 47 ipsum
1609 2290 226 47 dilectione
1786 2290 194 47 precipua
1916 2290 161 47 diligat:

1271 2323 126 46 deus
1350 2323 141 46 autem
1444 2323 188 46 dilectio
1585 2323 126 46 est.
1664 2323 110 46 nam
1727 2323 110 46 qui
1789 2323 141 46 manet
1884 2323 94 46 in
1915 2323 157 46 dilectio

1268 2367 97 44 ne
1316 2367 145 44 indeo
1413 2367 161 44 manet.
1526 2367 161 44 octauo
1639 2367 193 44 capitulo
1784 2367 177 44 eiusdem
1913 2367 145 44 libri
1993 2367 81 44 si-

1268 2404 141 35 milem
1362 2404 157 35 smniam
1472 2404 157 35 ponit.
1582 2404 78 35 ⁋
1613 2404 110 35 Sed
1676 2404 94 35 ad
1723 2404 141 35 istas
1817 2404 251 35 auctoritates
2005 2404 63 35 et

1278 2437 112 53 siles
1352 2437 124 53 sicubi
1439 2437 187 53 inueniantur
1589 2437 149 53 dibiter:
1701 2437 100 53 quod
1763 2437 212 53 intelliguntur
1937 2437 75 53 de
1962 2437 112 53 charita

1279 2480 85 42 te
1321 2480 183 42 increata:
1462 2480 169 42 charitas
1589 2480 169 42 increata
1716 2480 99 42 est
1773 2480 141 42 speuns
1871 2480 169 42 sanctus:
1984 2480 99 42 crea-

1265 2519 98 41 ta
1314 2519 179 41 habitus
1444 2519 212 41 inclinans
1607 2519 196 41 habentem
1754 2519 98 41 in
1803 2519 147 41 actus
1884 2519 196 41 meritorios

1272 2556 67 40 ⁋
1298 2556 135 40 Contra
1393 2556 162 40 secundam
1514 2556 216 40 conclusionem
1690 2556 175 40 argnitur.
1825 2556 108 40 bene
1892 2556 162 40 sequitur
2000 2556 81 40 sor-

1278 2593 91 44 tes
1330 2593 91 44 est
1382 2593 169 44 saluatus.
1512 2593 104 44 ergo
1577 2593 91 44 est
1629 2593 91 44 deo
1681 2593 143 44 charus:
1784 2593 104 44 ergo
1849 2593 117 44 habet
1914 2593 169 44 charitatem.

1276 2632 109 53 nemo
1344 2632 109 53 enim
1412 2632 136 53 potest
1507 2632 109 53 esse
1575 2632 122 53 albus
1656 2632 109 53 sine
1724 2632 176 53 albedine.
1860 2632 109 53 ergo
1928 2632 122 53 neque
1996 2632 81 53 cha
