2420 3316
281 209 90 67 rus
333 209 103 67 sine
397 209 181 67 charitate.
539 209 65 67 ⁋
565 209 207 67 Distinguitur
733 209 116 67 primo
811 209 194 67 consequens:
966 209 90 67 vel
1004 209 65 67 cha

291 265 94 45 rus
344 265 201 45 formaliter.
505 265 80 45 et
545 265 94 45 sic
598 265 94 45 non
652 265 161 45 oportet:
773 265 94 45 vel
826 265 80 45 in
866 265 214 45 acceptatione
1027 265 40 45 d

282 302 118 42 uina:
361 302 79 42 et
400 302 92 42 sic
452 302 184 42 conceditur
597 302 184 42 potissimum
741 302 79 42 in
780 302 105 42 actu
846 302 171 42 meritorio
977 302 92 42 est
1017 302 52 42 ad

287 338 161 44 ceptatio
407 338 147 44 diuina.
514 338 94 44 Nec
568 338 94 44 est
621 338 134 44 simile
715 338 80 44 de
755 338 107 44 albo
822 338 107 44 quod
889 338 120 44 fieri
969 338 94 44 non
1009 338 67 44 po-

280 379 116 42 test
353 379 116 42 tale
426 379 116 42 sine
499 379 189 42 albedine.
644 379 73 42 ⁋
673 379 146 42 Contra
775 379 160 42 tertiam
877 379 204 42 conclusionem

290 418 213 38 argumentor.
460 418 171 38 qualibet
589 418 185 38 charitate
731 418 114 38 sine
802 418 142 38 sortes
902 418 142 38 potest
987 418 71 38 sal

277 454 131 38 uari:
365 454 116 38 ergo
437 454 145 38 sortes
539 454 145 38 potest
640 454 160 38 saluari
757 454 116 38 sine
829 454 203 38 charitate:
974 454 102 38 tenet

291 488 189 46 consequentia
444 488 118 46 nomina
527 488 71 46 et
562 488 106 46 verba
633 488 177 46 transposita
774 488 94 46 idem
833 488 177 46 significant
963 488 106 46 secundo

276 528 123 48 peri
352 528 200 48 hermenias
506 528 184 48 seruatis
645 528 277 48 proprietatibus
860 528 215 48 logicalibus:

280 563 213 42 quemadmodum
450 563 100 42 est
507 563 114 42 hic.
578 563 85 42 de
621 563 213 42 ampliatione
792 563 100 42 non
849 563 100 42 est
905 563 142 42 sermo:
991 563 85 42 quia

276 597 171 41 termini
400 597 140 41 eodem
493 597 124 41 modo
570 597 217 41 supponunt.
741 597 78 41 ⁋
772 597 171 41 Insuper
880 597 186 41 singulares

283 637 153 44 istarum
395 637 139 44 duarum
492 637 84 44 er
534 637 126 44 parte
618 637 153 44 termini
729 637 181 44 charitate
869 637 181 44 equalent.
994 637 84 44 ergo

287 671 110 42 ille
356 671 96 42 due
411 671 206 42 equiualent:
576 671 124 42 patet
658 671 192 42 ascendendo
809 671 96 42 sub
864 671 151 42 termino
960 671 110 42 chari-

285 712 105 41 tate
351 712 198 41 copulatiue:
509 712 132 41 qundam
601 712 171 41 vtrobique
733 712 224 41 distribuitur.
918 712 66 41 ⁋
944 712 79 41 Ad
971 712 105 41 primum

281 748 104 40 nego
346 748 104 40 quod
411 748 195 40 equiualeant
566 748 104 40 ille
631 748 169 40 assumpte:
761 748 117 40 prior
839 748 104 40 enim
903 748 91 40 est
955 748 117 40 vera:
1020 748 52 40 se

280 786 126 41 cunda
364 786 98 41 est
420 786 141 41 falsa:
519 786 112 41 quia
589 786 98 41 est
645 786 225 41 determinatio
828 786 155 41 accepta
941 786 126 41 vnica
1011 786 56 41 ac

288 822 147 43 ceptione
398 822 86 43 cum
447 822 86 43 suo
496 822 209 43 determinabili
668 822 74 43 in
705 822 147 43 secunda:
815 822 86 43 non
864 822 110 43 autem
938 822 74 43 in
963 822 110 43 priori.

286 860 71 40 ⁋
314 860 86 40 Ad
357 860 171 40 secundum
485 860 114 40 nego
557 860 114 40 quod
628 860 143 40 liceat
728 860 214 40 vniformiter
899 860 143 40 capere
984 860 86 40 sin-

281 895 143 49 gulares
385 895 91 49 sub
437 895 104 49 isto
503 895 143 49 termino
607 895 169 49 charitate
737 895 78 49 in
776 895 156 49 vtraque.
894 895 143 49 oportet
985 895 78 49 enim

275 931 201 43 descendere
433 931 201 43 disiunctim
590 931 86 43 in
633 931 100 43 vna
691 931 115 43 sic:
763 931 144 43 sortes
863 931 144 43 potest
949 931 115 43 saluar

287 967 112 43 sine
357 967 112 43 hac:
427 967 98 43 vel
483 967 98 43 hac
539 967 196 43 charitate:
692 967 84 43 et
734 967 98 43 sic
790 967 84 43 de
832 967 182 43 singulis.
972 967 70 43 ⁋
986 967 84 43 Ulte

288 1010 108 37 rius
355 1010 148 37 dicitur
462 1010 134 37 quando
556 1010 121 37 habes
637 1010 108 37 hanc
704 1010 148 37 modalem
812 1010 148 37 diuisam
906 1010 161 37 concessam.

274 1043 145 42 sortes
375 1043 145 42 potest
476 1043 159 42 saluari
592 1043 116 42 sine
664 1043 202 42 charitate:
823 1043 101 42 non
881 1043 130 42 habes
953 1043 116 42 conclu

280 1079 148 47 sionem
384 1079 104 47 que
443 1079 104 47 est
502 1079 163 47 modalis
620 1079 207 47 composita.
783 1079 104 47 non
842 1079 118 47 pono
901 1079 163 47 discrimen

284 1118 119 39 inter
363 1118 132 39 potest
456 1118 79 39 et
496 1118 212 39 possibiliter
668 1118 106 39 est:
734 1118 93 39 nec
787 1118 146 39 dabitur
893 1118 79 39 de
932 1118 132 39 inesse
1012 1118 66 39 per

280 1154 111 45 hanc
349 1154 139 45 sortes
446 1154 166 45 saluatur
571 1154 111 45 sine
640 1154 194 45 charitate:
793 1154 97 45 sed
848 1154 97 45 per
904 1154 139 45 plures
987 1154 83 45 sin-

281 1191 154 41 gulares
393 1191 112 41 sic:
463 1191 140 41 sortes
562 1191 168 41 saluatur
688 1191 112 41 sine
758 1191 98 41 hac
814 1191 197 41 charitate:
955 1191 112 41 sortes

286 1232 164 43 aluatur
406 1232 120 43 sine
480 1232 254 43 haccharitate:
689 1232 120 43 modo
764 1232 179 43 quelibet
899 1232 164 43 illarum
1003 1232 60 43 es

278 1263 196 47 possibilis.
435 1263 118 47 Nulla
513 1263 118 47 autem
592 1263 92 47 est
644 1263 183 47 apparentia
788 1263 131 47 talium
867 1263 196 47 consequentia-

280 1304 109 45 rum:
349 1304 177 45 possibile
485 1304 96 45 est
540 1304 136 45 sortem
635 1304 150 45 saluari
744 1304 109 45 sine
813 1304 96 45 hac
867 1304 191 45 charitate:
1004 1304 68 45 pos

278 1339 131 42 sibile
369 1339 91 42 est
422 1339 131 42 sortem
513 1339 144 42 saluari
618 1339 105 42 sine
683 1339 105 42 illa
748 1339 183 42 charitate:
892 1339 78 42 et
931 1339 91 42 sic
984 1339 78 42 de
1010 1339 65 42 sin

281 1383 125 41 gulis:
369 1383 100 41 ergo
432 1383 163 41 possibile
557 1383 88 41 est
607 1383 125 41 sortem
695 1383 138 41 saluari
795 1383 100 41 sine
858 1383 175 41 charitate:
983 1383 88 41 patet

276 1414 79 45 ex
315 1414 157 45 artibus.
433 1414 92 45 Non
485 1414 92 45 sto
538 1414 79 45 in
577 1414 157 45 talibus:
695 1414 131 45 nullam
786 1414 183 45 charitatem
930 1414 131 45 habens
1009 1414 52 45 po

280 1450 115 41 test
351 1450 158 41 mereri:
466 1450 144 41 nullam
567 1450 201 41 charitatem
725 1450 158 41 habendo
839 1450 100 41 tum
897 1450 129 41 potes
969 1450 100 41 mere-

287 1489 89 46 ri:
338 1489 115 46 omnia
415 1489 102 46 illa
478 1489 102 46 sunt
542 1489 127 46 peruia
631 1489 204 46 intelligendi
797 1489 153 46 logicam:
911 1489 102 46 siue
962 1489 102 46 expona

288 1523 82 40 tur
335 1523 82 40 per
382 1523 82 40 dum
429 1523 59 40 /
453 1523 71 40 si
488 1523 59 40 /
512 1523 82 40 vel
559 1523 106 40 quia:
629 1523 106 40 nulla
700 1523 82 40 est
747 1523 188 40 difficultas.
899 1523 59 40 ⁋
923 1523 129 40 Secundo
1005 1523 59 40 ar-

281 1564 134 40 guitur
375 1564 134 40 contra
469 1564 134 40 eandem
563 1564 228 40 conclusionem.
751 1564 148 40 aliquis
858 1564 121 40 actus
939 1564 94 40 est
979 1564 94 40 meri-

286 1600 136 38 torius
382 1600 164 38 elicitus
504 1600 82 38 in
545 1600 150 38 peccato
654 1600 164 38 mortali:
777 1600 109 38 ergo
845 1600 164 38 charitas
968 1600 95 38 non
1009 1600 55 38 es

272 1636 147 41 necessaria
387 1636 63 41 ad
418 1636 126 41 salutem:
513 1636 168 41 consequentia
649 1636 115 41 claret:
733 1636 63 41 et
764 1636 126 41 probatur
859 1636 157 41 antecedens:
974 1636 84 41 elicia

277 1673 136 43 sortes
373 1673 205 43 dilectionem
537 1673 150 43 proximi
646 1673 82 43 in
687 1673 150 43 peccato
796 1673 164 43 mortali:
905 1673 164 43 detestetur

283 1710 113 40 suum
354 1710 170 40 peccatum
481 1710 156 40 mortale
595 1710 213 40 continuando
765 1710 113 40 suum
836 1710 128 40 actum
907 1710 156 40 dilectio-

277 1746 101 42 nis
334 1746 158 42 proximi
449 1746 115 42 tunc
521 1746 115 42 sic:
593 1746 101 42 pao
650 1746 115 42 isto
722 1746 115 42 actu
794 1746 158 42 dabitur
909 1746 115 42 vita
966 1746 101 42 eter-

274 1783 98 44 na:
330 1783 98 44 hic
386 1783 126 44 actus
470 1783 98 44 est
527 1783 168 44 elicitus
653 1783 84 44 in
695 1783 154 44 peccato
807 1783 168 44 mortali.
934 1783 112 44 ergo
990 1783 70 44 pro

274 1822 120 41 actu
349 1822 165 41 elicito
469 1822 90 41 in
514 1822 165 41 peccato
634 1822 165 41 mortali
755 1822 165 41 dabitur
875 1822 120 41 vita
935 1822 135 41 eterna.

278 1857 78 43 ⁋
310 1857 171 43 Insuper
434 1857 109 43 nec
496 1857 109 43 hec
558 1857 186 43 charitas
698 1857 109 43 est
760 1857 217 43 necessaria
930 1857 93 43 ad
961 1857 109 43 salu-

284 1895 95 44 tem
339 1895 95 44 nec
393 1895 122 44 illa:
475 1895 82 44 et
516 1895 95 44 sic
570 1895 82 44 de
611 1895 177 44 singulis.
747 1895 109 44 ergo
815 1895 122 44 nulla
896 1895 163 44 charitas
1005 1895 68 44 est

273 1930 207 46 necessaria
436 1930 89 46 ad
480 1930 178 46 salutem.
614 1930 207 46 antecedens
777 1930 133 46 patet
866 1930 104 46 per
910 1930 148 46 ascensum

293 1967 157 47 uacumque
410 1967 170 47 charitate
541 1967 104 47 data
606 1967 104 47 sine
671 1967 104 47 illa
737 1967 131 47 potest
828 1967 104 47 esse
893 1967 117 47 sorti
959 1967 104 47 salus:

272 2008 183 44 igitur.
406 2008 83 44 ⁋
439 2008 100 44 Ad
489 2008 167 44 primum
606 2008 133 44 pono
689 2008 300 44 propositiones.
940 2008 83 44 ⁋
956 2008 117 44 Prima

274 2044 99 37 est
330 2044 99 37 pro
387 2044 184 37 actufacto
529 2044 85 37 in
571 2044 156 37 peccato
685 2044 156 37 mortali
798 2044 156 37 dabitur
911 2044 113 37 vita
968 2044 99 37 eter-

274 2077 107 40 na.
335 2077 137 40 Patet
426 2077 107 40 per
487 2077 229 40 argumentum:
670 2077 107 40 cum
731 2077 107 40 pro
792 2077 91 40 eo
837 2077 213 40 continuato
990 2077 76 40 tem

288 2117 108 40 pore
355 2117 188 40 infusionis
503 2117 134 40 gratie
597 2117 148 40 dabitir
704 2117 108 40 vita
772 2117 134 40 eterna
866 2117 81 40 et
906 2117 108 40 ille
960 2117 94 40 actus

274 2150 110 47 fuit
343 2150 166 47 elicitus
467 2150 83 47 in
509 2150 152 47 peccato
619 2150 166 47 mortali.
744 2150 152 47 igitur.
854 2150 69 47 ⁋
882 2150 152 47 Secunda
978 2150 83 47 pro-

273 2192 165 44 positio
393 2192 165 44 aliquis
513 2192 105 44 est
573 2192 135 44 actus
663 2192 210 44 meritorius
827 2192 120 44 vite
902 2192 150 44 eterne
992 2192 75 44 fa-

281 2231 115 40 ctus
352 2231 86 40 in
395 2231 158 40 peccato
510 2231 158 40 mortali
624 2231 129 40 patet
710 2231 86 40 ex
753 2231 158 40 priori:
868 2231 86 40 et
911 2231 86 40 ex
939 2231 115 40 amplia

268 2262 133 50 tione
357 2262 207 50 participii
520 2262 163 50 factus.
638 2262 74 50 ⁋
668 2262 148 50 Tertia
771 2262 222 50 propositio:
934 2262 133 50 nunquam

277 2299 105 45 pro
337 2299 120 45 actu
412 2299 165 45 elicito
532 2299 90 45 in
577 2299 270 45 peccatomortali
803 2299 135 45 datur
893 2299 150 45 gratia
983 2299 75 45 per

279 2337 137 43 talem
370 2337 228 43 electionem:
553 2337 91 43 et
598 2337 122 43 illo
674 2337 167 43 tempore
796 2337 107 43 quo
857 2337 137 43 actus
948 2337 107 43 est
994 2337 76 43 cum

272 2375 179 42 mortali
402 2375 179 42 peccato
531 2375 146 42 actum
629 2375 162 42 habens
742 2375 114 42 non
807 2375 179 42 meretur
921 2375 146 42 gratiam

273 2413 104 41 nec
332 2413 177 41 gloriam:
465 2413 118 41 bene
539 2413 133 41 tamen
628 2413 104 41 pro
687 2413 118 41 alio
761 2413 177 41 tempore:
894 2413 89 41 et
939 2413 104 41 hoc
983 2413 74 41 to-

268 2449 99 40 tum
325 2449 199 40 consurgit:
481 2449 85 40 eo
523 2449 114 40 quod
594 2449 114 40 idem
666 2449 128 40 actus
751 2449 142 40 nunero
850 2449 99 40 qui
907 2449 99 40 est
950 2449 99 40 bonu-

281 2488 183 43 moraliter
422 2488 169 43 elicitus
548 2488 98 43 cum
604 2488 155 43 mortali
717 2488 211 43 continuatus
885 2488 141 43 libere
970 2488 84 43 posi

273 2521 148 41 instans
380 2521 189 41 infusionis
529 2521 135 41 gratie
623 2521 148 41 incipit
731 2521 108 41 esse
799 2521 189 41 meritorius
947 2521 81 41 in
974 2521 81 41 illo

275 2559 167 43 instanti
400 2559 84 43 et
442 2559 111 43 post
512 2559 125 43 illud
595 2559 153 43 instans
707 2559 111 43 erit
776 2559 209 43 meritorius.
944 2559 70 43 ⁋
971 2559 84 43 Ad
999 2559 56 43 se

273 2596 162 56 cundum
386 2596 179 56 dicitur
516 2596 114 56 per
581 2596 292 56 propositiones.
825 2596 81 56 ⁋
857 2596 146 56 Prima
938 2596 114 56 nulla

269 2631 173 63 charitas
398 2631 101 63 est
456 2631 202 63 necessaria
614 2631 86 63 ad
658 2631 158 63 salutem
773 2631 86 63 de
816 2631 115 63 lege
888 2631 101 63 iam
931 2631 130 63 posita:

1125 211 140 62 patet
1218 211 109 62 per
1280 211 233 62 argumentum.
1466 211 78 62 ⁋
1497 211 171 62 Secunda
1621 211 217 62 propositio
1776 211 140 62 necesse

1132 264 95 43 est
1187 264 136 43 habere
1282 264 204 43 charitatem:
1445 264 82 43 si
1486 264 136 43 sortes
1581 264 136 43 debeat
1676 264 149 43 saluari
1771 264 136 43 secundum

1129 300 131 44 legem
1217 300 87 44 vt
1260 300 160 44 necesse
1376 300 131 44 cadat
1463 300 87 44 in
1507 300 131 44 totam
1594 300 261 44 conditionalem.
1811 300 73 44 ⁋
1826 300 87 44 Ter-

1127 337 94 44 tio
1180 337 175 44 arguitur:
1315 337 148 44 aliquis
1423 337 94 44 est
1477 337 135 44 charus
1572 337 94 44 deo
1626 337 108 44 sine
1693 337 189 44 charitate:
1828 337 81 44 quod

1136 374 139 47 patet:
1234 374 167 47 proferat
1359 374 167 47 sacerdos
1484 374 97 47 ego
1540 374 84 47 te
1582 374 167 47 baptizo.
1707 374 111 47 etc.
1777 374 125 47 super
1846 374 70 47 vno

1127 414 151 43 paruulo
1237 414 96 43 qui
1292 414 82 43 in
1333 414 123 43 primo
1415 414 164 43 instanti
1538 414 96 43 non
1593 414 110 43 esse
1662 414 164 43 verborum
1771 414 151 43 moriatur.

1120 448 163 41 Arguitur
1243 448 95 41 sic
1297 448 122 41 talis
1379 448 204 41 saluabitur.
1542 448 109 41 ergo
1610 448 95 41 est
1664 448 95 41 deo
1719 448 136 41 charus
1800 448 109 41 secun-

1132 484 107 48 dum
1193 484 153 48 legem:
1300 484 92 48 et
1346 484 138 48 tamen
1438 484 107 48 non
1499 484 153 48 habuit
1606 484 214 48 charitatem
1775 484 92 48 in
1805 484 123 48 aliquo

1128 523 175 46 instanti
1260 523 117 46 vite
1333 523 117 46 sue.
1406 523 73 46 ⁋
1435 523 160 46 Insuper
1551 523 160 46 ponatur
1668 523 117 46 quod
1741 523 117 46 deus
1799 523 117 46 preci-

1136 559 111 39 piat
1205 559 124 39 sorti
1288 559 166 39 diligere
1413 559 97 39 eum
1468 559 111 39 ante
1537 559 69 39 a
1565 559 152 39 instans
1675 559 221 39 terminatiuum
1841 559 69 39 ho-

1126 593 84 50 re
1168 593 140 50 future
1266 593 154 50 omittat
1379 593 154 50 sortes:
1491 593 84 50 et
1533 593 197 50 successiue
1687 593 126 50 cadat
1772 593 84 50 in
1800 593 112 50 furiam

1129 636 98 37 vel
1185 636 223 37 temulentiam:
1366 636 98 37 iam
1422 636 139 37 sortes
1520 636 98 37 est
1575 636 84 37 in
1617 636 153 37 peccato
1729 636 153 37 mortali
1826 636 84 37 ante

1121 673 65 46 a
1147 673 156 46 instans:
1264 673 143 46 tenendo
1367 673 143 46 alteram
1471 673 182 46 solutionum
1614 673 91 46 in.
1666 673 104 46 xvi.
1730 673 91 46 di.
1782 673 130 46 quarti
1860 673 52 46 et

1119 708 138 47 adhuc
1211 708 107 47 est
1272 708 92 47 in
1318 708 168 47 gratia.
1440 708 77 47 ⁋
1471 708 184 47 Preterea
1609 708 123 47 idem
1685 708 138 47 actus
1777 708 107 47 est
1823 708 92 47 meri

1127 746 138 42 torius
1224 746 83 42 et
1266 746 235 42 demeritorius.
1459 746 125 42 patet
1542 746 83 42 de
1584 746 111 42 actu
1653 746 97 42 quo
1708 746 111 42 quis
1778 746 125 42 facit
1847 746 69 42 ali

1138 781 101 45 uid
1195 781 159 45 propter
1311 781 115 45 deum
1383 781 86 45 et
1426 781 144 45 inanem
1527 781 159 45 gloriam
1642 781 187 45 venialem:
1786 781 101 45 qui
1830 781 86 45 duo-

1126 818 99 46 bus
1182 818 155 46 actibus
1295 818 198 46 equiualet:
1450 818 141 46 quorum
1549 818 127 46 alter
1634 818 99 46 est
1690 818 141 46 bonus.
1789 818 113 46 ergo
1845 818 71 46 sal

1118 855 105 41 tem
1178 855 120 41 iste
1253 855 105 41 est
1313 855 150 41 bonus.
1418 855 75 41 ⁋
1448 855 165 41 Rursus:
1567 855 165 41 aliquis
1687 855 135 41 simul
1777 855 90 41 et
1807 855 105 41 semel

1128 895 164 41 meretur
1247 895 90 41 et
1292 895 209 41 demcretur:
1456 895 104 41 nec
1516 895 164 41 possunt
1635 895 119 41 dari
1710 895 164 41 diuersi
1815 895 104 41 actus

1133 927 82 43 ad
1174 927 95 43 hoc
1229 927 190 43 saluandum.
1378 927 109 43 ergo
1446 927 95 43 per
1501 927 136 43 eundem
1596 927 136 43 actum.
1691 927 177 43 assumptum
1813 927 109 43 patet.

1131 964 182 45 precipiat
1271 964 112 45 deus
1341 964 126 45 sorti
1425 964 126 45 nolle
1509 964 140 45 mereri
1608 964 112 45 toto
1678 964 112 45 isto
1748 964 98 45 die
1804 964 98 45 vel
1846 964 70 45 ho-

1114 1001 83 48 ra
1156 1001 139 48 sortes
1253 1001 97 48 non
1309 1001 139 48 potest
1406 1001 125 48 illud
1489 1001 181 48 preceptum
1628 1001 195 48 transgredi
1781 1001 125 48 nihil
1850 1001 56 48 fa

1118 1044 155 41 ciendo:
1231 1044 113 41 quia
1301 1044 169 41 sequitur
1428 1044 141 41 sortes
1527 1044 127 41 nihil
1611 1044 141 41 facit.
1710 1044 113 41 ergo
1780 1044 99 41 non
1822 1044 85 41 mere

1120 1080 101 39 tur
1177 1080 116 39 actu
1250 1080 174 39 elicito.
1380 1080 101 39 Nec
1438 1080 145 39 potest
1539 1080 188 39 preceptum
1684 1080 203 39 transgredi
1829 1080 87 39 actu

1123 1114 204 41 demeritorio:
1289 1114 102 41 quia
1352 1114 76 41 si
1390 1114 89 41 sic
1441 1114 89 41 sit
1492 1114 89 41 ita
1543 1114 102 41 quod
1607 1114 89 41 non
1658 1114 127 41 habeat
1747 1114 114 41 actum
1810 1114 102 41 elici-

1120 1149 97 46 tum
1176 1149 111 46 nisi
1245 1149 125 46 illum
1329 1149 111 46 quem
1398 1149 125 46 ponit
1481 1149 208 46 aduersarius
1648 1149 111 46 esse
1704 1149 208 46 demeritorium.

1129 1188 84 39 Si
1171 1188 112 39 ille
1241 1188 196 39 conceditur
1395 1188 126 39 simul
1479 1188 112 39 esse
1548 1188 210 39 meritorius:
1716 1188 154 39 habetur
1814 1188 98 39 propo

1129 1224 146 41 situm.
1231 1224 87 41 Si
1275 1224 117 41 non:
1348 1224 117 41 tunc
1421 1224 102 41 non
1479 1224 160 41 meretur
1596 1224 233 41 actuelicito.
1785 1224 117 41 ergo
1843 1224 73 41 non

1120 1265 235 42 transgreditur
1313 1265 179 42 preceptum
1451 1265 138 42 illud.
1548 1265 97 42 nec
1603 1265 138 42 potest
1700 1265 110 42 actu
1755 1265 152 42 meritorio

1121 1304 106 45 pari
1187 1304 158 45 ratione:
1306 1304 92 45 nec
1358 1304 106 45 actu
1424 1304 224 45 indifferenti.
1609 1304 106 45 ergo
1675 1304 92 45 vel
1728 1304 119 45 nullo
1807 1304 106 45 actu
1860 1304 53 45 po

1124 1337 112 42 test
1194 1337 126 42 illud
1278 1337 182 42 preceptum
1417 1337 209 42 transgredi:
1585 1337 98 42 vel
1641 1337 112 42 actu
1711 1337 182 42 meritorio
1836 1337 70 42 so-

1125 1371 121 44 lum.
1201 1371 76 44 ⁋
1231 1371 106 44 Sed
1292 1371 136 44 dices
1383 1371 152 44 sortes
1489 1371 152 44 potest
1595 1371 212 44 transgredi
1746 1371 167 44 preceptum

1120 1414 126 36 datum
1204 1414 126 36 licet
1288 1414 98 36 non
1344 1414 168 36 mereatur
1470 1414 112 36 actu
1540 1414 168 36 elicito:
1666 1414 168 36 sufficit
1792 1414 98 36 eim
1848 1414 84 36 ad

1122 1443 247 43 transgressionem
1330 1443 104 43 quod
1395 1443 130 43 habeat
1486 1443 182 43 voluntatem
1630 1443 91 43 non
1682 1443 156 43 implendi
1799 1443 104 43 quod
1851 1443 65 43 si-

1122 1482 76 45 bi
1160 1482 189 45 precipitur:
1311 1482 88 45 vel
1362 1482 151 45 faciendi
1475 1482 101 45 sibi
1538 1482 176 45 inhibitum:
1677 1482 76 45 vt
1715 1482 126 45 volens
1791 1482 113 45 occide-

1123 1521 83 42 re
1165 1521 97 42 est
1220 1521 222 42 transgressor
1401 1521 167 42 precepti
1526 1521 83 42 de
1568 1521 195 42 homicidio:
1721 1521 83 42 et
1762 1521 125 42 tamen
1832 1521 83 42 vel-

1123 1557 83 44 le
1165 1557 166 44 occidere
1289 1557 97 44 non
1345 1557 111 44 pius
1414 1557 97 44 est
1470 1557 166 44 occidere
1594 1557 111 44 quam
1664 1557 125 44 velle
1747 1557 139 44 mereri
1830 1557 83 44 actu

1114 1587 167 49 elicito
1235 1587 182 49 scienter
1371 1587 152 49 contra
1478 1587 197 49 preceptum
1629 1587 106 49 sit
1690 1587 167 49 mereri.
1811 1587 76 49 ⁋
1826 1587 91 49 Con-

1120 1625 113 47 tra:
1191 1625 155 47 ponatur
1304 1625 113 47 quod
1374 1625 127 47 nihil
1459 1625 85 47 ei
1501 1625 184 47 imputetur
1643 1625 85 47 ad
1671 1625 240 47 transgressionem

1126 1668 145 45 illius
1228 1668 174 45 precepti
1359 1668 116 45 nisi
1431 1668 131 45 actus
1518 1668 203 45 meritorius
1678 1668 189 45 elicitus.
1823 1668 73 45 ⁋
1852 1668 87 45 Ad

1124 1708 155 43 tertium
1237 1708 183 43 responsum
1378 1708 99 43 est
1434 1708 85 43 in
1476 1708 99 43 sua
1533 1708 155 43 materia
1645 1708 141 43 alibi.
1744 1708 70 43 ⁋
1772 1708 85 43 Ad
1814 1708 127 43 aliud

1116 1745 148 40 dictum
1220 1745 104 40 est
1279 1745 89 40 in
1323 1745 178 40 secunda.
1456 1745 89 40 q.
1501 1745 251 40 decimeseptime
1693 1745 222 40 distinctionis

1128 1776 149 49 quarti.
1237 1776 68 49 ⁋
1264 1776 81 49 Ad
1305 1776 122 49 aliud
1386 1776 149 49 dicitur
1495 1776 109 49 quod
1563 1776 122 49 talis
1644 1776 122 49 actus
1726 1776 95 49 est
1780 1776 122 49 solum
1848 1776 68 49 de-

1125 1813 211 48 meritorius
1290 1813 105 48 nec
1351 1813 150 48 duobus
1456 1813 165 48 actibus
1576 1813 105 48 (vt
1636 1813 150 48 dictum
1742 1813 120 48 est)
1802 1813 105 48 equi-

1125 1858 153 38 ualet.
1232 1858 76 38 ⁋
1262 1858 92 38 Ad
1308 1858 138 38 aliud
1400 1858 138 38 inter
1491 1858 199 38 arguendum
1644 1858 244 38 sufficienter
1828 1858 76 38 di-

1115 1893 110 39 ctum
1184 1893 96 39 est
1239 1893 82 39 ad
1280 1893 165 39 replicam
1403 1893 123 39 vsque
1486 1893 82 39 in
1527 1893 123 39 calce
1609 1893 165 39 positam.
1732 1893 82 39 et
1760 1893 137 39 vlterius

1123 1925 154 47 dicitur
1235 1925 112 47 quod
1305 1925 126 47 illud
1389 1925 98 47 non
1445 1925 98 47 est
1501 1925 210 47 rationabile
1668 1925 112 47 quod
1724 1925 182 47 precipitur.

1138 1963 77 50 ⁋
1168 1963 215 50 Dubitatur:
1337 1963 92 50 an
1383 1963 184 50 charitas
1521 1963 215 50 infundatur
1689 1963 184 50 secundum
1812 1963 92 50 quod

1123 1999 121 45 homo
1198 1999 181 45 meretur:
1334 1999 90 45 an
1379 1999 90 45 in
1424 1999 181 45 instanti
1560 1999 211 45 terminante
1726 1999 151 45 actuns
1832 1999 75 45 ⁋
1847 1999 60 45 Re

1120 2040 199 45 spondetur:
1276 2040 113 45 quod
1347 2040 113 45 deus
1418 2040 142 45 potest
1517 2040 184 45 infundere
1659 2040 170 45 secundum
1787 2040 113 45 quod
1843 2040 57 45 ei

1118 2079 141 44 placet:
1221 2079 90 44 sed
1272 2079 77 44 de
1310 2079 102 44 lege
1374 2079 154 44 conforme
1489 2079 141 44 rationi
1592 2079 154 44 videtur:
1707 2079 102 44 quod
1771 2079 102 44 deus
1822 2079 90 44 creet

1116 2120 140 39 gratiam
1218 2120 153 39 secundum
1333 2120 102 39 quod
1397 2120 102 39 homo
1461 2120 153 39 meretur:
1575 2120 89 39 sim
1626 2120 166 39 instanti:
1754 2120 77 39 in
1792 2120 102 39 illo
1843 2120 64 39 in-

1118 2148 134 47 rundit
1212 2148 161 47 gratiam.
1333 2148 81 47 si
1373 2148 202 47 successiue:
1534 2148 215 47 partibiliter
1709 2148 121 47 creat
1776 2148 121 47 gratiam

1116 2186 121 42 Ratio
1196 2186 107 42 est:
1263 2186 107 42 quia
1330 2186 161 42 charitas
1451 2186 175 42 concurrit
1586 2186 81 42 ad
1626 2186 121 42 actum
1707 2186 201 42 meritorium:
1854 2186 54 42 et

1122 2222 99 44 deus
1184 2222 87 44 dat
1233 2222 99 44 viro
1295 2222 99 44 suum
1358 2222 149 44 auxilium
1469 2222 75 44 vt
1507 2222 149 44 mereatur
1618 2222 149 44 secundum
1730 2222 99 44 quod
1792 2222 99 44 ipse
1842 2222 62 44 ha-

1121 2263 99 43 bet
1177 2263 127 43 bonum
1262 2263 141 43 actum.
1361 2263 71 43 ⁋
1389 2263 141 43 Aliqui
1488 2263 141 43 dicunt
1587 2263 113 43 quod
1657 2263 99 43 pro
1714 2263 113 43 actu
1770 2263 127 43 remisso

1117 2298 100 45 non
1174 2298 129 45 datur
1260 2298 143 45 gratia
1360 2298 143 45 quibus
1460 2298 100 45 non
1518 2298 186 45 credimus.
1661 2298 86 45 Et
1704 2298 172 45 arguitur
1818 2298 86 45 quod

1110 2334 101 45 sic:
1173 2334 88 45 vel
1224 2334 176 45 requiritur
1363 2334 101 45 quod
1426 2334 113 45 actus
1501 2334 88 45 sit
1552 2334 151 45 alicuius
1665 2334 113 45 certe
1728 2334 164 45 intensionis

1121 2370 83 46 ad
1163 2370 97 46 hoc
1218 2370 83 46 vt
1260 2370 139 46 gratia
1357 2370 208 46 infundatur:
1523 2370 83 46 et
1565 2370 125 46 quero
1648 2370 166 46 quanteus
1773 2370 83 46 et
1801 2370 97 46 dice-

1115 2411 82 41 re
1156 2411 151 41 nescis.
1266 2411 165 41 sequitur
1390 2411 110 41 ergo
1458 2411 110 41 quod
1527 2411 178 41 quecumque
1664 2411 165 41 intensio
1774 2411 123 41 gradua-

1109 2445 105 48 lis
1169 2445 180 48 sufficit
1304 2445 90 48 ad
1350 2445 150 48 gratie
1455 2445 226 48 infusionem.
1635 2445 75 48 ⁋
1665 2445 105 48 Sed
1726 2445 150 48 contra
1816 2445 75 48 hoc

1116 2481 217 46 argumentor.
1289 2481 232 46 Apocalypsis.
1477 2481 116 46 iii.
1550 2481 116 46 Scio
1622 2481 101 46 ego
1680 2481 188 46 operatua:
1810 2481 87 46 quia

1110 2527 119 41 neque
1189 2527 159 41 frigidus
1308 2527 79 41 es
1348 2527 119 41 neque
1428 2527 159 41 calidus:
1547 2527 132 41 vtinam
1639 2527 159 41 frigidus
1759 2527 119 41 esses
1825 2527 66 41 aut

1119 2557 158 42 calidus:
1238 2557 92 42 sed
1290 2557 106 42 quia
1357 2557 145 42 tepidus
1462 2557 79 42 es
1502 2557 106 42 etc.
1568 2557 158 42 incipiam
1687 2557 79 42 te
1726 2557 145 42 euomere
1819 2557 79 42 etc.

1115 2590 67 44 ⁋
1141 2590 147 44 Insuper
1248 2590 147 44 absonum
1355 2590 147 44 videtur
1462 2590 107 44 quod
1529 2590 107 44 deus
1595 2590 160 44 expectet
1715 2590 174 44 concursum
1836 2590 53 44 vo

1121 2629 160 55 luntatis
1241 2629 146 55 creando
1347 2629 160 55 gratiam.
1467 2629 67 55 ⁋
1494 2629 213 55 Respondetur:
1667 2629 107 55 quod
1733 2629 107 55 illa
1786 2629 107 55 aucto
