2343 3295
441 190 169 65 sufficit:
571 190 143 65 quoniam
675 190 104 65 ipsa
740 190 130 65 gratia
831 190 117 65 datur
908 190 130 65 proter
999 190 117 65 actus
1077 190 182 65 voluntarie
1207 190 39 65 a

450 250 145 42 nobis
546 250 241 42 benefactos:
739 250 96 42 et
788 250 96 42 si
836 250 177 42 habitus
965 250 193 42 virtutum
1093 250 161 42 moralium

453 291 216 40 crearentur
623 291 77 40 a
654 291 124 40 solo
731 291 108 40 deo
793 291 108 40 non
855 291 139 40 debes
947 291 155 40 dicere
1040 291 201 40 continentem

456 322 125 47 plus
534 322 156 47 mereri
644 322 125 47 quam
722 322 250 47 temperantem.
925 322 203 47 Propterea
1081 322 156 47 primum
1175 322 62 47 no

459 364 111 44 bis
523 364 174 44 videtur
649 364 285 44 rationabilius.
887 364 79 44 ⁋
918 364 111 44 Sed
982 364 158 44 contra
1093 364 111 44 hoc
1140 364 95 44 argu

450 402 146 39 mentor.
556 402 159 39 sequitur
675 402 106 39 quod
741 402 132 39 habens
834 402 132 39 gratia
926 402 119 39 datam
1006 402 106 39 sine
1072 402 146 39 meritis
1165 402 66 39 min

448 439 199 43 mereretur
601 439 123 43 quam
677 439 168 43 gratiam
800 439 153 43 habens
907 439 92 43 ex
953 439 184 43 meritis.
1091 439 77 43 ⁋
1106 439 138 43 Insuper

446 475 125 39 male
524 475 140 39 natus
618 475 94 39 et
665 475 156 39 habens
774 475 140 39 tarda
868 475 203 39 naturalia
1024 475 125 39 pius
1086 475 156 39 merereur

453 513 169 39 continens
583 513 65 39 a
609 513 117 39 vicio
687 513 78 39 ad
726 513 104 39 quod
791 513 91 39 est
843 513 182 39 inclinatus
987 513 65 39 /
1013 513 104 39 quam
1078 513 117 39 benem
1143 513 104 39 natus:

464 548 82 43 et
505 548 123 43 tamen
588 548 96 43 est
642 548 123 43 eadem
725 548 205 43 difficultas
889 548 82 43 ex
930 548 123 43 parte
1012 548 164 43 obiecti.
1122 548 123 43 igitur.

457 584 71 40 ⁋
485 584 85 40 Ad
528 584 142 40 primum
627 584 99 40 (si
683 584 99 40 ita
740 584 142 40 esset)
839 584 198 40 conceditur
995 584 212 40 corollarie.
1165 584 85 40 de
1193 584 57 40 pu

455 621 95 39 ris
510 621 191 39 hominibus:
660 621 82 39 de
701 621 150 39 Christo
810 621 164 39 secundum
932 621 123 39 legem
1014 621 95 39 non
1069 621 164 39 oportet:
1178 621 68 39 da-

448 660 86 40 to
491 660 114 40 quod
562 660 157 40 gratiam
676 660 86 40 et
719 660 200 40 beatitatem
876 660 143 40 gratis
976 660 157 40 habeat.
1090 660 114 40 quia
1147 660 100 40 acce-

444 698 121 42 ptat
519 698 136 42 actum
610 698 226 42 specialiter
791 698 136 42 sicut
881 698 136 42 vult.
972 698 75 42 ⁋
1002 698 90 42 Ad
1047 698 136 42 aliud
1122 698 121 42 conce-

451 732 83 50 do
493 732 110 50 quod
561 732 110 50 male
630 732 124 50 natus
713 732 110 50 pius
782 732 151 50 meretur
892 732 110 50 quam
961 732 110 50 bene
1030 732 138 50 natus:
1126 732 96 50 cum
1167 732 83 50 dif-

453 768 162 43 ficultas
574 768 94 43 non
628 768 189 43 acquiratur
776 768 81 43 ab
817 768 108 43 eius
884 768 135 43 vitio:
979 768 94 43 sed
1033 768 94 43 vel
1087 768 94 43 est
1127 768 108 43 vitiun

442 804 153 49 gentile
553 804 97 49 vel
609 804 83 49 ab
651 804 195 49 influentia
804 804 111 49 celi
873 804 97 49 vel
929 804 153 49 aliunde
1040 804 111 49 sine
1110 804 111 49 eius
1166 804 83 49 cul-

453 848 96 39 pa
501 848 111 39 hoc
565 848 207 39 prouenit.
724 848 80 39 ⁋
756 848 96 39 Si
803 848 143 39 ponas
899 848 127 39 male
978 848 223 39 habituatum
1138 848 111 39 peni-

448 884 110 42 tere
517 884 82 42 de
558 884 96 42 sua
613 884 110 42 feda
682 884 110 42 vita
750 884 69 42 /
778 884 137 42 quires
874 884 82 42 an
915 884 110 42 pius
983 884 165 42 mereatur
1107 884 110 42 quam
1162 884 82 42 bene

446 919 194 44 habituatus:
601 919 78 44 Et
640 919 142 44 videtur
744 919 103 44 quod
808 919 103 44 sic.
873 919 116 44 sicut
950 919 78 44 de
989 919 116 44 ebrio
1067 919 103 44 post
1119 919 116 44 penitem

456 955 120 45 tiam
531 955 105 45 qui
591 955 165 45 tempore
711 955 210 45 ebrietatis
877 955 105 45 non
937 955 165 45 peccat:
1057 955 120 45 ergo
1132 955 105 45 hic
1177 955 60 45 ha

444 989 119 47 bens
518 989 134 47 malos
608 989 178 47 habitus:
741 989 89 47 et
786 989 178 47 penitens
920 989 149 47 actuum
1024 989 104 47 per
1083 989 119 47 quos
1143 989 104 47 illos

452 1028 200 39 acquisiuit
609 1028 71 39 /
638 1028 143 39 exiens
738 1028 86 39 in
781 1028 129 39 actus
866 1028 186 39 oppositos
1009 1028 100 39 suo
1066 1028 157 39 habitui
1167 1028 71 39 eo-

451 1064 99 46 dem
507 1064 113 46 modo
578 1064 85 46 se
621 1064 156 46 habebit
734 1064 85 46 ad
777 1064 142 46 mereri
876 1064 85 46 ac
918 1064 85 46 si
961 1064 127 46 illam
1032 1064 212 46 inclinationem

455 1103 68 45 a
483 1103 109 45 celo
551 1103 204 45 accepisset.
714 1103 68 45 ⁋
742 1103 109 45 Dico
810 1103 109 45 quod
878 1103 191 45 penitentia
1028 1103 123 45 nihil
1109 1103 123 45 facit
1178 1103 55 45 ad

445 1138 106 46 hoc
505 1138 121 46 quod
581 1138 121 46 pius
657 1138 197 46 mereatur:
808 1138 106 46 cum
869 1138 166 46 habitum
990 1138 91 46 ex
1035 1138 136 46 culpa
1111 1138 136 46 acquisi

454 1179 117 39 uit:
528 1179 88 39 et
572 1179 161 39 ratione
689 1179 147 39 vtitur
792 1179 161 39 tempore
909 1179 103 39 quo
968 1179 132 39 actum
1056 1179 147 39 facit.
1144 1179 103 39 secus

457 1215 97 38 est
513 1215 83 38 de
554 1215 125 38 alio.
637 1215 236 38 Rationabilius
832 1215 97 38 est
887 1215 139 38 tenere
984 1215 139 38 ebrium
1068 1215 166 38 nullatenus

447 1254 167 45 tempore
568 1254 212 45 ebrietatis
735 1254 182 45 peccare.
871 1254 197 45 Propterea
1023 1254 136 45 etiam
1099 1254 136 45 tenendo

455 1286 212 42 oppositum
618 1286 196 42 querimus
765 1286 147 42 omnem
863 1286 228 42 occasionem
1042 1286 98 42 ad
1075 1286 163 42 excusan-

449 1325 114 41 dos
514 1325 179 41 ebrios.
644 1325 81 41 ⁋
677 1325 114 41 Sed
742 1325 147 41 dices
840 1325 163 41 quando
954 1325 130 41 homo
1035 1325 114 41 est
1100 1325 130 41 male
1166 1325 81 41 in-

445 1365 167 43 clinatus
570 1365 111 43 sine
640 1365 125 43 culpa
723 1365 97 43 sua
779 1365 83 43 ab
821 1365 195 43 influentia
974 1365 125 43 celi:
1057 1365 97 43 vel
1113 1365 70 43 a
1127 1365 111 43 paren-

444 1399 133 44 tibus
533 1399 192 44 impudicis
680 1399 89 44 et
725 1399 118 44 male
798 1399 221 44 morigeratis
975 1399 118 44 pius
1049 1399 162 44 meretur
1152 1399 89 44 quam

456 1436 142 41 alius
551 1436 126 41 bene
630 1436 142 41 natus
724 1436 142 41 actum
819 1436 205 41 equaliter
976 1436 189 41 intensum
1102 1436 142 41 habens:

456 1470 123 44 ergo
532 1470 107 44 cum
594 1470 123 44 actu
670 1470 153 44 minori
777 1470 92 44 in
823 1470 138 44 gradu
915 1470 153 44 tantum
1023 1470 199 44 merebitur
1160 1470 77 44 si-

452 1510 118 41 cut
520 1510 135 41 bene
604 1510 152 41 natus
705 1510 168 41 habens
823 1510 152 41 actum
924 1510 152 41 paulo
1008 1510 236 41 intensiorem.

440 1550 81 43 ⁋
472 1550 129 43 Item
553 1550 129 43 tunc
634 1550 97 43 si
682 1550 129 43 quis
763 1550 97 43 ex
812 1550 146 43 culpa
909 1550 194 43 parentum
1054 1550 162 43 fuerit
1151 1550 81 43 mal

450 1587 182 40 educatus
586 1587 167 40 tempore
708 1587 212 40 iuuentutis
874 1587 182 40 antequam
1011 1587 152 40 vtatur
1102 1587 136 40 ratione

438 1620 119 45 sine
512 1620 119 45 eius
587 1620 134 45 vitio
676 1620 193 45 culpabili
824 1620 74 45 /
854 1620 134 45 magis
943 1620 193 45 merebitur
1077 1620 163 45 abstinens

452 1658 81 46 ab
493 1658 176 46 illicitis
628 1658 108 46 quam
696 1658 108 46 bene
763 1658 176 46 educatus:
898 1658 81 46 et
939 1658 95 46 sic
993 1658 176 46 prodesset
1128 1658 81 46 ad
1155 1658 81 46 mere

445 1699 86 42 ri
488 1699 114 42 male
559 1699 128 42 alere
645 1699 171 42 iuuenes:
773 1699 100 42 hoc
830 1699 128 42 autem
916 1699 100 42 est
973 1699 143 42 contra
1058 1699 186 42 Aristotelem

449 1732 158 48 secundo
563 1732 201 48 Ethicorum.
721 1732 100 48 non
779 1732 129 48 parum
865 1732 144 48 refert
965 1732 129 48 (immo
1051 1732 144 48 totum)
1152 1732 86 48 vt
1181 1732 57 48 iu

450 1770 134 38 uenes
540 1770 104 38 sic
599 1770 104 38 vel
659 1770 104 38 sic
719 1770 224 38 assuescant.
898 1770 75 38 ⁋
928 1770 90 38 Ad
972 1770 149 38 primum
1062 1770 179 38 conceditur

453 1803 183 46 illatum.
590 1803 76 46 ⁋
621 1803 92 46 Si
667 1803 122 46 pius
743 1803 168 46 meretur
865 1803 137 46 actum
957 1803 168 46 equalem
1079 1803 153 46 habens
1171 1803 76 46 cum

450 1845 120 45 alio
525 1845 196 45 auferatur
676 1845 165 45 aliquid
796 1845 90 45 de
841 1845 211 45 intensione
1006 1845 135 45 actus
1082 1845 150 45 quousque

448 1882 116 42 sit
515 1882 182 42 meritum
647 1882 182 42 equale.
780 1882 83 42 ⁋
813 1882 99 42 Ad
862 1882 199 42 secundum
1011 1882 182 42 concedo
1127 1882 116 42 etiam

454 1918 169 46 illatum.
581 1918 71 46 ⁋
609 1918 99 46 Sed
666 1918 113 46 nego
736 1918 113 46 quod
807 1918 169 46 conducit
934 1918 99 46 sic
990 1918 155 46 iuuenes
1089 1918 155 46 irreligio

459 1953 74 46 se
496 1953 124 46 alere.
582 1953 136 46 taliter
681 1953 99 46 enim
743 1953 74 46 in
780 1953 136 46 senecta
879 1953 186 46 regulariter
1028 1953 148 46 incedunt
1127 1953 111 46 quaeles

458 1992 111 44 erat
527 1992 166 44 iuuenes.
652 1992 166 44 secundum
776 1992 125 44 illud
860 1992 166 44 Horatii.
984 1992 97 44 Quo
1039 1992 125 44 semel
1122 1992 97 44 est
1164 1992 83 44 imbu

459 2029 93 50 ta
506 2029 155 50 recens
615 2029 186 50 seruabit
755 2029 155 50 odorem
863 2029 140 50 Testa
956 2029 124 50 diu.
1034 2029 78 50 ⁋
1065 2029 109 50 Sed
1112 2029 124 50 contra

447 2064 135 44 istud
537 2064 195 44 arguitur:
687 2064 120 44 male
762 2064 180 44 educatus
898 2064 120 44 pius
973 2064 165 44 meretur
1093 2064 120 44 quam
1153 2064 90 44 bene

449 2106 173 43 educatus
578 2106 158 43 similem
693 2106 130 43 actum
780 2106 158 43 habens:
895 2106 115 43 quia
967 2106 101 43 est
1024 2106 86 43 ei
1053 2106 187 43 difficilius

460 2140 132 48 talem
548 2140 132 48 actum
637 2140 162 48 habere:
754 2140 118 48 ergo
828 2140 88 48 si
872 2140 162 48 angelus
989 2140 162 48 tempore
1107 2140 103 48 quo
1151 2140 88 48 erat

458 2182 164 44 viator
572 2182 229 44 elicuisset
753 2182 180 44 maximum
884 2182 147 44 bonum
982 2182 147 44 actum
1080 2182 131 44 quem
1146 2182 98 44 pote

455 2216 100 44 rat
512 2216 142 44 habere
611 2216 71 44 /
640 2216 100 44 non
697 2216 114 44 pius
768 2216 185 44 meruisset
910 2216 114 44 quam
982 2216 114 44 homo
1053 2216 185 44 eliciendo
1181 2216 57 44 ma

452 2251 140 47 ximum
546 2251 140 47 actum
639 2251 125 47 quem
717 2251 171 47 poterat
842 2251 171 47 habere.
967 2251 93 47 et
1013 2251 109 47 sic
1076 2251 125 47 vnus
1138 2251 109 47 ange-

453 2289 102 48 lus
512 2289 102 48 qui
570 2289 102 48 per
629 2289 132 48 breue
717 2289 146 48 tempus
819 2289 117 48 erat
893 2289 146 48 viator
995 2289 132 48 minus
1083 2289 146 48 premii
1171 2289 73 48 ha-

463 2326 124 47 bebit
546 2326 110 47 quam
615 2326 110 47 vnus
684 2326 110 47 homo
753 2326 179 47 communis:
890 2326 83 47 et
932 2326 124 47 etiam
1014 2326 152 47 angelus
1111 2326 124 47 inferio

458 2366 93 45 ris
511 2366 146 45 speciei
617 2366 172 45 eliciendo
749 2366 146 45 optimum
855 2366 119 45 actum
934 2366 185 45 possibilem
1080 2366 106 45 sibi
1133 2366 106 45 tantum

462 2396 213 47 beatitudinis
635 2396 147 47 habebit
742 2396 147 47 quantum
848 2396 147 47 angelus
955 2396 160 47 supioris
1075 2396 147 47 speciei
1168 2396 67 47 max

457 2441 100 38 mum
514 2441 115 38 sibi
586 2441 201 38 possibilem
744 2441 201 38 eliciendo.
902 2441 72 38 ⁋
930 2441 172 38 Tangitur
1059 2441 86 38 in
1102 2441 100 38 hac
1146 2441 100 38 repli

452 2481 80 41 ca
492 2481 106 41 vnum
558 2481 146 41 dubium:
664 2481 80 41 et
704 2481 119 41 forte
783 2481 146 41 illatum
889 2481 93 41 est
942 2481 212 41 concedendum.
1101 2481 146 41 videlicet

459 2515 121 44 quod
535 2515 121 44 homo
610 2515 182 44 eliciens
747 2515 136 44 actum
838 2515 182 44 intensum
974 2515 91 44 vt
1020 2515 167 44 quatuor
1126 2515 121 44 tantum

444 2552 163 45 meretur
563 2552 163 45 quantum
681 2552 163 45 angelus
799 2552 192 45 eliciendo
947 2552 118 45 actu
1021 2552 207 45 meritorium
1169 2552 74 45 in-

453 2584 124 53 tensum
540 2584 75 53 in
577 2584 112 53 gradu
651 2584 75 53 vt
689 2584 137 53 centum.
788 2584 75 53 Ex
825 2584 99 53 isto
887 2584 112 53 autem
962 2584 87 53 non
1011 2584 149 53 sequitur
1123 2584 99 53 quod
1173 2584 62 53 quo

440 2626 128 63 libet
525 2626 156 63 adultus
639 2626 142 63 beatus
738 2626 114 63 pius
809 2626 142 63 primii
909 2626 156 63 habebit
1023 2626 114 63 quam
1080 2626 156 63 quicumque

1311 206 153 58 angelus:
1426 206 153 58 secundus
1540 206 102 58 enim
1604 206 153 58 continuo
1718 206 102 58 stat
1782 206 76 58 in
1820 206 102 58 actu
1884 206 102 58 bono
1947 206 64 58 a
1973 206 76 58 in
1998 206 89 58 inten

1310 251 75 45 so
1348 251 75 45 in
1386 251 126 45 gradu:
1474 251 138 45 quaniam
1574 251 126 45 nullum
1662 251 188 45 retractiuum
1813 251 75 45 ab
1850 251 138 45 actibus
1938 251 151 45 meritoriis

1299 288 150 52 habebit:
1412 288 113 52 sicut
1487 288 100 52 homo
1550 288 88 52 per
1600 288 163 52 potentiam
1725 288 175 52 debilitabi
1863 288 88 52 lem
1913 288 88 52 cum
1963 288 113 52 carne
2025 288 63 52 con

1299 331 89 46 tra
1350 331 152 46 rationem
1464 331 139 46 tedente
1565 331 164 46 plerumque
1691 331 164 46 dormiente
1818 331 76 46 et
1856 331 114 46 parum
1932 331 152 46 merenti.
2033 331 63 46 For

1300 360 74 53 te
1337 360 111 53 etiam
1411 360 74 53 in
1448 360 111 53 istis
1522 360 173 53 indiuiduis
1658 360 86 53 spe
1707 360 173 53 distinctis
1843 360 74 53 ob
1880 360 198 53 gratitudinem
2028 360 74 53 per-

1301 400 103 51 sone
1365 400 103 51 deus
1430 400 116 51 magis
1507 400 154 51 acceptat
1623 400 116 51 actum
1700 400 154 51 altioris
1816 400 142 51 speciei
1919 400 103 51 quae
1983 400 116 51 actum
2048 400 51 51 in

1308 437 129 51 diuidui
1402 437 176 51 inferioris:
1543 437 94 51 esto
1602 437 94 51 quod
1661 437 153 51 equaliter
1778 437 153 51 conentur.
1895 437 106 51 sicut
1966 437 82 51 pro
2001 437 94 51 simili

1299 482 94 45 actu
1358 482 94 45 plus
1417 482 118 45 primii
1500 482 130 45 accipit
1594 482 83 45 dux
1641 482 153 45 exercitus
1760 482 94 45 quam
1819 482 106 45 alius
1889 482 142 45 inferior
1984 482 106 45 equalit

1300 514 86 49 cum
1349 514 74 49 eo
1386 514 147 49 laborans
1496 514 135 49 propter
1594 514 221 49 circunstantiam
1779 514 147 49 parsone:
1889 514 111 49 secus
1963 514 86 49 est
2012 514 74 49 in
2037 514 61 49 co-

1310 549 150 50 natibus
1420 549 150 50 eiusdem
1529 549 164 50 speciei.
1651 549 164 50 Magister
1774 549 150 50 diceret
1883 549 150 50 angelos
1979 549 109 50 habere

1298 585 201 55 betitudinem
1458 585 94 55 pro
1512 585 147 55 actibus
1619 585 107 55 quis
1686 585 188 55 exercebunt
1833 585 107 55 erga
1900 585 107 55 nos.
1967 585 94 55 hoc
2008 585 80 55 aute

1302 627 91 41 non
1354 627 91 41 est
1406 627 143 41 penitus
1510 627 182 41 extraneum:
1652 627 78 41 vt
1691 627 117 41 patet
1769 627 91 41 per
1821 627 91 41 hoc
1873 627 195 41 argumentum.
2028 627 65 41 ⁋
2041 627 52 41 Se

1300 661 109 47 cundo
1373 661 207 47 principalitur
1543 661 158 47 arguitur.
1665 661 146 47 sequitur
1774 661 97 47 quod
1835 661 134 47 aliquis
1932 661 122 47 habens
2005 661 85 47 actum

1301 698 155 51 infinitum
1420 698 155 51 diligendo
1540 698 96 51 deum
1600 698 72 51 et
1635 698 143 51 proximum
1743 698 60 51 /
1767 698 84 51 non
1814 698 155 51 mereretur
1934 698 72 51 in
1970 698 96 51 illo
2017 698 72 51 actu

1301 738 124 48 multum.
1391 738 79 48 hoc
1436 738 102 48 autem
1504 738 79 48 est
1549 738 192 48 inconueniens:
1707 738 90 48 ergo
1764 738 102 48 illud
1831 738 68 48 ex
1865 738 79 48 quo
1910 738 147 48 sequitur.
2012 738 79 48 Patet

1298 774 163 49 sequaela:
1424 774 138 49 ponendo
1525 774 101 49 quod
1587 774 101 49 quis
1650 774 126 49 habeat
1738 774 138 49 gratiam
1839 774 163 49 infinitam
1964 774 75 49 in
1989 774 101 49 gradu:

1303 809 98 43 iam
1359 809 126 43 talis
1443 809 98 43 cum
1499 809 168 43 quocuque
1626 809 140 43 conatu
1724 809 239 43 quantumcumque
1921 809 126 43 paruo
1991 809 98 43 habe-

1302 844 91 48 bit
1354 844 117 48 actum
1432 844 130 48 magnum
1522 844 91 48 vel
1574 844 143 48 paruum:
1678 844 156 48 quinimmo
1795 844 182 48 infinitum:
1937 844 91 48 sed
1976 844 117 48 paruitu

1299 886 80 47 do
1339 886 146 47 conatus
1445 886 120 47 facit
1525 886 120 47 actum
1604 886 120 47 minus
1684 886 186 47 meritorium
1830 886 133 47 perte.
1923 886 146 47 igitur.
2016 886 80 47 Quod

1306 926 121 45 gratia
1391 926 145 45 infinita
1499 926 121 45 faciat
1584 926 109 45 actum
1657 926 145 45 infinite
1765 926 145 45 intensum
1874 926 85 45 cum
1923 926 157 45 quocumque
2032 926 60 45 par

1300 963 71 42 uo
1336 963 130 42 conatu:
1430 963 118 42 patet.
1512 963 94 42 quia
1571 963 94 42 nisi
1630 963 82 42 sic
1677 963 94 42 quis
1736 963 82 42 cum
1783 963 118 42 gratia
1865 963 118 42 finita
1948 963 118 42 posset
2018 963 71 42 habe

1303 1001 72 46 re
1339 1001 108 46 actum
1411 1001 84 46 ita
1459 1001 144 46 intensum
1566 1001 108 46 sicut
1638 1001 108 46 alter
1710 1001 84 46 cum
1758 1001 156 46 infinita:
1878 1001 108 46 etiam
1949 1001 96 46 dato
1997 1001 84 46 equal

1293 1035 133 46 conatu:
1390 1035 97 46 quod
1451 1035 85 46 est
1499 1035 133 46 falsum.
1596 1035 73 46 Et
1632 1035 109 46 probo
1705 1035 97 46 quod
1766 1035 146 46 sequatur
1875 1035 61 46 /
1899 1035 133 46 ponatur
1984 1035 97 46 sortes

1300 1067 119 51 habere
1383 1067 131 51 conatum
1478 1067 71 51 vt
1514 1067 107 51 vnum:
1585 1067 71 51 et
1621 1067 131 51 gratiam
1716 1067 166 51 infinitam.
1846 1067 71 51 Et
1882 1067 107 51 quaro
1953 1067 71 51 si
1989 1067 83 51 est
2025 1067 59 51 pos

1303 1108 122 49 sibile
1388 1108 110 49 illum
1462 1108 110 49 actum
1535 1108 98 49 esse
1596 1108 73 49 vt
1633 1108 98 49 vnum
1694 1108 86 49 vel
1743 1108 73 49 vt
1779 1108 110 49 octor
1853 1108 98 49 tunc
1914 1108 110 49 plato
1987 1108 86 49 cum
2024 1108 61 49 vno

1302 1145 122 50 gradu
1384 1145 149 50 gratiae
1493 1145 81 50 et
1533 1145 136 50 conatu
1628 1145 81 50 vt
1669 1145 109 50 vnum
1737 1145 149 50 habebit
1846 1145 109 50 vnum
1913 1145 136 50 gradum
1995 1145 95 50 dile-

1296 1185 158 48 ctionis:
1415 1185 132 48 cicero
1507 1185 92 48 cum
1560 1185 132 48 maiori
1652 1185 132 48 gratia
1745 1185 79 48 et
1784 1185 92 48 vno
1837 1185 119 48 gradu
1916 1185 145 48 conatus
2009 1185 79 48 habe

1289 1218 92 47 bit
1342 1218 105 47 duos
1407 1218 132 47 gradus
1500 1218 132 47 actus:
1592 1218 79 47 et
1632 1218 92 47 sic
1684 1218 105 47 sine
1750 1218 132 47 statu:
1843 1218 105 47 ergo
1909 1218 132 47 tandem
1988 1218 92 47 dabis

1296 1257 139 48 aliquem
1398 1257 101 48 quie
1461 1257 89 48 cum
1511 1257 127 48 finita
1600 1257 127 48 gratia
1689 1257 139 48 habebit
1790 1257 114 48 actum
1866 1257 152 48 intensum
1980 1257 76 48 vt
2005 1257 76 48 octo

1292 1300 90 43 cum
1344 1300 129 43 conatu
1434 1300 77 43 vt
1473 1300 116 43 vnum:
1550 1300 77 43 et
1588 1300 90 43 sic
1640 1300 155 43 habentes
1756 1300 142 43 gratiam
1859 1300 142 43 finitam
1962 1300 77 43 et
1988 1300 103 43 infini

1301 1332 96 48 tam
1356 1332 96 48 cum
1411 1332 137 48 equali
1507 1332 137 48 conatu
1603 1332 165 48 habebunt
1726 1332 123 48 actus
1809 1332 137 48 pares:
1905 1332 110 48 quod
1973 1332 96 48 non
2014 1332 69 48 est

1295 1367 153 49 dicendum.
1413 1367 59 49 ⁋
1436 1367 188 49 Respondetur.
1589 1367 71 49 si
1624 1367 106 49 esset
1695 1367 129 49 aliquis
1789 1367 82 49 qui
1836 1367 71 49 de
1871 1367 94 49 coni
1930 1367 94 49 lege
1977 1367 106 49 haberet

1300 1408 136 48 gratiam
1399 1408 161 48 infinitam
1523 1408 74 48 ex
1560 1408 136 48 meritis
1659 1408 112 48 talis
1746 1408 174 48 mereretur:
1883 1408 99 48 quia
1945 1408 124 48 nullum
2019 1408 87 48 actum

1296 1442 131 52 habere
1387 1442 131 52 praiet
1479 1442 183 52 meritorium
1623 1442 105 52 nisi
1688 1442 183 52 infinitum:
1832 1442 78 52 et
1871 1442 91 52 sic
1923 1442 65 52 r
1949 1442 131 52 multum
2028 1442 78 52 mere

1295 1483 131 49 retur:
1386 1483 92 49 sed
1439 1483 131 49 nullum
1530 1483 144 49 ponimus
1635 1483 78 49 de
1674 1483 105 49 lege
1740 1483 157 49 communi.
1857 1483 92 49 vbi
1910 1483 105 49 enim
1975 1483 78 49 de
2001 1483 105 49 gratia

1302 1519 119 42 anime
1381 1519 145 42 Christi
1486 1519 171 42 loquimur:
1618 1519 145 42 ponimus
1723 1519 92 42 eam
1776 1519 171 42 infinitam
1908 1519 79 42 in
1947 1519 132 42 gradu:
2039 1519 92 42 sed

1301 1551 130 49 illud
1387 1551 130 49 nulli
1474 1551 145 49 alteri
1575 1551 231 49 attribuimus.
1763 1551 72 49 ⁋
1792 1551 101 49 Sed
1850 1551 145 49 dices.
1951 1551 116 49 tunc
2009 1551 87 49 nul-

1293 1589 89 51 lus
1344 1589 114 51 actus
1420 1589 76 51 ab
1458 1589 76 51 eo
1496 1589 152 51 elicitus
1611 1589 152 51 secundum
1725 1589 178 51 voluntatem
1865 1589 127 51 potest
1953 1589 102 51 esse
2004 1589 89 51 fini-

1295 1629 103 49 tus.
1360 1629 65 49 ⁋
1385 1629 90 49 hoc
1437 1629 90 49 non
1489 1629 168 49 sequitur:
1618 1629 103 49 quia
1683 1629 103 49 deus
1747 1629 129 49 potest
1838 1629 181 49 concurrere
1980 1629 90 49 cum
2018 1629 65 49 vna

1299 1666 117 45 parte
1377 1666 143 45 gratie.
1481 1666 78 45 et
1520 1666 91 45 non
1572 1666 91 45 cum
1624 1666 117 45 tota:
1702 1666 91 45 vel
1754 1666 130 45 potest
1845 1666 91 45 non
1897 1666 182 45 concurrere
2027 1666 65 45 se-

1294 1708 137 44 cundum
1390 1708 164 44 extremum
1513 1708 219 44 causalitatis
1691 1708 164 44 gratiae.
1814 1708 96 44 Sed
1868 1708 150 44 fateor:
1978 1708 82 44 si
2005 1708 82 44 quis

1297 1733 153 58 haberet
1408 1733 153 58 gratiam
1519 1733 181 58 infinitam
1658 1733 83 58 in
1700 1733 125 58 gradu
1783 1733 69 58 /
1811 1733 83 58 is
1853 1733 139 58 nullum
1950 1733 125 58 actum
2020 1733 69 58 fi-

1296 1777 143 50 nitum
1391 1777 175 50 elicere
1518 1777 159 50 potest
1630 1777 175 50 totalem
1757 1777 111 50 cum
1820 1777 206 50 quocunque
1963 1777 127 50 conatu

1298 1815 232 46 quantumcumque
1489 1815 123 46 paruo
1571 1815 68 46 a
1599 1815 191 46 influentia
1749 1815 96 46 dei
1803 1815 164 46 generali
1926 1815 96 46 qua
1967 1815 123 46 concur-

1293 1854 110 47 rit:
1362 1854 82 47 et
1403 1854 123 47 licet
1485 1854 96 47 cum
1540 1854 137 47 conatu
1636 1854 123 47 magno
1718 1854 137 47 potest
1814 1854 151 47 aliquis
1924 1854 137 47 gradus
2006 1854 82 47 quos

1301 1890 99 48 non
1357 1890 169 48 produxit
1484 1890 183 48 producere
1625 1890 99 48 non
1681 1890 127 48 tamen
1766 1890 169 48 producit
1893 1890 141 48 plures
1977 1890 113 48 poprie

1298 1921 143 59 quando
1398 1921 143 59 semper
1498 1921 114 59 erit
1569 1921 186 59 infinitas
1712 1921 129 59 actuu
1797 1921 228 59 gradualiter.
1983 1921 71 59 ⁋
1997 1921 86 59 Ter-

1298 1961 98 53 tio
1354 1961 210 53 argumentor.
1522 1961 126 53 nihil
1606 1961 98 53 est
1662 1961 154 53 conatus
1773 1961 210 53 voluntatis:
1941 1961 112 53 ergo
1997 1961 84 53 con-

1292 1998 188 50 clusiones
1436 1998 231 50 presupponunt
1624 1998 159 50 falsum.
1740 1998 174 50 ancedens
1870 1998 145 50 patet.
1971 1998 101 50 vel
2015 1998 72 50 est

1304 2039 117 48 actus
1382 2039 169 48 elicitus:
1513 2039 78 48 et
1552 2039 91 48 hoc
1604 2039 104 48 non.
1669 2039 143 48 dicimus
1773 2039 104 48 enim
1838 2039 117 48 actum
1917 2039 130 48 magnum
1995 2039 91 48 produ

1295 2068 78 49 ci
1334 2068 65 49 a
1360 2068 130 49 maiori
1451 2068 143 49 conatu:
1554 2068 91 49 set
1606 2068 117 49 actus
1684 2068 91 49 non
1736 2068 182 49 producitur
1879 2068 78 49 ab
1917 2068 117 49 actu.
1995 2068 78 49 Si
2021 2068 65 49 di-

1291 2114 104 47 cas
1351 2114 149 47 animam
1455 2114 119 47 esse
1530 2114 164 47 conatum
1649 2114 134 47 eius:
1739 2114 104 47 tuc
1798 2114 164 47 conatus
1903 2114 179 47 voluntatis

1295 2143 181 54 frequenter
1437 2143 116 54 nihil
1514 2143 168 54 conaretur
1643 2143 90 54 nec
1695 2143 142 54 haberet
1798 2143 142 54 gradus:
1901 2143 142 54 dicimus
1992 2143 90 54 tamer

1290 2187 163 51 conatum
1409 2187 89 51 vt
1453 2187 119 51 tria
1528 2187 104 51 vel
1587 2187 89 51 vt
1632 2187 178 51 quatuor.
1765 2187 74 51 ⁋
1795 2187 163 51 Insuper
1914 2187 104 51 vel
1973 2187 104 51 duo
2018 2187 74 51 gra

1290 2223 92 40 dus
1343 2223 145 40 conatus
1448 2223 106 40 plus
1514 2223 145 40 faciunt
1620 2223 79 40 ad
1659 2223 211 40 productionem
1831 2223 119 40 actus
1910 2223 106 40 quam
1976 2223 92 40 duo
2016 2223 79 40 gra-

1293 2257 84 53 dus
1341 2257 144 53 gratiae:
1449 2257 84 53 vel
1497 2257 108 53 minus
1569 2257 84 53 vel
1617 2257 168 53 equaliters
1748 2257 60 53 ⁋
1772 2257 132 53 Dicitur
1868 2257 144 53 voluntas
1976 2257 84 53 est
2012 2257 72 53 suus

1288 2296 159 46 conatus:
1407 2296 146 46 dicitur
1514 2296 159 46 voluntas
1633 2296 120 46 magis
1713 2296 133 46 conari
1806 2296 133 46 quando
1899 2296 120 46 magis
1965 2296 120 46 nititur

1288 2337 178 39 efficere.
1425 2337 151 39 Concedo
1535 2337 123 39 illam
1617 2337 178 39 negatiuam
1754 2337 151 39 conatus
1864 2337 192 39 voluntatis
2001 2337 82 39 fre-

1290 2369 146 50 quenter
1396 2369 119 50 nihil
1475 2369 186 50 conaretur:
1621 2369 93 50 pot
1674 2369 106 50 enim
1740 2369 106 50 esse
1807 2369 159 50 negatiua
1926 2369 80 50 de
1952 2369 133 50 subiecto

1292 2411 99 41 non
1349 2411 213 41 supponente.
1519 2411 128 41 Licet
1604 2411 156 41 conatus
1718 2411 99 41 non
1775 2411 142 41 habeat
1874 2411 156 41 gradus:
1973 2411 114 41 vtimur

1291 2443 98 44 illo
1352 2443 98 44 modo
1413 2443 146 44 loquendi
1523 2443 122 44 gratia
1608 2443 122 44 nostre
1693 2443 220 44 intelligentie:
1876 2443 122 44 quando
1962 2443 110 44 parum
2023 2443 73 44 agit

1295 2484 140 49 dicimus
1397 2484 140 49 conatur
1499 2484 76 49 vt
1537 2484 102 49 vnum
1601 2484 89 49 vel
1652 2484 76 49 vt
1690 2484 102 49 duo:
1754 2484 127 49 quando
1843 2484 140 49 multum:
1945 2484 76 49 vt
1983 2484 89 49 sex
2021 2484 64 49 vel

1287 2524 107 45 octo.
1358 2524 107 45 prait
1430 2524 107 45 etiam
1501 2524 95 45 dici
1561 2524 155 45 quodactus
1680 2524 167 45 voluntatis
1811 2524 83 45 est
1858 2524 95 45 suus
1918 2524 143 45 conatus.
2025 2524 59 45 ⁋
2048 2524 71 45 Ad

1287 2557 115 40 aliud
1364 2557 127 40 quando
1453 2557 115 40 actus
1529 2557 153 40 elicitus
1644 2557 115 40 habet
1720 2557 140 40 quatuor
1822 2557 127 40 gradus
1911 2557 127 40 dubium
2000 2557 89 40 est
2038 2557 51 40 an

1296 2597 143 48 conatus
1400 2597 78 48 vt
1439 2597 91 48 duo
1491 2597 104 48 plus
1556 2597 130 48 faciat
1647 2597 104 48 quam
1712 2597 130 48 gratia
1803 2597 78 48 vt
1842 2597 104 48 duo.
1907 2597 91 48 Duo
1959 2597 130 48 gradus
2037 2597 52 48 po

1295 2628 126 59 tentie
1383 2628 126 59 aiacis
1472 2628 101 59 plus
1534 2628 138 59 faciunt
1635 2628 75 59 ad
1673 2628 151 59 ferendum
1786 2628 88 59 gue
1836 2628 126 59 poesdu
1924 2628 101 59 quam
1987 2628 88 59 duo
2025 2628 63 59 gra
