2361 3302
248 239 105 54 est.
314 239 92 54 nam
366 239 145 54 romanus
472 239 185 54 potestifex
617 239 119 54 illud
696 239 158 54 prohibet
815 239 79 54 de
854 239 119 54 reli.
933 239 79 54 et
960 239 92 54 vene.

243 278 190 43 sanctorum
390 278 161 43 capitu.
507 278 132 43 primo
595 278 190 43 inquiens.
741 278 132 43 Illum
829 278 117 43 ergo
903 278 103 43 non
946 278 103 43 presu

242 317 129 43 matis
328 317 86 43 de
371 317 143 43 cetero
471 317 158 43 colere.
586 317 129 43 etiam
672 317 86 43 si
715 317 100 43 per
772 317 129 43 illum
859 317 172 43 miracula
973 317 72 43 fie

248 355 125 40 rent:
331 355 97 40 non
387 355 153 40 liceret
498 355 125 40 ipsum
581 355 97 40 pro
637 355 139 40 sancto
734 355 139 40 absque
831 355 208 40 auctoritate
984 355 56 40 re

244 392 122 42 mane
320 392 183 42 ecclesie
457 392 198 42 venerari.
609 392 91 42 In
655 392 198 42 oppositum
807 392 107 42 est
853 392 183 42 consuetudo

241 431 192 40 multorum:
389 431 104 40 qui
448 431 163 40 aliquos
567 431 163 40 publice
685 431 148 40 colunt
789 431 148 40 nondum
877 431 163 40 canoniza-

242 465 103 43 tos.
307 465 194 43 Respondetur
462 465 78 43 ad
500 465 207 43 dubitationem
668 465 90 43 per
720 465 220 43 propositiones
888 465 155 43 sequentes.

260 503 127 46 Prima
345 503 113 46 est.
415 503 156 46 Cicitum
529 503 99 46 est
585 503 156 46 aliquem
698 503 99 46 non
755 503 212 46 canonizatum
911 503 127 46 priuate

251 541 143 44 rogare:
355 541 78 44 vt
394 541 91 44 pro
446 541 78 44 se
486 541 196 44 intercedat.
642 541 130 44 patet:
733 541 104 44 quia
798 541 104 44 iste
864 541 143 44 iudicat
955 541 91 44 talem

257 577 137 42 sctantum.
363 577 63 42 et
394 577 63 42 ad
426 577 74 42 hoc
468 577 74 42 est
510 577 158 42 argumentum.
636 577 105 42 xxxii.
710 577 63 42 di
741 577 63 42 o.
773 577 105 42 verum.
846 577 74 42 xv.
888 577 63 42 q.
920 577 116 42 vltima.
993 577 53 42 ca.

258 614 142 42 finali.
361 614 90 42 nec
413 614 142 42 aliquid
515 614 116 42 aliud
593 614 142 42 obstat.
696 614 90 42 non
747 614 180 42 prohibitio
876 614 167 42 pontificis:

248 652 90 42 qui
300 652 103 42 illa
364 652 206 42 intelligitur
531 652 77 42 de
570 652 142 42 solemni
673 652 180 42 adoratioe.
814 652 64 42 â‹
840 652 142 42 Secunda
930 652 116 42 proposi

246 687 116 42 tio.
319 687 145 42 LCicet
421 687 160 42 aliquem
537 687 102 42 non
595 687 218 42 canonigatum
770 687 87 42 ab
813 687 145 42 ecclia
901 687 145 42 formali-

247 726 101 48 ter
304 726 159 48 publice
420 726 174 48 venerari
551 726 101 48 pro
609 726 145 48 sacto.
710 726 101 48 Nam
768 726 116 48 dato
840 726 174 48 opposito
956 726 87 48 ple-

242 764 134 43 rosque
335 764 160 43 damnabis
455 764 80 43 in
495 764 134 43 multis
589 764 187 43 regionibus
736 764 134 43 varios
829 764 160 43 sanctons
936 764 107 43 colen-

240 803 118 37 tes.
314 803 148 37 vtputa
417 803 192 37 nostrates
565 803 148 37 beatum
668 803 177 37 Ninianum
801 803 221 37 Mritamnorum
963 803 74 37 re-

242 840 96 43 gis
297 840 137 43 filium
393 840 164 43 colentes
516 840 164 43 publice:
639 840 82 43 et
680 840 82 43 in
721 840 123 43 aliis
803 840 191 43 regionibus
953 840 123 43 illud

239 880 104 41 idem
304 880 183 41 comperies.
448 880 157 41 Preterea
565 880 157 41 probatur
683 880 104 41 quod
748 880 117 41 illud
826 880 130 41 licet:
918 880 104 41 quia
970 880 78 41 inu-

242 914 113 41 mera
312 914 169 41 miracula
439 914 99 41 per
496 914 127 41 illum
580 914 141 41 fiunt:
679 914 85 41 et
722 914 99 41 dum
778 914 169 41 spiritus
905 914 113 41 suos
961 914 85 41 rege

240 949 103 42 ret
299 949 133 42 artus
388 949 89 42 de
432 949 177 42 bonitate
565 949 118 42 vite
639 949 103 42 non
698 949 221 42 dubitabatur
875 949 74 42 /
904 949 103 42 sed
948 949 89 42 vite

248 987 214 38 sanctimonia
419 987 86 38 et
462 987 185 38 miraculis
604 987 171 38 claruit.
732 987 86 38 In
775 987 157 38 talibus
889 987 143 38 namque
975 987 71 38 ec-

246 1022 119 49 culia
325 1022 132 49 tacite
418 1022 185 49 consentit:
563 1022 93 49 cum
616 1022 119 49 istud
695 1022 79 49 in
735 1022 132 49 multos
827 1022 119 49 annos
893 1022 159 49 protractum

248 1061 103 45 sit:
312 1061 77 45 et
351 1061 154 45 lufficit
466 1061 103 45 quod
530 1061 128 45 ecclia
620 1061 154 45 regionis
735 1061 90 45 hoc
787 1061 167 45 recipiat:
915 1061 103 45 dato
966 1061 77 45 quod

247 1102 210 36 potestifici
415 1102 140 36 romano
513 1102 98 36 non
569 1102 224 36 constiterit.
752 1102 168 36 Ulterius
864 1102 182 36 canonizatio

241 1135 181 49 lanctorum
380 1135 125 49 nihil
464 1135 125 49 aliud
548 1135 98 49 est
603 1135 111 49 quam
673 1135 195 49 declaratio
826 1135 209 49 sanctimonie
979 1135 70 49 ali

248 1169 139 43 cuius.
346 1169 112 43 modo
415 1169 139 43 aliqui
513 1169 112 43 sunt
583 1169 139 43 sancti
680 1169 84 43 de
722 1169 139 43 quorum
820 1169 209 43 sanctimonia
973 1169 70 43 non

248 1211 179 42 dubitatur.
389 1211 141 42 populus
492 1211 103 42 enim
556 1211 90 42 vel
607 1211 77 42 ex
646 1211 141 42 incuria
748 1211 64 42 /
774 1211 90 42 vel
825 1211 128 42 nolens
915 1211 128 42 addere
992 1211 51 42 fa

240 1249 87 48 cem
289 1249 112 48 soli:
364 1249 87 48 non
414 1249 125 48 petiit
502 1249 225 48 canonizatione.
689 1249 100 48 ergo
751 1249 112 48 tales
826 1249 112 48 licet
901 1249 125 48 colere
989 1249 62 48 /
1001 1249 50 48 et

263 1284 179 38 vtualiter
401 1284 110 38 sunt
469 1284 206 38 canonizati.
634 1284 69 38 â‹
662 1284 137 38 Tertia
758 1284 206 38 propositio.
922 1284 110 38 Nemo
977 1284 69 38 de-

242 1319 95 41 bet
297 1319 150 41 aliquem
406 1319 136 41 colere
501 1319 150 41 publice
610 1319 95 41 pro
665 1319 136 41 sancto
760 1319 82 41 de
801 1319 95 41 quo
855 1319 95 41 est
910 1319 123 41 dubiu
978 1319 68 41 vel

249 1356 97 50 esse
310 1356 110 50 debet
383 1356 61 50 /
407 1356 73 50 an
444 1356 85 50 sit
492 1356 146 50 sanctus.
602 1356 85 50 hoc
651 1356 110 50 patet
724 1356 85 50 per
772 1356 122 50 primum
857 1356 85 50 ca.
906 1356 134 50 rubrice
991 1356 49 50 su

244 1395 136 43 perius
340 1395 177 43 allegate:
476 1395 82 43 et
517 1395 95 43 per
571 1395 123 43 illud
653 1395 109 43 quod
721 1395 163 43 cotingit
844 1395 82 43 in
885 1395 136 43 diebus
966 1395 82 43 bea-

249 1438 92 42 ti
295 1438 185 42 Martini.
434 1438 108 42 Nec
495 1438 170 42 oportet
618 1438 154 42 dicere
726 1438 139 42 etiam
819 1438 139 42 primo
896 1438 154 42 colentes

250 1469 178 46 sanctons
384 1469 134 46 istos
473 1469 238 46 celeberrimos
666 1469 193 46 peccasse:
814 1469 119 46 quia
889 1469 119 46 enim
948 1469 104 46 eorum

253 1510 115 42 vite
325 1510 216 42 sanctimonia
498 1510 130 42 ipsis
584 1510 202 42 viuentibus
743 1510 115 42 erat
815 1510 130 42 super
902 1510 144 42 ethera
988 1510 58 42 no

245 1546 111 59 ta:
308 1546 158 59 tandem
419 1546 142 59 ipsis
514 1546 127 59 viam
593 1546 190 59 vniuerse
736 1546 158 59 carnis
831 1546 221 59 ingredienti-

247 1575 104 51 bus
307 1575 75 51 /
337 1575 224 51 testimonium
516 1575 164 51 suffici
635 1575 104 51 ens
680 1575 89 51 erat

253 1612 75 46 â‹
283 1612 194 46 Dubitatur
432 1612 164 46 octauo:
551 1612 119 46 quid
626 1612 149 46 debeat
730 1612 149 46 facere
834 1612 194 46 infidelis
968 1612 75 46 ve-

249 1657 131 39 niens
337 1657 131 39 coram
424 1657 146 39 duobus
527 1657 190 39 oppositis
672 1657 117 39 puta
745 1657 131 39 coram
833 1657 131 39 Moyse
920 1657 88 39 et
949 1657 88 39 Aare

248 1697 76 46 ex
286 1697 89 46 vna
337 1697 114 46 parte
414 1697 64 46 /
439 1697 76 46 et
477 1697 102 46 magi
541 1697 165 46 Pharaonis
668 1697 76 46 ex
706 1697 127 46 altera
795 1697 127 46 parte:
884 1697 89 46 cui
922 1697 127 46 scilicet

249 1733 116 48 parti
326 1733 129 48 debeat
416 1733 154 48 credere.
532 1733 129 48 Dices.
622 1733 116 48 ipsis
700 1733 232 48 rationabilitur
880 1733 167 48 certantibus

249 1770 184 41 suspendere
394 1770 119 41 debet
473 1770 158 41 iudicium
591 1770 171 41 credendi:
723 1770 79 41 et
762 1770 145 41 interim
868 1770 132 41 rogare
960 1770 105 41 deum
1013 1770 40 41 e

244 1804 123 50 facere
330 1804 98 50 quod
391 1804 74 50 in
428 1804 74 50 se
465 1804 86 50 est
514 1804 61 50 /
539 1804 74 50 et
576 1804 86 50 ipe
625 1804 86 50 non
674 1804 184 50 derelinquat
821 1804 86 50 eum
871 1804 74 50 in
895 1804 160 50 necessariis

248 1847 81 44 ad
289 1847 162 44 salutem.
411 1847 122 44 Sicut
492 1847 108 44 enim
559 1847 149 44 materia
668 1847 176 44 disposita
803 1847 95 44 per
843 1847 203 44 quaelitatiuas

261 1882 219 42 dispositiones
441 1882 180 42 introducit
583 1882 129 42 formam
673 1882 219 42 substantialem
853 1882 154 42 interdum
956 1882 90 42 ipsam

250 1922 141 49 creando:
356 1922 82 49 non
403 1922 129 49 numquam
497 1922 106 49 tamen
568 1922 82 49 eam
615 1922 82 49 cum
662 1922 129 49 secunda
756 1922 153 49 causando:
874 1922 82 49 sic
921 1922 94 49 deus
968 1922 82 49 horto

252 1947 117 49 anime
330 1947 143 49 rigato:
434 1947 117 49 fidem
512 1947 78 49 et
551 1947 130 49 cetera
642 1947 78 49 id
682 1947 117 49 genus
760 1947 182 49 necessaria
903 1947 78 49 ad
929 1947 117 49 salutem

259 1993 223 42 lupintundet.
441 1993 70 42 â‹
468 1993 182 42 Dubitatur
608 1993 126 42 nono.
692 1993 84 42 an
734 1993 98 42 tam
790 1993 140 42 paruus
887 1993 126 42 actus
957 1993 98 42 volun

255 2026 119 44 tatis
334 2026 172 44 sufficiat
466 2026 79 44 ad
506 2026 172 44 causandum
638 2026 159 44 assensum
757 2026 145 44 istius:
863 2026 106 44 deus
929 2026 93 44 est
969 2026 79 44 tri-

253 2066 97 52 nus
308 2066 83 52 et
350 2066 111 52 vnus
419 2066 111 52 quam
488 2066 138 52 istius
585 2066 111 52 deus
654 2066 111 52 est.
723 2066 69 52 â‹
751 2066 180 52 Dubitatur
889 2066 152 52 decimo:
986 2066 55 52 an

255 2098 137 54 fides
346 2098 213 54 infundatur
513 2098 122 54 sine
590 2098 213 54 charitate.
757 2098 76 54 â‹
787 2098 198 54 Undecimo.
939 2098 91 54 an
970 2098 76 54 fi-

253 2139 95 48 des
308 2139 190 48 intendatur
457 2139 122 48 sicut
539 2139 177 48 charitas:
675 2139 82 48 et
716 2139 177 48 similiter
852 2139 82 48 an
879 2139 177 48 remittatur.

267 2175 64 49 â‹
293 2175 77 49 Ad
331 2175 129 49 primum
422 2175 142 49 dicitur
524 2175 116 49 forte
602 2175 103 49 quod
666 2175 90 49 non
717 2175 64 49 /
743 2175 90 49 sed
795 2175 116 49 datur
872 2175 142 49 maximus
962 2175 90 49 actus

266 2219 200 46 voluntatis:
426 2219 93 46 qui
479 2219 93 46 non
533 2219 160 46 sufficit
653 2219 80 46 cu
693 2219 93 46 hoc
746 2219 147 46 motiuo.
853 2219 93 46 Vel
906 2219 120 46 datur
973 2219 80 46 mini

259 2255 84 47 mus
307 2255 108 47 actus
379 2255 180 47 voluntatis:
524 2255 84 47 qui
572 2255 84 47 cum
620 2255 108 47 eodem
692 2255 120 47 motiuo
776 2255 156 47 sufficit:
897 2255 72 47 et
933 2255 96 47 quia
981 2255 72 47 ille

258 2290 109 52 actus
331 2290 170 52 voluntatis
464 2290 85 52 est
512 2290 109 52 liber
585 2290 61 52 /
609 2290 109 52 sicut
682 2290 109 52 actus
754 2290 145 52 remissus
863 2290 85 52 est
912 2290 109 52 liber
984 2290 61 52 /
996 2290 61 52 ita

264 2326 144 52 liberum
369 2326 92 52 est
421 2326 144 52 credere
526 2326 105 52 deum
591 2326 105 52 esse
657 2326 131 52 trinum
749 2326 79 52 in
788 2326 131 52 pionis
880 2326 66 52 /
906 2326 79 52 et
945 2326 105 52 vnum
998 2326 52 52 in

255 2364 160 48 essentia
374 2364 120 48 sicut
454 2364 146 48 credere
561 2364 106 48 deum
627 2364 120 48 esse.
707 2364 80 48 Et
747 2364 93 48 ita
800 2364 80 48 de
840 2364 213 48 incarnatione
1000 2364 53 48 et

255 2403 79 45 de
294 2403 183 45 existentia
438 2403 131 45 corpis
530 2403 144 45 christi
635 2403 79 45 in
674 2403 197 45 eucharistia
831 2403 144 45 dicatur
923 2403 131 45 respectu

255 2436 123 51 istius
341 2436 62 51 /
366 2436 99 51 deus
427 2436 99 51 est.
489 2436 74 51 Et
526 2436 99 51 quia
588 2436 99 51 illa
649 2436 99 51 sunt
711 2436 74 51 de
748 2436 173 51 altissimis
871 2436 185 51 credibilibus:

264 2478 128 44 nullum
354 2478 166 44 credibile
481 2478 140 44 dabitur
583 2478 102 44 quin
647 2478 140 44 motiuum
749 2478 153 44 habeatur
864 2478 179 44 sufficiens
991 2478 64 44 cum

253 2514 118 47 actu
327 2514 222 47 spotestaneo
505 2514 222 47 voluntatis.
682 2514 118 47 Plus
756 2514 118 47 enim
830 2514 89 47 de
874 2514 148 47 motiuo
963 2514 74 47 min

263 2548 166 47 coexigit
388 2548 83 47 de
430 2548 111 47 actu
499 2548 194 47 voluntatis
652 2548 83 47 ad
693 2548 194 47 credendum:
846 2548 97 47 nec
901 2548 111 47 erit
957 2548 83 47 asse

257 2582 89 59 sus
308 2582 76 59 in
346 2582 178 59 rationibus
486 2582 140 59 topicis
588 2582 89 59 vel
639 2582 76 59 in
677 2582 114 59 solis
753 2582 140 59 actibus
855 2582 191 59 voluntatis:
994 2582 64 59 quo

270 2618 75 57 se
308 2618 100 57 solo
371 2618 113 57 fidem
446 2618 163 57 producere
571 2618 188 57 sufficiant.
721 2618 63 57 â‹
746 2618 75 57 Ad
784 2618 138 57 decimum
884 2618 138 57 dicitur
972 2618 75 57 quod

253 2657 113 66 sic:
323 2657 113 66 quod
394 2657 127 66 patet
478 2657 84 66 de
520 2657 141 66 adulto
619 2657 183 66 baptizato
760 2657 84 66 in
802 2657 155 66 mortali
914 2657 99 66 cui
957 2657 99 66 fides

1096 237 185 62 infunditur:
1244 237 74 62 et
1281 237 111 62 forte
1355 237 111 62 spes.
1429 237 99 62 Quod
1491 237 160 62 probatur:
1614 237 99 62 quia
1676 237 99 62 dato
1738 237 99 62 quod
1799 237 74 62 in
1824 237 74 62 bono

1100 282 123 58 simul
1182 282 218 58 infundantur:
1359 282 150 58 propter
1468 282 150 58 mortale
1577 282 163 58 charitas
1700 282 163 58 tollitur
1809 282 95 58 aliis

1095 322 127 56 duabus
1184 322 178 56 stantibus:
1324 322 102 56 ergo
1387 322 114 56 eodem
1463 322 102 56 modo
1527 322 102 56 fuit
1590 322 76 56 in
1628 322 114 56 prima
1705 322 178 56 infusione.
1832 322 63 56 fi-

1098 359 88 47 des
1149 359 100 47 enim
1211 359 75 47 et
1249 359 100 47 spes
1311 359 175 47 perheresim
1449 359 175 47 pertinacem
1587 359 75 47 et
1624 359 213 47 desperationem
1787 359 113 47 tollun-

1090 400 105 44 tur:
1155 400 118 44 licet
1234 400 157 44 charitas
1352 400 196 44 connectatur
1509 400 118 44 aliis
1587 400 131 44 duabus
1679 400 79 44 et
1718 400 105 44 sine
1783 400 92 44 eis
1823 400 65 44 non

1095 430 161 58 habeatur:
1219 430 99 58 bene
1281 430 112 58 tamen
1355 430 137 58 contra.
1455 430 62 58 â‹
1479 430 74 58 Ad
1517 430 161 58 vndecimum
1641 430 199 58 respondetur.
1802 430 74 58 de
1827 430 62 58 fi-

1098 475 77 48 de
1137 475 154 48 cquisita
1252 475 90 48 non
1303 475 90 48 est
1354 475 128 48 dubium
1444 475 102 48 quin
1508 475 102 48 illa
1572 475 179 48 intendatur
1713 475 77 48 et
1738 475 154 48 remittatur

1093 507 97 58 tam
1149 507 97 58 quo
1204 507 83 58 ad
1246 507 125 58 actum
1329 507 111 58 quam
1398 507 97 58 quo
1453 507 83 58 ad
1495 507 166 58 habitum.
1620 507 97 58 sed
1675 507 180 58 intedimus
1800 507 97 58 loqui

1107 549 61 42 de
1137 549 112 42 infusa:
1219 549 61 42 et
1250 549 112 42 dicitur
1331 549 82 42 quod
1382 549 82 42 illa
1433 549 143 42 intenditur
1545 549 61 42 de
1576 549 92 42 lege.
1637 549 102 42 patet:
1708 549 82 42 quia
1759 549 92 42 dixit
1810 549 82 42 domins

1112 576 144 61 petro.
1212 576 173 61 Mattrei.
1342 576 144 61 xiini.
1443 576 144 61 Modice
1543 576 130 61 fidei
1630 576 130 61 quire
1702 576 187 61 dubistasti-

1094 625 101 43 et
1145 625 185 43 mulieri
1279 625 219 43 Chananee.
1448 625 202 43 Matthei.
1599 625 118 43 xv.
1666 625 168 43 Mulier
1767 625 135 43 magna-

1095 655 93 52 est
1148 655 120 52 fides
1228 655 106 52 tua.
1294 655 106 52 ergo
1360 655 133 52 aliqua
1453 655 120 52 fides
1533 655 93 52 est
1586 655 120 52 maior
1666 655 120 52 alia.
1746 655 106 52 Idem
1799 655 93 52 patet

1095 691 160 59 Matthei.
1215 691 120 59 viii.
1295 691 80 59 de
1335 691 200 59 Centurione.
1495 691 80 59 de
1535 691 120 59 cuius
1615 691 107 59 fide
1682 691 120 59 dixit
1748 691 147 59 Christus.

1098 734 90 48 non
1149 734 128 48 inueni
1239 734 128 48 tantam
1328 734 115 48 fidem
1405 734 77 48 in
1443 734 141 48 isrtur.
1546 734 90 48 Sed
1597 734 128 48 dices.
1686 734 77 48 he
1712 734 179 48 auctoritates

1096 765 208 57 intelliguntur
1267 765 74 57 de
1304 765 98 57 fide
1365 765 147 57 cquisita
1476 765 74 57 et
1512 765 86 57 non
1561 765 135 57 infusa.
1659 765 159 57 Arguitur.
1770 765 123 57 charitas

1101 806 131 55 augetur
1196 806 95 55 quae
1256 806 178 55 facilitatei
1398 806 71 55 vt
1434 806 83 55 ita
1482 806 107 55 dicam
1553 806 59 55 /
1577 806 71 55 ad
1613 806 107 55 actum
1684 806 167 55 meritorium
1815 806 71 55 vt
1839 806 59 55 po-

1098 840 106 57 stea
1164 840 225 57 distinctione.
1349 840 119 57 xvii.
1428 840 119 57 notum
1508 840 145 57 euadet.
1613 840 93 57 sed
1666 840 119 57 fides
1746 840 132 57 infusa
1825 840 66 57 in-

1102 877 120 59 clinat
1186 877 72 59 in
1222 877 108 59 actum
1294 877 156 59 credendi:
1413 877 72 59 et
1449 877 84 59 est
1497 877 108 59 anime
1569 877 180 59 ornamentum.
1712 877 96 59 ergo
1760 877 132 59 proportio

1097 919 170 48 nabiliter
1228 919 118 48 debet
1306 919 144 48 augeri:
1411 919 209 48 dignificanda
1581 919 92 48 est
1633 919 105 48 enim
1699 919 131 48 natura
1790 919 92 48 vbi
1830 919 65 48 non

1107 954 144 44 constat
1211 954 78 44 de
1251 954 170 44 opposito.
1381 954 104 44 ergo
1446 954 91 44 nec
1498 954 170 44 concursus
1629 954 91 44 nec
1681 954 157 44 intensio
1799 954 91 44 est
1838 954 65 44 ne-

1105 992 109 49 ganda
1177 992 60 49 a
1201 992 97 49 fide
1262 992 133 49 infusa:
1358 992 84 49 cum
1407 992 157 49 intensior
1527 992 97 49 plus
1587 992 157 49 concurrat
1708 992 97 49 quam
1756 992 133 49 remissior

1094 1035 149 42 augetur
1203 1035 122 42 autem
1284 1035 122 42 fides
1365 1035 95 42 per
1420 1035 122 42 solos
1501 1035 122 42 actus
1582 1035 163 42 credendi
1704 1035 108 42 siue
1758 1035 136 42 informes

1094 1062 110 50 siue
1163 1062 110 50 non:
1231 1062 123 50 sicut
1314 1062 164 50 charitas
1437 1062 137 50 infusa
1533 1062 69 50 p
1560 1062 123 50 omnem
1642 1062 123 50 actum
1725 1062 151 50 merito.
1820 1062 69 50 ium

1107 1099 89 58 sed
1158 1099 89 58 (vt
1209 1099 139 58 opinor)
1310 1099 101 58 deus
1373 1099 127 58 tollit
1462 1099 114 58 fidem
1538 1099 76 58 et
1576 1099 114 58 spece
1652 1099 139 58 infusas
1753 1099 63 58 a
1765 1099 127 58 decedem-

1094 1139 79 53 te
1133 1139 79 53 in
1173 1139 145 53 mortali
1279 1139 158 53 peccato.
1397 1139 79 53 si
1437 1139 106 53 enim
1503 1139 132 53 manent
1595 1139 92 53 per
1648 1139 145 53 instans
1754 1139 92 53 vel
1793 1139 106 53 tempus

1101 1174 75 52 in
1139 1174 150 52 damnato:
1252 1174 125 52 semper
1340 1174 75 52 in
1377 1174 100 52 illo
1440 1174 163 52 manerent:
1565 1174 100 52 quod
1628 1174 88 52 non
1678 1174 138 52 videtur
1766 1174 138 52 dicendum.

1104 1211 177 48 SDesperans
1243 1211 114 48 autem
1319 1211 114 48 redit
1395 1211 164 48 conuersus
1521 1211 76 48 ad
1559 1211 139 48 maiorem
1660 1211 114 48 fidem
1736 1211 101 48 quam
1799 1211 114 48 antea
1862 1211 38 48 /

1103 1250 128 43 sicut
1188 1250 184 43 resurgens
1330 1250 170 43 resurgit
1457 1250 85 43 ad
1500 1250 156 43 maiorem
1613 1250 156 43 gratiam
1727 1250 156 43 solito.
1826 1250 71 43 Fi-

1101 1291 91 46 des
1153 1291 91 46 sao
1205 1291 130 46 infusa
1296 1291 91 46 non
1348 1291 182 46 remittitur
1491 1291 78 46 de
1531 1291 117 46 lege.
1609 1291 104 46 bene
1674 1291 117 46 tamen
1752 1291 91 46 est
1791 1291 104 46 remis-

1105 1323 141 52 sibilis:
1211 1323 94 52 quia
1269 1323 70 52 si
1305 1323 188 52 remitteretur
1457 1323 59 52 /
1480 1323 82 52 hoc
1527 1323 105 52 esset
1598 1323 82 52 per
1644 1323 129 52 heresim
1738 1323 164 52 pertinacem
1855 1323 59 52 vel

1102 1369 106 41 aliud
1173 1369 117 41 crimem
1255 1369 164 41 impetinens
1384 1369 117 41 fidei.
1466 1369 141 41 Secundum
1572 1369 82 41 non
1618 1369 82 41 est
1665 1369 153 41 dicendum:
1783 1369 94 41 quia
1830 1369 70 41 tunc

1096 1398 131 52 fides
1184 1398 146 52 infusa
1286 1398 233 52 remitteretur
1475 1398 87 52 ad
1519 1398 102 52 non
1577 1398 146 52 gradum
1679 1398 189 52 inclusiue
1811 1398 87 52 sine

1107 1437 191 51 despatione.
1260 1437 89 51 nec
1311 1437 140 51 primum:
1413 1437 102 51 quia
1477 1437 140 51 heresis
1579 1437 153 51 pertinax
1694 1437 115 51 totam
1770 1437 115 51 fidem
1834 1437 64 51 in-

1097 1470 114 53 fulam
1173 1470 216 53 quantumcumque
1351 1470 140 53 intensa
1452 1470 127 53 fuerit
1541 1470 152 53 tollitu.
1655 1470 127 53 primum
1744 1470 101 53 enim
1795 1470 114 53 instans

1111 1518 111 42 talis
1184 1518 135 42 heresis
1283 1518 86 42 est
1332 1518 123 42 primum
1418 1518 135 42 instans
1517 1518 86 42 non
1566 1518 98 42 esse
1627 1518 111 42 fidei
1701 1518 123 42 infuse
1787 1518 74 42 si
1824 1518 74 42 in
1849 1518 61 42 in-

1107 1548 107 41 stati
1178 1548 178 41 producatur.
1321 1548 71 41 si
1357 1548 119 41 subiio
1440 1548 166 41 producatur
1570 1548 83 41 seu
1618 1548 95 41 pure
1677 1548 214 41 partiabilitur:
1844 1548 59 41 vl-

1103 1588 127 46 timum
1188 1588 155 46 instans
1301 1588 99 46 non
1357 1588 113 46 esse
1428 1588 155 46 heresis
1541 1588 127 46 talis
1626 1588 99 46 est
1682 1588 155 46 vltimum
1781 1588 127 46 instans

1103 1626 113 57 esse
1173 1626 127 57 fidei
1258 1626 155 57 infuse:
1371 1626 99 57 nec
1427 1626 113 57 tale
1497 1626 99 57 ens
1554 1626 197 57 inconuenit
1709 1626 70 57 a
1737 1626 99 57 deo
1779 1626 127 57 annihi-

1101 1660 119 53 lari
1176 1660 149 53 subito
1280 1660 179 53 secundum
1400 1660 119 53 legem.

1294 1690 133 55 Veritur
1391 1690 145 55 secundo:
1499 1690 109 55 vtrum
1572 1690 169 55 propositio
1705 1690 145 55 mentalis
1801 1690 97 55 compo-

1296 1740 115 45 natur
1373 1740 77 45 ex
1411 1740 153 45 pluribus
1526 1740 192 45 partialibus
1680 1740 166 45 notitiis:
1795 1740 102 45 quarum

1293 1777 86 39 vna
1342 1777 86 39 est
1391 1777 159 39 subiectum
1514 1777 61 39 /
1538 1777 98 39 alia
1599 1777 123 39 copula
1685 1777 61 39 /
1710 1777 74 39 et
1747 1777 98 39 alia
1796 1777 110 39 praedi-

1286 1812 133 42 catum.
1379 1812 119 42 Circa
1458 1812 186 42 praesentem
1604 1812 159 42 materiam
1723 1812 93 42 due
1776 1812 106 42 sunt
1829 1812 80 42 posi

1280 1844 132 57 tiones.
1376 1844 108 57 Prima
1448 1844 84 57 est
1496 1844 156 57 aliquorum
1617 1844 156 57 tenentium
1725 1844 180 57 propositionem

1107 1892 160 45 mentalem
1227 1892 107 45 esse
1294 1892 107 45 vnam
1361 1892 174 45 simplicem
1494 1892 174 45 notitiam.
1628 1892 107 45 Alia
1695 1892 94 45 est
1735 1892 174 45 Aristotelis

1110 1929 75 39 in
1148 1929 113 39 primo
1223 1929 226 39 perihermenias:
1411 1929 75 39 et
1449 1929 75 39 in
1486 1929 100 39 omni
1549 1929 100 39 loco
1612 1929 75 39 in
1649 1929 88 39 quo
1699 1929 75 39 de
1725 1929 175 39 propositione

1103 1961 171 46 loquitur.
1235 1961 92 46 Nec
1287 1961 119 46 iuuat
1366 1961 145 46 currere
1472 1961 79 46 ad
1512 1961 145 46 vocalem
1617 1961 66 46 /
1643 1961 158 46 scriptam
1762 1961 66 46 /
1788 1961 92 46 vel
1828 1961 79 46 mem-

1103 1996 124 47 talem
1186 1996 97 47 non
1241 1996 179 47 vltimatam
1379 1996 69 47 /
1407 1996 110 47 quae
1476 1996 124 47 habet
1559 1996 138 47 plures
1655 1996 152 47 partes.
1766 1996 110 47 Iste
1821 1996 83 47 enim

1108 2038 151 50 passiones
1225 2038 105 50 primo
1294 2038 163 50 mentalibus
1422 2038 174 50 conueniunt:
1562 2038 70 50 et
1597 2038 70 50 ex
1632 2038 174 50 consequenti
1759 2038 140 50 propositio

1113 2076 115 49 nibus
1190 2076 77 49 ad
1228 2076 154 49 placitum
1344 2076 256 49 significantibus:
1561 2076 102 49 quia
1625 2076 102 49 sunt
1689 2076 115 49 signa
1753 2076 154 49 mentalium:

1110 2109 156 49 secundum
1227 2109 117 49 illud
1305 2109 117 49 primi
1383 2109 104 49 peri
1448 2109 182 49 hermenias.
1591 2109 104 49 Sunt
1656 2109 78 49 ea
1695 2109 104 49 quae
1760 2109 104 49 sunt
1825 2109 78 49 in
1851 2109 52 49 vo

1105 2149 132 42 ceearum
1201 2149 96 42 quae
1261 2149 96 42 sunt
1321 2149 72 42 in
1357 2149 108 42 anima
1429 2149 156 42 passionum
1549 2149 108 42 note.
1621 2149 84 42 ita
1669 2149 96 42 quod
1729 2149 132 42 dicitur
1813 2149 84 42 recte

1111 2185 84 50 hec
1159 2185 84 50 vox
1207 2185 60 50 a
1232 2185 181 50 significans
1376 2185 133 50 hominem
1473 2185 96 50 esse
1533 2185 121 50 animal
1618 2185 96 50 esse
1678 2185 181 50 propositio:
1823 2185 84 50 non
1859 2185 48 50 ob

1112 2224 218 45 pluralitatem
1290 2224 136 45 vocis:
1385 2224 96 45 sed
1440 2224 150 45 propter
1549 2224 164 45 mentalem
1672 2224 96 45 cui
1713 2224 191 45 subordinatur

1115 2260 112 44 quia
1185 2260 112 44 isto
1255 2260 112 44 modo
1326 2260 225 44 ampliationes
1508 2260 70 44 /
1536 2260 239 44 suppositiones
1733 2260 70 44 /
1761 2260 84 44 et
1789 2260 112 44 cetere

1113 2300 167 41 passiones
1242 2300 180 41 terminorum
1383 2300 77 41 et
1422 2300 219 41 propositionum
1602 2300 193 41 conueniunt.
1756 2300 77 41 Et
1782 2300 116 41 ratione

1105 2342 140 40 patet.
1203 2342 98 40 nam
1259 2342 210 40 intellectus
1427 2342 140 40 habeat
1526 2342 182 40 conceptum
1666 2342 182 40 simplicem
1792 2342 112 40 sortis

1106 2381 76 40 in
1144 2381 191 40 intellectum
1297 2381 64 40 /
1322 2381 76 40 et
1360 2381 165 40 conceptum
1488 2381 165 40 platonis:
1615 2381 89 40 vel
1666 2381 127 40 potest
1754 2381 127 40 habere
1831 2381 76 40 con-

1110 2410 131 42 ceptum
1201 2410 91 42 vel
1254 2410 118 42 actum
1332 2410 157 42 verbalem
1450 2410 131 42 copule
1541 2410 91 42 vel
1593 2410 105 42 non.
1659 2410 78 42 si
1698 2410 144 42 primum:
1802 2410 91 42 iam
1842 2410 65 42 ha-

1109 2447 99 44 beo
1165 2447 169 44 mentalem
1292 2447 113 44 vnam
1363 2447 197 44 compositam
1518 2447 85 44 ex
1560 2447 141 44 tribus
1658 2447 169 44 partibus
1771 2447 127 44 diuersa

1103 2481 94 48 rum
1156 2481 175 48 rationum.
1291 2481 94 48 Non
1345 2481 108 48 enim
1412 2481 94 48 est
1466 2481 161 48 negandum
1587 2481 108 48 quin
1654 2481 202 48 intellectus
1802 2481 108 48 possit

1115 2522 116 50 patre
1193 2522 129 50 verbum
1283 2522 78 50 in
1322 2522 129 50 mente.
1413 2522 155 50 Preterea
1529 2522 78 50 in
1568 2522 116 50 nulla
1645 2522 207 50 propositione
1801 2522 103 50 secun-

1112 2564 100 44 dum
1169 2564 114 44 hanc
1240 2564 114 44 viam
1311 2564 128 44 esset
1397 2564 214 44 praedicatio
1567 2564 171 44 identica
1696 2564 100 44 vel
1738 2564 157 44 disparata

1106 2595 157 42 Rursus
1216 2595 110 42 nec
1279 2595 142 42 erunt
1374 2595 126 42 tres
1453 2595 173 42 termini
1578 2595 94 42 in
1626 2595 220 42 syllogismo
1783 2595 126 42 menta-

1107 2631 93 41 li:
1160 2631 93 41 nec
1213 2631 132 41 medium
1305 2631 79 41 in
1345 2631 132 41 maiore
1437 2631 79 41 in
1477 2631 119 41 prima
1556 2631 132 41 figura
1649 2631 225 41 praedicabitur
1834 2631 79 41 in
1860 2631 53 41 mi

1102 2672 137 43 nore:
1193 2672 106 43 nec
1254 2672 91 43 in
1299 2672 228 43 conuersione
1481 2672 91 43 de
1527 2672 212 43 praedicato
1694 2672 182 43 conuerse
1815 2672 91 43 fiet
