2367 3313
456 207 148 67 gratia
560 207 178 67 producta
693 207 89 67 in
737 207 104 67 hoc
796 207 178 67 instanti
930 207 192 67 concurrit
1077 207 178 67 profecto
1196 207 59 67 ad

463 262 123 47 actum
545 262 232 47 instantaneum:
736 262 82 47 et
777 262 96 47 est
832 262 123 47 prior
914 262 82 47 eo
955 262 150 47 natura.
1064 262 123 47 actus
1146 262 109 47 enim
1200 262 55 47 es

477 302 134 42 gratia
570 302 120 42 prior
651 302 147 42 tanquam
758 302 120 42 causa
838 302 107 42 sine
905 302 94 42 qua
959 302 107 42 non:
1025 302 80 42 et
1066 302 161 42 transeat
1173 302 80 42 quod

469 341 109 44 actus
541 341 84 44 est
590 341 157 44 intensior
710 341 133 44 propter
807 341 133 44 gratiae
903 341 169 44 concursum:
1036 341 72 44 et
1072 341 169 44 econuerso:
1205 341 84 44 sed

457 372 142 43 semper
556 372 184 43 posterior
698 372 184 43 concursus
840 372 113 43 erit
911 372 142 43 minor:
1010 372 85 43 et
1052 372 113 43 erit
1109 372 156 43 cessatio.

455 412 104 39 deus
520 412 104 39 enim
585 412 117 39 videt
663 412 117 39 istum
741 412 182 39 eliciturum
884 412 143 39 aliquem
988 412 117 39 actum
1066 412 91 39 qui
1118 412 143 39 fuisset
1209 412 52 39 vt

467 447 95 41 duo
522 447 95 41 cum
576 447 177 41 voluntate
712 447 109 41 sine
780 447 149 41 gratia:
888 447 81 41 et
929 447 204 41 supinfundit
1092 447 149 41 gratiam
1187 447 68 41 que

470 486 113 45 facit
546 486 100 45 quod
608 486 113 45 actus
683 486 100 45 erit
746 486 163 45 intensior
871 486 100 45 puta
934 486 100 45 erit
997 486 75 45 vt
1034 486 113 45 tria.
1109 486 63 45 ⁋
1134 486 88 45 Sed
1172 486 75 45 quia

465 524 146 42 statim
567 524 175 42 diceres:
698 524 131 42 actus
786 524 204 42 meritorius
946 524 87 42 vt
990 524 117 42 tria
1063 524 160 42 meretur
1165 524 87 42 maio

452 558 95 45 rem
507 558 149 45 gratiam
615 558 108 45 quam
682 558 122 45 actus
763 558 81 45 vt
804 558 108 45 duo:
885 558 176 45 magnitudo
1020 558 149 45 gratiae
1128 558 122 45 facit
1196 558 54 45 ad

464 599 214 46 intensionem
635 599 143 46 actus:
735 599 114 46 ergo
806 599 143 46 semper
906 599 143 46 regnat
1005 599 200 46 argumentum
1162 599 86 46 de
1191 599 71 46 con

467 641 130 39 cursu
553 641 87 39 in
597 641 174 39 abyssum.
727 641 72 39 ⁋
756 641 159 39 Dicitur
872 641 116 39 quod
945 641 101 39 vna
1003 641 174 39 medietas
1133 641 101 39 vel
1177 641 72 39 po-

470 675 111 42 tius
539 675 97 42 due
595 675 139 42 tertie
692 675 125 42 vnius
775 675 139 42 gradus
872 675 125 42 actus
955 675 125 42 fiunt
1038 675 83 42 ob
1066 675 180 42 intensioren

470 711 147 43 gratiam
576 711 173 43 causantem
710 711 120 43 actu:
790 711 80 43 et
830 711 107 43 quia
896 711 120 43 actus
976 711 93 43 est
1029 711 120 43 magis
1096 711 160 43 meritorius

454 747 82 45 ob
495 747 206 45 intensionem
660 747 110 45 eius
728 747 123 45 paulo
811 747 123 45 maior
893 747 137 45 gratia
989 747 123 45 datur
1071 747 151 45 ratione
1167 747 82 45 illi

463 785 187 42 excessus:
607 785 86 42 et
650 785 101 42 sic
708 785 86 42 in
751 785 130 42 paruo
837 785 130 42 actus
924 785 115 42 erit
996 785 130 42 magis
1068 785 187 42 meritorius.

465 820 146 45 conatus
571 820 80 45 vt
611 820 93 45 duo
664 820 67 45 a
691 820 133 45 gratia
784 820 80 45 vt
824 820 93 45 duo
877 820 146 45 faciunt
984 820 120 45 actum
1064 820 186 45 meritorium
1197 820 53 45 in

469 858 136 44 tensum
565 858 82 44 vt
606 858 177 44 quattuor.
742 858 136 44 gratia
837 858 191 44 infunditur
987 858 82 44 vt
1028 858 123 44 vnum.
1109 858 136 44 semper
1191 858 68 44 ma-

466 899 86 43 net
515 899 98 43 idem
576 899 147 43 conatus:
686 899 86 43 cum
735 899 86 43 est
784 899 73 43 in
821 899 110 43 eodem
894 899 159 43 instanti:
1016 899 98 43 ergo
1078 899 98 43 ille
1139 899 98 43 vnus
1188 899 61 43 gra

461 932 94 46 dus
514 932 148 46 gratiae
622 932 94 46 non
675 932 121 46 facit
756 932 107 46 vnum
823 932 134 46 gradum
917 932 148 46 meriti:
1024 932 94 46 vel
1078 932 161 46 dimidium
1185 932 67 46 cum

470 970 80 42 est
515 970 92 42 idem
573 970 138 42 conatus:
676 970 138 42 intensio
779 970 103 42 actus
848 970 126 42 crescit
940 970 80 42 sic
986 970 57 42 a
1009 970 126 42 gratia:
1101 970 69 42 et
1135 970 80 42 non
1181 970 57 42 a
1193 970 57 42 co-

459 1010 138 46 natu:
551 1010 92 46 si
597 1010 184 46 gratione
735 1010 184 46 quattuor
873 1010 169 46 graduum
995 1010 138 46 actus
1087 1010 138 46 detur
1164 1010 92 46 gra-

462 1044 82 42 tia
509 1044 70 42 vt
544 1044 93 42 vnu:
602 1044 70 42 et
637 1044 105 42 actus
707 1044 93 42 erit
766 1044 152 42 intensior
883 1044 105 42 solum
953 1044 128 42 ratione
1046 1044 128 42 gratiae
1139 1044 117 42 infule
1209 1044 47 42 de

469 1080 117 38 nouo
542 1080 102 38 per
601 1080 117 38 vnum
674 1080 161 38 gradum:
791 1080 161 38 dabitur
908 1080 117 38 nisi
981 1080 146 38 quarta
1084 1080 117 38 pars
1142 1080 117 38 gradus

469 1118 138 47 gratie:
569 1118 75 47 et
606 1118 100 47 ille
669 1118 88 47 vix
719 1118 113 47 facit
794 1118 138 47 octauam
894 1118 125 47 partem
981 1118 125 47 actus:
1069 1118 75 47 et
1106 1118 100 47 ille
1156 1118 100 47 exces-

467 1155 89 43 sus
518 1155 114 43 adhuc
594 1155 139 43 meretur
695 1155 139 43 minorem
797 1155 139 43 gratiam
898 1155 101 43 quam
962 1155 127 43 paius:
1050 1155 76 43 et
1088 1155 89 43 sic
1139 1155 76 43 de
1164 1155 89 43 inten

465 1193 106 41 sione
536 1193 118 41 actus:
618 1193 94 41 ergo
677 1193 94 41 erit
736 1193 129 41 status:
830 1193 82 41 vel
877 1193 71 41 si
912 1193 82 41 non
959 1193 82 41 sit
1006 1193 129 41 status:
1100 1193 82 41 non
1135 1193 118 41 sequitur

457 1229 117 45 quod
530 1229 117 45 erit
603 1229 146 45 aliqua
705 1229 131 45 forma
793 1229 175 45 infinita
924 1229 102 45 per
983 1229 204 45 additionem
1129 1229 131 45 partium

459 1266 196 42 inequalium.
616 1266 65 42 ⁋
642 1266 157 42 Ulterius
760 1266 144 42 dicetur
865 1266 105 42 quod
930 1266 105 42 deus
995 1266 118 42 videt
1074 1266 79 42 in
1113 1266 92 42 hoc
1152 1266 92 42 insta

460 1306 100 42 ti:
517 1306 86 42 et
560 1306 86 42 ab
603 1306 144 42 eterno
704 1306 158 42 videbat
818 1306 158 42 conatum
933 1306 201 42 voluntatis
1091 1306 86 42 vt
1134 1306 115 42 duo:
1192 1306 57 42 et

458 1342 171 42 gratiam
583 1342 93 42 vt
630 1342 109 42 duo
692 1342 171 42 quantum
817 1342 171 42 possunt
941 1342 93 42 in
988 1342 218 42 intensione
1144 1342 109 42 actus

467 1378 185 46 producere
609 1378 85 46 et
652 1378 156 46 quantum
765 1378 114 46 illa
837 1378 142 46 gratia
936 1378 85 46 in
979 1378 114 46 illo
1050 1378 171 46 instanti
1164 1378 85 46 col-

466 1417 113 36 lata
537 1417 142 36 potest
636 1417 142 36 facere
735 1417 85 36 ad
778 1417 213 36 intensionem
948 1417 142 36 actus:
1047 1417 85 36 et
1090 1417 156 36 ratione
1189 1417 57 36 to

460 1451 119 41 tius
535 1451 119 41 quod
609 1451 238 41 tuimaginaris
802 1451 89 41 in
847 1451 194 41 argumento
996 1451 134 41 facit
1085 1451 134 41 actum
1160 1451 89 41 essi

466 1488 186 43 intensum
605 1488 93 43 et
652 1488 171 43 gratiam
776 1488 341 43 proportionabiliter
1070 1488 186 43 intendit
1194 1488 62 43 et

466 1528 168 37 vtrumque
592 1528 112 37 erit
662 1528 168 37 finitum.
787 1528 98 37 Sed
843 1528 154 37 arguens
955 1528 98 37 non
1011 1528 209 37 acquiescet.
1164 1528 98 37 dicet

471 1563 93 39 enim
529 1563 93 39 quod
587 1563 104 39 debet
657 1563 139 39 secundum
761 1563 104 39 legem
830 1563 127 39 infundi
923 1563 139 39 infinita
1027 1563 127 39 gratia.
1119 1563 93 39 Quod
1177 1563 69 39 si
1200 1563 58 39 ne-

458 1597 112 46 ges
522 1597 160 46 adibit
634 1597 209 46 discursum
795 1597 209 46 argumenti
955 1597 96 46 vt
1003 1597 144 46 pius.
1100 1597 80 46 ⁋
1116 1597 128 46 Ulteri

459 1641 132 36 dices
547 1641 88 36 ab
592 1641 147 36 equali
694 1641 147 36 conatu
797 1641 147 36 semper
900 1641 132 36 actus
988 1641 103 36 est
1047 1641 191 36 equaliter
1180 1641 73 36 mer

461 1675 146 44 torius.
567 1675 120 44 licet
647 1675 200 44 inequaliter
807 1675 173 44 intensus.
940 1675 80 44 si
980 1675 106 44 vnus
1046 1675 146 44 haberet
1140 1675 106 44 gratia

460 1714 83 46 vt
502 1714 111 46 vnum
571 1714 194 46 acquisitam
723 1714 83 46 ex
765 1714 111 46 suis
834 1714 166 46 meritis:
959 1714 83 46 et
1001 1714 125 46 alius
1084 1714 152 46 haberet
1181 1714 69 46 mil

466 1750 93 42 le
512 1750 154 42 gradus
620 1750 154 42 gratie
728 1750 200 42 equaliter
882 1750 185 42 conantes
1021 1750 93 42 vt
1067 1750 139 42 vnum.
1144 1750 108 42 secun

467 1788 97 45 dus
523 1788 152 45 habebit
633 1788 208 45 intensiorem
799 1788 125 45 actum
882 1788 111 45 quam
952 1788 138 45 prior.
1048 1788 111 45 puta
1118 1788 125 45 actus
1187 1788 69 45 se-

463 1823 165 43 secundi
583 1823 120 43 erit
658 1823 90 43 vt
703 1823 195 43 duodecim:
853 1823 90 43 et
898 1823 165 43 prioris
1018 1823 90 43 vt
1063 1823 120 43 vnum
1138 1823 90 43 in
1168 1823 90 43 gra-

472 1863 100 47 dum:
534 1863 87 47 sed
584 1863 100 47 illi
646 1863 112 47 actus
720 1863 112 47 erunt
795 1863 162 47 equaliter
919 1863 174 47 meritorii:
1056 1863 100 47 quia
1119 1863 100 47 isti
1168 1863 75 47 actu

472 1899 185 46 procedunt
614 1899 85 46 ab
657 1899 142 46 equali
757 1899 157 46 conatu.
871 1899 100 46 Non
927 1899 128 46 valet
1013 1899 142 46 dicere
1113 1899 100 46 hic
1155 1899 100 46 actus

465 1941 102 34 est
524 1941 174 34 intensus
654 1941 87 34 vt
698 1941 145 34 decem:
800 1941 102 34 hic
858 1941 131 34 actus
945 1941 102 34 est
1003 1941 131 34 actus
1076 1941 174 34 meritorius

480 1976 104 47 ergo
545 1976 91 47 hic
597 1976 117 47 actus
675 1976 91 47 est
728 1976 182 47 meritorius
871 1976 78 47 vt
910 1976 130 47 decem:
1001 1976 143 47 oportet
1106 1976 104 47 enim
1158 1976 104 47 conclu

470 2009 123 48 dere:
552 2009 96 48 hic
607 2009 123 48 actus
689 2009 191 48 meritorius
839 2009 96 48 est
893 2009 82 48 vt
934 2009 136 48 decem:
1030 2009 82 48 et
1071 2009 96 48 hoc
1126 2009 96 48 est
1166 2009 96 48 verum

469 2046 86 45 in
512 2046 144 45 gradu.
612 2046 72 45 ⁋
641 2046 100 45 Non
698 2046 115 45 enim
770 2046 144 45 refert
871 2046 115 45 vnum
942 2046 129 45 actum
1028 2046 115 45 esse
1100 2046 115 45 alio
1158 2046 100 45 maio-

463 2086 102 43 rem
522 2086 87 43 in
565 2086 131 43 gradu
653 2086 73 43 a
682 2086 131 43 minus
769 2086 219 43 meritorium.
944 2086 131 43 patet
1032 2086 87 43 in
1076 2086 131 43 gradu
1148 2086 117 43 heroi-

474 2123 79 46 co
513 2123 79 46 er
552 2123 118 46 parte
631 2123 144 46 obiecti
736 2123 92 46 vel
788 2123 236 46 circunstantie:
984 2123 79 46 et
1023 2123 79 46 in
1063 2123 118 46 gradu
1128 2123 131 46 inferio-

467 2158 81 49 ri
508 2158 190 49 intensiore
657 2158 81 49 in
698 2158 135 49 gradu.
793 2158 81 49 In
833 2158 176 49 reciproca
969 2158 203 49 productione
1131 2158 122 49 actus
1199 2158 54 49 et

467 2194 157 55 habitus
581 2194 157 55 aliquid
695 2194 129 55 super
781 2194 114 55 ista
852 2194 228 55 difficultate
1038 2194 186 55 tangetur.
1181 2194 71 55 ⁋
1195 2194 57 55 Se

475 2237 129 49 ptimo
561 2237 86 49 si
604 2237 144 49 gratia
705 2237 187 49 concurrit
848 2237 86 49 ad
892 2237 129 49 actum
978 2237 201 49 meritorium
1136 2237 72 49 /
1150 2237 101 49 seque

464 2277 128 42 retur
549 2277 114 42 quod
621 2277 143 42 habens
720 2277 143 42 magnam
820 2277 157 42 gratiam
934 2277 171 42 facilius
1063 2277 143 42 potest
1148 2277 100 42 leuar

471 2308 118 51 vnam
545 2308 147 51 libram
648 2308 162 51 propter
766 2308 118 51 deum
839 2308 118 51 quam
913 2308 132 51 alius
1001 2308 191 51 equaliter
1133 2308 118 51 fortis

462 2344 88 51 et
506 2344 162 51 ceteris
624 2344 162 51 paribus
742 2344 147 51 potest
844 2344 132 51 aliam
933 2344 147 51 libram
1036 2344 147 51 leuare
1138 2344 103 51 qui
1183 2344 73 51 mi-

469 2378 99 51 nus
525 2378 141 51 gratie
624 2378 141 51 habet.
723 2378 141 51 patet.
822 2378 113 51 illa
892 2378 155 51 leuatio
1005 2378 169 51 exterior
1132 2378 99 51 est
1174 2378 85 51 meri

472 2419 113 53 tum:
543 2419 113 53 modo
614 2419 85 53 ad
656 2419 113 53 omne
727 2419 156 53 meritum
840 2419 184 53 concurrit
982 2419 156 53 gratia.
1095 2419 99 53 qui
1138 2419 113 53 itaque

465 2461 147 42 multum
568 2461 147 42 gratie
672 2461 133 42 habet
760 2461 118 42 pius
834 2461 133 42 habet
922 2461 206 42 adminiculi
1084 2461 118 42 quam
1143 2461 118 42 alius.

479 2499 144 44 igitur.
584 2499 79 44 Si
623 2499 170 44 concedas.
754 2499 105 44 tunc
820 2499 144 44 eremita
924 2499 92 44 vel
977 2499 131 44 multum
1069 2499 131 44 gratie
1147 2499 105 44 habens

482 2534 138 51 potest
579 2534 138 51 leuare
676 2534 111 51 pius
745 2534 83 51 de
786 2534 180 51 grauitate
924 2534 111 51 quam
993 2534 124 51 alius
1076 2534 83 51 in
1104 2534 152 51 quadruplo

465 2570 190 49 neruosior
611 2570 102 49 non
670 2570 204 49 impeditus.
830 2570 117 49 immo
903 2570 102 49 hac
961 2570 102 49 via
1020 2570 102 49 nec
1078 2570 117 49 erit
1136 2570 117 49 status

471 2602 89 48 in
516 2602 149 48 maximo
620 2602 164 48 pondere
739 2602 119 48 quod
813 2602 119 48 iste
887 2602 149 48 potest
991 2602 164 48 leuare:
1110 2602 104 48 nec
1170 2602 89 48 in
1200 2602 59 48 mi

471 2644 123 61 nimo
548 2644 123 61 quod
624 2644 108 61 non
686 2644 154 61 potest
794 2644 169 61 leuare:
917 2644 108 61 cum
978 2644 92 61 ad
1024 2644 200 61 crementum
1163 2644 92 61 gra

1313 233 109 53 tie
1376 233 171 53 crescit
1500 233 202 53 actiuitas
1656 233 187 53 leuandi.
1795 233 78 53 ⁋
1827 233 93 53 Ad
1873 233 187 53 septimum
1998 233 124 53 respon

1322 267 127 56 detur
1407 267 155 56 negando
1519 267 254 56 consequentiam:
1731 267 141 56 gratia
1830 267 113 56 enim
1900 267 183 56 effectiue
2027 267 85 56 con-

1309 310 143 51 currit
1409 310 86 51 ad
1452 310 214 51 elicitionem
1623 310 129 51 actus
1709 310 200 51 voluntatis
1866 310 171 51 eliciti:
1995 310 100 51 sed
2038 310 71 51 non

1318 343 112 50 agit
1388 343 84 50 ad
1430 343 126 50 illam
1515 343 169 50 lationem
1641 343 197 50 exteriorem
1796 343 197 50 immediate:
1950 343 112 50 quia
2007 343 112 50 demon-

1308 379 155 51 strato
1417 379 155 51 minimo
1526 379 171 51 pondere
1650 379 124 51 quod
1728 379 155 51 sortes
1836 379 109 51 non
1899 379 155 51 potest
1992 379 124 51 leuare

1322 414 113 54 sine
1392 414 141 54 gratia
1491 414 141 54 stante
1589 414 141 54 simili
1688 414 169 54 disposit
1814 414 99 54 one
1871 414 84 54 in
1913 414 155 54 corpore
2026 414 70 54 a
2040 414 70 54 me-

1314 454 110 50 dio
1377 454 94 50 ob
1424 454 252 50 supuenientem
1629 454 173 50 gratiam
1754 454 252 50 qualemcumque
1959 454 110 50 non
2006 454 110 50 pote-

1314 491 105 56 rit
1374 491 135 56 illud
1464 491 150 56 pondus
1569 491 165 56 leuare:
1689 491 105 56 sed
1748 491 195 56 indirecte
1898 491 150 56 gratia
1988 491 135 56 concur-

1312 529 104 51 rit
1371 529 89 51 ad
1416 529 207 51 lcuationem
1578 529 148 51 illius
1682 529 192 51 ponderis:
1830 529 104 51 pro
1889 529 148 51 quanto
1978 529 133 51 concur-

1310 567 106 51 rit
1370 567 91 51 ad
1416 567 242 51 productionem
1613 567 136 51 cause
1704 567 197 51 requisite
1855 567 91 51 ad
1901 567 121 51 hanc
1961 567 152 51 leuatio-

1309 606 97 50 nem
1364 606 152 50 propter
1475 606 124 50 deum:
1558 606 166 50 scilicet
1682 606 83 50 ad
1724 606 124 50 velle
1807 606 152 50 leuare:
1917 606 111 50 quia
1987 606 83 50 ad
2014 606 97 50 actum

1315 637 153 56 liberum
1426 637 181 56 immediate
1566 637 125 56 solum
1649 637 139 56 gratia
1747 637 195 56 concurrit:
1900 637 98 56 non
1956 637 111 56 enim
2012 637 98 56 vtro-

1309 674 136 52 bique
1399 674 136 52 illud
1490 674 166 52 vulgare
1610 674 151 52 dictum
1716 674 136 52 verum
1806 674 151 52 habet:
1912 674 181 52 quicquid
2033 674 75 52 est

1310 715 134 55 causa
1399 715 134 55 cause
1488 715 74 55 /
1518 715 104 55 est
1577 715 134 55 causa
1667 715 178 55 causati.
1800 715 74 55 ⁋
1830 715 104 55 Sed
1889 715 148 55 dicis.
1978 715 134 55 aliquis

1318 755 123 48 actus
1400 755 178 48 imperatus
1537 755 191 48 voluntatis
1687 755 96 48 est
1742 755 205 48 meritorius:
1906 755 123 48 patet
1988 755 82 48 de
2015 755 96 48 dile-

1310 788 135 52 ctione
1404 788 148 52 proximi
1512 788 94 52 que
1566 788 175 52 imperatur
1701 788 67 52 a
1727 788 189 52 dilectione
1876 788 108 52 dei:
1943 788 108 52 tunc
2011 788 81 52 ad
2038 788 67 52 il-

1307 820 111 60 lum
1371 820 143 60 actum
1466 820 191 60 imperatu
1610 820 207 60 concurrit
1769 820 159 60 gratia
1880 820 223 60 immediate:
2039 820 64 60 et

1318 864 160 45 videtur
1435 864 102 45 par
1493 864 131 45 ratio
1580 864 87 45 in
1624 864 131 45 aliis
1711 864 160 45 actibus
1828 864 189 45 imperatis
1973 864 116 45 siue
2031 864 73 45 ex-

1313 899 195 51 terioribus
1466 899 111 51 siue
1535 899 236 51 interioribus.
1730 899 69 51 ⁋
1758 899 208 51 Respondetur
1924 899 111 51 quod
1994 899 97 51 non
2036 899 69 51 est

1309 934 117 59 idem
1383 934 88 59 in
1426 934 161 59 actibus
1543 934 219 59 voluntatis:
1719 934 88 59 et
1763 934 88 59 in
1807 934 161 59 actibus
1924 934 176 59 alterius
2041 934 73 59 po-

1312 975 144 53 tentie
1413 975 72 53 a
1442 975 188 53 voluntate
1586 975 202 53 imperatis:
1745 975 101 53 non
1803 975 116 53 enim
1875 975 188 53 facilitat
2005 975 101 53 actum

1314 1011 186 55 meritorium
1460 1011 199 55 exteriorem:
1619 1011 106 55 quod
1685 1011 119 55 maior
1764 1011 106 55 fiat
1831 1011 93 55 cum
1884 1011 133 55 gratia
1976 1011 106 55 quam
2029 1011 80 55 sine

1307 1049 111 52 ea:
1371 1049 127 52 nisi
1450 1049 207 52 indirecte
1610 1049 111 52 pro
1673 1049 159 52 quanto
1785 1049 127 52 quis
1864 1049 159 52 habens
1960 1049 143 52 gratiam

1306 1087 127 50 ocvus
1391 1087 85 50 et
1433 1087 184 50 libentius
1575 1087 113 50 exit
1645 1087 85 50 in
1688 1087 127 50 actum
1773 1087 198 50 interiorem
1914 1087 184 50 imperatiuum

1307 1123 124 49 actus
1390 1123 207 49 exterioris:
1556 1123 166 49 secundum
1680 1123 124 49 illud
1763 1123 138 49 Apost.
1859 1123 124 49 prime
1942 1123 83 49 ad
1970 1123 138 49 Corinth.

1305 1163 134 53 xiii.
1394 1163 74 53 ⁋
1424 1163 179 53 Charitas
1558 1163 134 53 omnia
1648 1163 164 53 suffert
1767 1163 119 53 etc.
1841 1163 74 53 ⁋
1871 1163 149 53 Ectauo
1960 1163 149 53 argumen-

1315 1196 87 52 tor
1364 1196 100 52 sic:
1427 1196 150 52 charitas
1539 1196 87 52 est
1589 1196 112 52 agens
1664 1196 162 52 naturale:
1789 1196 100 52 ergo
1851 1196 137 52 quantum
1951 1196 87 52 est
2001 1196 75 52 ex
2026 1196 75 52 par-

1305 1235 78 47 te
1344 1235 104 47 eius
1409 1235 117 47 tatum
1487 1235 156 47 inclinat
1603 1235 78 47 in
1642 1235 195 47 dilectionem
1798 1235 143 47 proximi
1902 1235 117 47 sicut
1979 1235 78 47 in
2005 1235 91 47 dile-

1304 1270 149 59 ctionem
1413 1270 108 59 dei:
1480 1270 108 59 quod
1548 1270 95 59 est
1602 1270 149 59 absonum
1710 1270 81 59 de
1751 1270 203 59 instrumento
1913 1270 122 59 speus
1980 1270 122 59 sancti.

1307 1305 78 56 ⁋
1339 1305 171 56 Insuper
1463 1305 124 56 tunc
1540 1305 186 56 charitas
1680 1305 186 56 impediet
1820 1305 171 56 hominem
1944 1305 78 56 a
1959 1305 140 56 merito-

1315 1347 98 49 Quod
1376 1347 123 49 patet:
1462 1347 98 49 quia
1524 1347 123 49 quando
1610 1347 98 49 quis
1671 1347 86 49 est
1721 1347 160 49 perplexus
1844 1347 111 49 inter
1917 1347 111 49 minus
1991 1347 111 49 bonum
2053 1347 49 49 et

1312 1384 131 56 magis
1400 1384 145 56 bonum:
1501 1384 87 56 et
1545 1384 116 56 vult
1618 1384 145 56 facere
1719 1384 131 56 minus
1806 1384 145 56 bonum:
1908 1384 174 56 charitas
2024 1384 73 56 in-

1302 1425 147 48 clinat
1405 1425 103 48 eum
1464 1425 88 48 ad
1508 1425 132 48 magis
1596 1425 147 48 bonum:
1699 1425 88 48 et
1743 1425 103 48 sic
1802 1425 176 48 impediet
1935 1425 176 48 habentem
2052 1425 59 48 ne

1309 1460 132 49 exeat
1397 1460 88 49 in
1441 1460 132 49 actum
1529 1460 219 49 meritorium.
1704 1460 73 49 ⁋
1733 1460 161 49 Rursus:
1850 1460 117 49 tunc
1924 1460 146 49 quanto
2011 1460 88 49 quis

1318 1496 159 49 plixius
1433 1496 145 49 oraret
1534 1496 130 49 tanto
1621 1496 116 49 plus
1694 1496 188 49 cresceret
1838 1496 145 49 feruor
1925 1496 188 49 deuotionis:

1321 1536 152 51 onsequens
1438 1536 82 51 est
1485 1536 117 51 contra
1567 1536 199 51 experientiam.
1731 1536 105 51 Forte
1801 1536 117 51 negas:
1883 1536 94 51 quia
1941 1536 94 51 enim
2000 1536 94 51 homo
2047 1536 58 51 est

1308 1572 154 52 potentia
1424 1572 231 52 debilitabilis:
1616 1572 116 52 vires
1693 1572 103 52 eius
1758 1572 193 52 fatigantur:
1912 1572 77 52 et
1950 1572 90 52 sic
2001 1572 90 52 non
2040 1572 77 52 opor

1314 1610 98 48 tet.
1375 1610 61 48 ⁋
1400 1610 123 48 Contra
1485 1610 135 48 ponatur
1584 1610 98 48 quod
1645 1610 123 48 tantum
1731 1610 147 48 augeatur
1841 1610 159 48 actiuitas
1964 1610 135 48 gratiae
2050 1610 61 48 si-

1308 1646 90 51 cut
1360 1646 90 51 est
1411 1646 206 51 impedimentum
1578 1646 77 51 in
1617 1646 219 51 debilitatione
1797 1646 180 51 membrorum:
1939 1646 90 51 per
1977 1646 129 51 diuturnt

1307 1688 122 47 tatem
1389 1688 176 47 orationis
1525 1688 149 47 crescit
1633 1688 149 47 gratia.
1742 1688 68 47 ⁋
1769 1688 163 47 Preterea
1891 1688 95 47 vel
1945 1688 136 47 gratia
2027 1688 81 47 equa

1305 1722 121 49 liter
1385 1722 107 49 agit
1452 1722 94 49 cum
1505 1722 174 49 voluntate
1639 1722 134 49 multum
1733 1722 147 49 conante
1840 1722 80 49 et
1880 1722 94 49 cum
1934 1722 174 49 voluntate
2054 1722 54 49 pa

1318 1760 87 48 rum
1367 1760 136 48 conante
1466 1760 87 48 vel
1515 1760 173 48 inedlitur.
1651 1760 87 48 non
1701 1760 161 48 secundum:
1825 1760 87 48 cum
1874 1760 87 48 est
1924 1760 111 48 agens
1985 1760 124 48 naturale

1316 1800 149 38 equalitur
1430 1800 137 38 inclinet
1533 1800 126 38 quantum
1624 1800 80 38 est
1670 1800 69 38 er
1705 1800 103 38 parte
1773 1800 103 38 eius.
1842 1800 80 38 Non
1888 1800 126 38 primum.
1968 1800 137 38 producetur

1323 1835 75 48 em
1361 1835 113 48 actus
1437 1835 163 48 intensior
1562 1835 88 48 cum
1613 1835 163 48 voluntate
1738 1835 126 48 multum
1826 1835 176 48 inclinante
1965 1835 101 48 quam
2015 1835 88 48 volun

1314 1872 104 52 tate
1379 1872 117 52 parum
1457 1872 195 52 inclinante:
1612 1872 104 52 ergo
1677 1872 104 52 pius
1742 1872 117 52 facit
1820 1872 91 52 cum
1872 1872 117 52 magno
1949 1872 130 52 conatu
2027 1872 78 52 quam

1320 1910 89 46 cum
1371 1910 127 46 paruo.
1460 1910 63 46 ⁋
1485 1910 76 46 Ad
1523 1910 127 46 primum
1612 1910 140 46 dicitur
1714 1910 102 46 quod
1777 1910 152 46 inclinat
1891 1910 76 46 in
1929 1910 165 46 vtriusque
2044 1910 63 46 di-

1307 1945 181 49 lectionem:
1449 1945 91 49 sed
1501 1945 116 49 sicut
1579 1945 155 49 superius
1695 1945 129 49 dictum
1786 1945 91 49 est
1837 1945 103 49 quod
1902 1945 155 49 charitas
2006 1945 103 49 incli-

1309 1985 98 41 nat
1365 1985 84 41 in
1407 1985 196 41 contraria:
1561 1985 84 41 et
1603 1985 112 41 nunc
1673 1985 84 41 in
1716 1985 126 41 vnum:
1800 1985 84 41 et
1842 1985 140 41 postea
1940 1985 84 41 in
1982 1985 112 41 suum
2038 1985 70 41 op-

1322 2021 171 49 positum:
1450 2021 100 49 sic
1507 2021 143 49 potest
1607 2021 128 49 magis
1692 2021 185 49 inclinare
1835 2021 86 49 in
1878 2021 214 49 dilectionem
2035 2021 71 49 dei

1315 2060 117 50 quam
1389 2060 176 50 proximi.
1521 2060 73 50 ⁋
1550 2060 88 50 Ad
1594 2060 176 50 secundum
1726 2060 161 50 negatur
1844 2060 250 50 consequentia.
2035 2060 73 50 da-

1319 2098 85 44 ta
1361 2098 227 44 imaginatione
1546 2098 184 44 argumenti
1688 2098 99 44 non
1744 2098 170 44 sequitur
1872 2098 113 44 quod
1943 2098 113 44 erit
2000 2098 99 44 impe-

1309 2135 161 44 dimento
1427 2135 176 44 merenti:
1559 2135 103 44 sed
1618 2135 132 44 solum
1706 2135 117 44 quod
1779 2135 176 44 retrahit
1911 2135 73 44 a
1941 2135 147 44 minore
2029 2135 73 44 me-

1315 2169 131 46 rito:
1403 2169 87 46 vt
1447 2169 146 46 habens
1548 2169 117 46 pius
1621 2169 218 46 consequatur
1796 2169 160 46 meriti:
1913 2169 131 46 tamen
2000 2169 87 46 ad
2029 2169 73 46 om-

1316 2209 96 39 nem
1371 2209 124 39 actum
1454 2209 193 39 meritorium
1605 2209 165 39 inclinat
1729 2209 165 39 secundum
1853 2209 110 39 quod
1921 2209 179 39 voluntati
2045 2209 69 39 bo-

1312 2247 91 37 ne
1357 2247 152 37 placet
1464 2247 107 37 eam
1525 2247 213 37 amplicare.
1693 2247 76 37 ⁋
1723 2247 91 37 Ad
1769 2247 168 37 tertium
1891 2247 137 37 inter
1967 2247 137 37 arguen-

1313 2279 101 52 dum
1370 2279 87 52 ad
1414 2279 145 52 calcem
1515 2279 130 52 vsque
1602 2279 232 52 sufficienter
1790 2279 188 52 responsum
1935 2279 116 52 est:
2008 2279 87 52 et
2051 2279 87 52 ad

1313 2320 153 47 punctum
1425 2320 139 47 finale
1522 2320 153 47 dicitur
1634 2320 112 47 quod
1704 2320 167 47 potietur
1829 2320 195 47 equaliter:
1982 2320 84 47 vt
2024 2320 84 47 de
2052 2320 56 47 Ia

1310 2358 112 45 cobo
1380 2358 141 45 fratre
1479 2358 141 45 domini
1577 2358 183 45 contigit.
1718 2358 70 45 ⁋
1746 2358 126 45 Aliud
1830 2358 169 45 soluitur
1956 2358 84 45 ex
1985 2358 126 45 dictis.

1309 2393 77 44 ⁋
1339 2393 123 44 Nono
1416 2393 215 44 argumentor
1585 2393 123 44 sic:
1661 2393 92 44 si
1707 2393 153 44 gratia
1815 2393 92 44 ad
1861 2393 199 44 quemlibet
1999 2393 107 44 actum

1308 2427 167 49 meritorium
1439 2427 155 49 concurrit
1558 2427 95 49 tunc
1617 2427 143 49 inclinat
1724 2427 71 49 in
1760 2427 107 49 actum
1831 2427 107 49 spei:
1903 2427 131 49 quandao
1998 2427 95 49 ille
2046 2427 59 49 est

1317 2472 197 42 neritorius.
1474 2472 92 42 Sed
1527 2472 92 42 hoc
1579 2472 92 42 est
1631 2472 131 42 falum.
1723 2472 105 42 spes
1789 2472 105 42 enim
1854 2472 170 42 immediate
1972 2472 131 42 inclinat

1299 2505 71 48 in
1335 2505 107 48 actum
1406 2505 107 48 suum:
1477 2505 95 48 ergo
1536 2505 83 48 non
1584 2505 154 48 charitas.
1703 2505 71 48 ex
1738 2505 142 48 opposito
1845 2505 190 48 consequentis
1987 2505 119 48 sequitur

1306 2544 94 39 quod
1365 2544 141 39 voluntas
1471 2544 141 39 facilius
1577 2544 118 39 potest
1660 2544 153 39 producere
1778 2544 106 39 actum
1848 2544 94 39 spei
1907 2544 94 39 quam
1955 2544 141 39 charitatem

1307 2582 89 47 cum
1358 2582 115 47 plura
1435 2582 128 47 habeat
1524 2582 179 47 adiumenta.
1664 2582 64 47 ⁋
1690 2582 140 47 Iterum:
1792 2582 140 47 ponatur
1894 2582 102 47 quod
1958 2582 102 47 deus
2009 2582 102 47 praeci

1305 2617 103 43 piat
1369 2617 116 43 sorti
1447 2617 154 43 diligere
1562 2617 77 43 vt
1601 2617 141 43 quinque
1704 2617 77 43 et
1742 2617 167 43 prohibeat
1871 2617 116 43 vltra
1935 2617 167 43 dilectionem

1310 2657 86 52 vt
1353 2657 171 52 quinque:
1481 2657 157 52 ponatur
1595 2657 114 52 quod
1666 2657 171 52 quattuor
1794 2657 143 52 gradus
1894 2657 143 52 gratie
1980 2657 128 52 faciant
