<?xml version="1.0" encoding="UTF-8"?>
<alto xmlns:xsi="http://www.w3.org/2001/XMLSchema-instance"
      xmlns="http://www.loc.gov/standards/alto/ns-v2#"
      xmlns:page="http://schema.primaresearch.org/PAGE/gts/pagecontent/2013-07-15"
      xsi:schemaLocation="http://www.loc.gov/standards/alto/ns-v2# http://www.loc.gov/standards/alto/alto.xsd">
   <Description>
      <MeasurementUnit>pixel</MeasurementUnit>
      <OCRProcessing ID="IdOcr">
         <ocrProcessingStep>
            <processingDateTime>2020-07-28T08:35:13.669-04:00</processingDateTime>
            <processingSoftware>
               <softwareCreator>READ COOP</softwareCreator>
               <softwareName>Transkribus</softwareName>
            </processingSoftware>
         </ocrProcessingStep>
      </OCRProcessing>
   </Description>
   <Tags/>
   <Layout>
      <Page ID="Page1" PHYSICAL_IMG_NR="1" HEIGHT="3297" WIDTH="2362">
         <TopMargin HEIGHT="0" WIDTH="2362" VPOS="0" HPOS="0"/>
         <LeftMargin HEIGHT="3297" WIDTH="0" VPOS="0" HPOS="0"/>
         <RightMargin HEIGHT="3297" WIDTH="0" VPOS="0" HPOS="2362"/>
         <BottomMargin HEIGHT="0" WIDTH="2362" VPOS="3297" HPOS="0"/>
         <PrintSpace HEIGHT="3297" WIDTH="2362" VPOS="0" HPOS="0">
            <TextBlock ID="TextRegion_1595461357951_104"
                       HEIGHT="2523"
                       WIDTH="816"
                       VPOS="175"
                       HPOS="415">
               <Shape>
                  <Polygon POINTS="415,175 1231,175 1231,2698 415,2698"/>
               </Shape>
               <TextLine ID="r1l3"
                         BASELINE="275"
                         HEIGHT="51"
                         WIDTH="799"
                         VPOS="224"
                         HPOS="418">
                  <String HEIGHT="51" WIDTH="108" VPOS="224" HPOS="403" CONTENT="eos"/>
                  <SP HEIGHT="51" WIDTH="15" VPOS="224" HPOS="510"/>
                  <String HEIGHT="51" WIDTH="108" VPOS="224" HPOS="464" CONTENT="qui"/>
                  <SP HEIGHT="51" WIDTH="15" VPOS="224" HPOS="572"/>
                  <String HEIGHT="51"
                          WIDTH="184"
                          VPOS="224"
                          HPOS="526"
                          CONTENT="occidunt"/>
                  <SP HEIGHT="51" WIDTH="15" VPOS="224" HPOS="710"/>
                  <String HEIGHT="51"
                          WIDTH="169"
                          VPOS="224"
                          HPOS="664"
                          CONTENT="corpus:"/>
                  <SP HEIGHT="51" WIDTH="15" VPOS="224" HPOS="833"/>
                  <String HEIGHT="51"
                          WIDTH="154"
                          VPOS="224"
                          HPOS="787"
                          CONTENT="animam"/>
                  <SP HEIGHT="51" WIDTH="15" VPOS="224" HPOS="940"/>
                  <String HEIGHT="51"
                          WIDTH="138"
                          VPOS="224"
                          HPOS="894"
                          CONTENT="autem"/>
                  <SP HEIGHT="51" WIDTH="15" VPOS="224" HPOS="1033"/>
                  <String HEIGHT="51" WIDTH="108" VPOS="224" HPOS="987" CONTENT="non"/>
                  <SP HEIGHT="51" WIDTH="15" VPOS="224" HPOS="1094"/>
                  <String HEIGHT="51"
                          WIDTH="169"
                          VPOS="224"
                          HPOS="1048"
                          CONTENT="possunt"/>
                  <SP HEIGHT="51" WIDTH="15" VPOS="224" HPOS="1217"/>
                  <String HEIGHT="51" WIDTH="61" VPOS="224" HPOS="1156" CONTENT="oc"/>
               </TextLine>
               <TextLine ID="r1l5"
                         BASELINE="312"
                         HEIGHT="52"
                         WIDTH="771"
                         VPOS="260"
                         HPOS="430">
                  <String HEIGHT="52"
                          WIDTH="149"
                          VPOS="260"
                          HPOS="416"
                          CONTENT="cidere."/>
                  <SP HEIGHT="52" WIDTH="14" VPOS="260" HPOS="565"/>
                  <String HEIGHT="52"
                          WIDTH="108"
                          VPOS="260"
                          HPOS="525"
                          CONTENT="nolo"/>
                  <SP HEIGHT="52" WIDTH="14" VPOS="260" HPOS="633"/>
                  <String HEIGHT="52"
                          WIDTH="122"
                          VPOS="260"
                          HPOS="592"
                          CONTENT="tamen"/>
                  <SP HEIGHT="52" WIDTH="14" VPOS="260" HPOS="714"/>
                  <String HEIGHT="52"
                          WIDTH="135"
                          VPOS="260"
                          HPOS="673"
                          CONTENT="negare"/>
                  <SP HEIGHT="52" WIDTH="14" VPOS="260" HPOS="809"/>
                  <String HEIGHT="52"
                          WIDTH="108"
                          VPOS="260"
                          HPOS="768"
                          CONTENT="quin"/>
                  <SP HEIGHT="52" WIDTH="14" VPOS="260" HPOS="876"/>
                  <String HEIGHT="52"
                          WIDTH="135"
                          VPOS="260"
                          HPOS="836"
                          CONTENT="potest"/>
                  <SP HEIGHT="52" WIDTH="14" VPOS="260" HPOS="971"/>
                  <String HEIGHT="52"
                          WIDTH="162"
                          VPOS="260"
                          HPOS="930"
                          CONTENT="corrumpi"/>
                  <SP HEIGHT="52" WIDTH="14" VPOS="260" HPOS="1093"/>
                  <String HEIGHT="52" WIDTH="68" VPOS="260" HPOS="1052" CONTENT="a"/>
                  <SP HEIGHT="52" WIDTH="14" VPOS="260" HPOS="1120"/>
                  <String HEIGHT="52"
                          WIDTH="108"
                          VPOS="260"
                          HPOS="1079"
                          CONTENT="deo."/>
                  <SP HEIGHT="52" WIDTH="14" VPOS="260" HPOS="1187"/>
                  <String HEIGHT="52" WIDTH="68" VPOS="260" HPOS="1133" CONTENT="Sad"/>
               </TextLine>
               <TextLine ID="r1l7"
                         BASELINE="349"
                         HEIGHT="48"
                         WIDTH="778"
                         VPOS="301"
                         HPOS="421">
                  <String HEIGHT="48"
                          WIDTH="224"
                          VPOS="301"
                          HPOS="406"
                          CONTENT="difficultas"/>
                  <SP HEIGHT="48" WIDTH="15" VPOS="301" HPOS="630"/>
                  <String HEIGHT="48" WIDTH="105" VPOS="301" HPOS="586" CONTENT="est"/>
                  <SP HEIGHT="48" WIDTH="15" VPOS="301" HPOS="690"/>
                  <String HEIGHT="48" WIDTH="105" VPOS="301" HPOS="645" CONTENT="quo"/>
                  <SP HEIGHT="48" WIDTH="15" VPOS="301" HPOS="750"/>
                  <String HEIGHT="48"
                          WIDTH="165"
                          VPOS="301"
                          HPOS="705"
                          CONTENT="habitus"/>
                  <SP HEIGHT="48" WIDTH="15" VPOS="301" HPOS="870"/>
                  <String HEIGHT="48"
                          WIDTH="224"
                          VPOS="301"
                          HPOS="825"
                          CONTENT="corrumpitur"/>
                  <SP HEIGHT="48" WIDTH="15" VPOS="301" HPOS="1049"/>
                  <String HEIGHT="48"
                          WIDTH="120"
                          VPOS="301"
                          HPOS="1004"
                          CONTENT="sine"/>
                  <SP HEIGHT="48" WIDTH="15" VPOS="301" HPOS="1124"/>
                  <String HEIGHT="48"
                          WIDTH="135"
                          VPOS="301"
                          HPOS="1064"
                          CONTENT="fomento"/>
               </TextLine>
               <TextLine ID="r1l9"
                         BASELINE="392"
                         HEIGHT="54"
                         WIDTH="778"
                         VPOS="338"
                         HPOS="421">
                  <String HEIGHT="54"
                          WIDTH="156"
                          VPOS="338"
                          HPOS="407"
                          CONTENT="actuum:"/>
                  <SP HEIGHT="54" WIDTH="14" VPOS="338" HPOS="562"/>
                  <String HEIGHT="54" WIDTH="99" VPOS="338" HPOS="520" CONTENT="cum"/>
                  <SP HEIGHT="54" WIDTH="14" VPOS="338" HPOS="619"/>
                  <String HEIGHT="54"
                          WIDTH="113"
                          VPOS="338"
                          HPOS="577"
                          CONTENT="enim"/>
                  <SP HEIGHT="54" WIDTH="14" VPOS="338" HPOS="690"/>
                  <String HEIGHT="54"
                          WIDTH="156"
                          VPOS="338"
                          HPOS="647"
                          CONTENT="habitus"/>
                  <SP HEIGHT="54" WIDTH="14" VPOS="338" HPOS="803"/>
                  <String HEIGHT="54"
                          WIDTH="170"
                          VPOS="338"
                          HPOS="760"
                          CONTENT="alicuius"/>
                  <SP HEIGHT="54" WIDTH="14" VPOS="338" HPOS="930"/>
                  <String HEIGHT="54"
                          WIDTH="212"
                          VPOS="338"
                          HPOS="888"
                          CONTENT="intensionis"/>
                  <SP HEIGHT="54" WIDTH="14" VPOS="338" HPOS="1100"/>
                  <String HEIGHT="54"
                          WIDTH="156"
                          VPOS="338"
                          HPOS="1043"
                          CONTENT="gradualis"/>
               </TextLine>
               <TextLine ID="r1l11"
                         BASELINE="420"
                         HEIGHT="47"
                         WIDTH="779"
                         VPOS="373"
                         HPOS="423">
                  <String HEIGHT="47"
                          WIDTH="125"
                          VPOS="373"
                          HPOS="409"
                          CONTENT="duret"/>
                  <SP HEIGHT="47" WIDTH="14" VPOS="373" HPOS="534"/>
                  <String HEIGHT="47" WIDTH="97" VPOS="373" HPOS="493" CONTENT="per"/>
                  <SP HEIGHT="47" WIDTH="14" VPOS="373" HPOS="590"/>
                  <String HEIGHT="47"
                          WIDTH="125"
                          VPOS="373"
                          HPOS="548"
                          CONTENT="breue"/>
                  <SP HEIGHT="47" WIDTH="14" VPOS="373" HPOS="673"/>
                  <String HEIGHT="47"
                          WIDTH="139"
                          VPOS="373"
                          HPOS="632"
                          CONTENT="tempus"/>
                  <SP HEIGHT="47" WIDTH="14" VPOS="373" HPOS="771"/>
                  <String HEIGHT="47" WIDTH="83" VPOS="373" HPOS="729" CONTENT="in"/>
                  <SP HEIGHT="47" WIDTH="14" VPOS="373" HPOS="812"/>
                  <String HEIGHT="47"
                          WIDTH="125"
                          VPOS="373"
                          HPOS="771"
                          CONTENT="eadem"/>
                  <SP HEIGHT="47" WIDTH="14" VPOS="373" HPOS="896"/>
                  <String HEIGHT="47"
                          WIDTH="195"
                          VPOS="373"
                          HPOS="854"
                          CONTENT="intensione"/>
                  <SP HEIGHT="47" WIDTH="14" VPOS="373" HPOS="1049"/>
                  <String HEIGHT="47"
                          WIDTH="181"
                          VPOS="373"
                          HPOS="1007"
                          CONTENT="graduali:"/>
                  <SP HEIGHT="47" WIDTH="14" VPOS="373" HPOS="1188"/>
                  <String HEIGHT="47"
                          WIDTH="70"
                          VPOS="373"
                          HPOS="1132"
                          CONTENT="vi"
                          SUBS_TYPE="HypPart1"
                          SUBS_CONTENT="videtur"/>
                  <HYP CONTENT="-"/>
               </TextLine>
               <TextLine ID="r1l13"
                         BASELINE="462"
                         HEIGHT="49"
                         WIDTH="789"
                         VPOS="413"
                         HPOS="424">
                  <String HEIGHT="49"
                          WIDTH="122"
                          VPOS="413"
                          HPOS="410"
                          CONTENT="detur"
                          SUBS_TYPE="HypPart2"
                          SUBS_CONTENT="videtur"/>
                  <SP HEIGHT="49" WIDTH="14" VPOS="413" HPOS="533"/>
                  <String HEIGHT="49"
                          WIDTH="109"
                          VPOS="413"
                          HPOS="492"
                          CONTENT="quod"/>
                  <SP HEIGHT="49" WIDTH="14" VPOS="413" HPOS="601"/>
                  <String HEIGHT="49"
                          WIDTH="109"
                          VPOS="413"
                          HPOS="560"
                          CONTENT="nisi"/>
                  <SP HEIGHT="49" WIDTH="14" VPOS="413" HPOS="669"/>
                  <String HEIGHT="49"
                          WIDTH="177"
                          VPOS="413"
                          HPOS="628"
                          CONTENT="adducatur"/>
                  <SP HEIGHT="49" WIDTH="14" VPOS="413" HPOS="805"/>
                  <String HEIGHT="49"
                          WIDTH="109"
                          VPOS="413"
                          HPOS="764"
                          CONTENT="eius"/>
                  <SP HEIGHT="49" WIDTH="14" VPOS="413" HPOS="873"/>
                  <String HEIGHT="49"
                          WIDTH="190"
                          VPOS="413"
                          HPOS="832"
                          CONTENT="contrarium"/>
                  <SP HEIGHT="49" WIDTH="14" VPOS="413" HPOS="1023"/>
                  <String HEIGHT="49"
                          WIDTH="163"
                          VPOS="413"
                          HPOS="982"
                          CONTENT="perpetuo"/>
                  <SP HEIGHT="49" WIDTH="14" VPOS="413" HPOS="1145"/>
                  <String HEIGHT="49"
                          WIDTH="122"
                          VPOS="413"
                          HPOS="1091"
                          CONTENT="durabit"/>
               </TextLine>
               <TextLine ID="r1l15"
                         BASELINE="504"
                         HEIGHT="51"
                         WIDTH="778"
                         VPOS="453"
                         HPOS="430">
                  <String HEIGHT="51" WIDTH="111" VPOS="453" HPOS="414" CONTENT="Nec"/>
                  <SP HEIGHT="51" WIDTH="16" VPOS="453" HPOS="525"/>
                  <String HEIGHT="51"
                          WIDTH="143"
                          VPOS="453"
                          HPOS="478"
                          CONTENT="valet"/>
                  <SP HEIGHT="51" WIDTH="16" VPOS="453" HPOS="621"/>
                  <String HEIGHT="51"
                          WIDTH="175"
                          VPOS="453"
                          HPOS="573"
                          CONTENT="dicere:"/>
                  <SP HEIGHT="51" WIDTH="16" VPOS="453" HPOS="748"/>
                  <String HEIGHT="51"
                          WIDTH="238"
                          VPOS="453"
                          HPOS="700"
                          CONTENT="corrumpitur"/>
                  <SP HEIGHT="51" WIDTH="16" VPOS="453" HPOS="938"/>
                  <String HEIGHT="51"
                          WIDTH="143"
                          VPOS="453"
                          HPOS="890"
                          CONTENT="sicut"/>
                  <SP HEIGHT="51" WIDTH="16" VPOS="453" HPOS="1033"/>
                  <String HEIGHT="51"
                          WIDTH="143"
                          VPOS="453"
                          HPOS="986"
                          CONTENT="calor"/>
                  <SP HEIGHT="51" WIDTH="16" VPOS="453" HPOS="1129"/>
                  <String HEIGHT="51" WIDTH="79" VPOS="453" HPOS="1081" CONTENT="a"/>
                  <SP HEIGHT="51" WIDTH="16" VPOS="453" HPOS="1160"/>
                  <String HEIGHT="51"
                          WIDTH="111"
                          VPOS="453"
                          HPOS="1097"
                          CONTENT="forma"/>
               </TextLine>
               <TextLine ID="r1l17"
                         BASELINE="537"
                         HEIGHT="45"
                         WIDTH="781"
                         VPOS="492"
                         HPOS="424">
                  <String HEIGHT="45"
                          WIDTH="115"
                          VPOS="492"
                          HPOS="411"
                          CONTENT="aque."/>
                  <SP HEIGHT="45" WIDTH="13" VPOS="492" HPOS="526"/>
                  <String HEIGHT="45" WIDTH="90" VPOS="492" HPOS="488" CONTENT="non"/>
                  <SP HEIGHT="45" WIDTH="13" VPOS="492" HPOS="578"/>
                  <String HEIGHT="45" WIDTH="90" VPOS="492" HPOS="539" CONTENT="esi"/>
                  <SP HEIGHT="45" WIDTH="13" VPOS="492" HPOS="629"/>
                  <String HEIGHT="45" WIDTH="90" VPOS="492" HPOS="590" CONTENT="est"/>
                  <SP HEIGHT="45" WIDTH="13" VPOS="492" HPOS="680"/>
                  <String HEIGHT="45"
                          WIDTH="205"
                          VPOS="492"
                          HPOS="642"
                          CONTENT="contrarietas"/>
                  <SP HEIGHT="45" WIDTH="13" VPOS="492" HPOS="847"/>
                  <String HEIGHT="45"
                          WIDTH="166"
                          VPOS="492"
                          HPOS="808"
                          CONTENT="virtualis"/>
                  <SP HEIGHT="45" WIDTH="13" VPOS="492" HPOS="975"/>
                  <String HEIGHT="45"
                          WIDTH="115"
                          VPOS="492"
                          HPOS="936"
                          CONTENT="inter"/>
                  <SP HEIGHT="45" WIDTH="13" VPOS="492" HPOS="1051"/>
                  <String HEIGHT="45"
                          WIDTH="128"
                          VPOS="492"
                          HPOS="1013"
                          CONTENT="animam"/>
                  <SP HEIGHT="45" WIDTH="13" VPOS="492" HPOS="1141"/>
                  <String HEIGHT="45" WIDTH="77" VPOS="492" HPOS="1103" CONTENT="et"/>
                  <SP HEIGHT="45" WIDTH="13" VPOS="492" HPOS="1179"/>
                  <String HEIGHT="45"
                          WIDTH="77"
                          VPOS="492"
                          HPOS="1128"
                          CONTENT="eius"/>
               </TextLine>
               <TextLine ID="r1l19"
                         BASELINE="580"
                         HEIGHT="56"
                         WIDTH="783"
                         VPOS="524"
                         HPOS="424">
                  <String HEIGHT="56"
                          WIDTH="219"
                          VPOS="524"
                          HPOS="406"
                          CONTENT="habitum."/>
                  <SP HEIGHT="56" WIDTH="18" VPOS="524" HPOS="624"/>
                  <String HEIGHT="56" WIDTH="91" VPOS="524" HPOS="570" CONTENT="â‹"/>
                  <SP HEIGHT="56" WIDTH="18" VPOS="524" HPOS="661"/>
                  <String HEIGHT="56"
                          WIDTH="273"
                          VPOS="524"
                          HPOS="606"
                          CONTENT="Respondetur"/>
                  <SP HEIGHT="56" WIDTH="18" VPOS="524" HPOS="879"/>
                  <String HEIGHT="56" WIDTH="127" VPOS="524" HPOS="825" CONTENT="per"/>
                  <SP HEIGHT="56" WIDTH="18" VPOS="524" HPOS="952"/>
                  <String HEIGHT="56"
                          WIDTH="200"
                          VPOS="524"
                          HPOS="897"
                          CONTENT="Maximam"/>
                  <SP HEIGHT="56" WIDTH="18" VPOS="524" HPOS="1098"/>
                  <String HEIGHT="56"
                          WIDTH="182"
                          VPOS="524"
                          HPOS="1025"
                          CONTENT="physicam"/>
               </TextLine>
               <TextLine ID="r1l21"
                         BASELINE="613"
                         HEIGHT="43"
                         WIDTH="784"
                         VPOS="570"
                         HPOS="424">
                  <String HEIGHT="43"
                          WIDTH="125"
                          VPOS="570"
                          HPOS="408"
                          CONTENT="omne"/>
                  <SP HEIGHT="43" WIDTH="16" VPOS="570" HPOS="534"/>
                  <String HEIGHT="43"
                          WIDTH="125"
                          VPOS="570"
                          HPOS="487"
                          CONTENT="quod"/>
                  <SP HEIGHT="43" WIDTH="16" VPOS="570" HPOS="612"/>
                  <String HEIGHT="43"
                          WIDTH="235"
                          VPOS="570"
                          HPOS="565"
                          CONTENT="corrumpitur"/>
                  <SP HEIGHT="43" WIDTH="16" VPOS="570" HPOS="800"/>
                  <String HEIGHT="43" WIDTH="78" VPOS="570" HPOS="753" CONTENT="a"/>
                  <SP HEIGHT="43" WIDTH="16" VPOS="570" HPOS="832"/>
                  <String HEIGHT="43" WIDTH="110" VPOS="570" HPOS="785" CONTENT="suo"/>
                  <SP HEIGHT="43" WIDTH="16" VPOS="570" HPOS="894"/>
                  <String HEIGHT="43"
                          WIDTH="204"
                          VPOS="570"
                          HPOS="847"
                          CONTENT="contrario"/>
                  <SP HEIGHT="43" WIDTH="16" VPOS="570" HPOS="1051"/>
                  <String HEIGHT="43"
                          WIDTH="220"
                          VPOS="570"
                          HPOS="988"
                          CONTENT="corrumpitur."/>
               </TextLine>
               <TextLine ID="r1l23"
                         BASELINE="650"
                         HEIGHT="45"
                         WIDTH="785"
                         VPOS="605"
                         HPOS="418">
                  <String HEIGHT="45" WIDTH="108" VPOS="605" HPOS="403" CONTENT="vel"/>
                  <SP HEIGHT="45" WIDTH="15" VPOS="605" HPOS="510"/>
                  <String HEIGHT="45" WIDTH="92" VPOS="605" HPOS="464" CONTENT="ad"/>
                  <SP HEIGHT="45" WIDTH="15" VPOS="605" HPOS="557"/>
                  <String HEIGHT="45"
                          WIDTH="246"
                          VPOS="605"
                          HPOS="510"
                          CONTENT="corruptionem"/>
                  <SP HEIGHT="45" WIDTH="15" VPOS="605" HPOS="757"/>
                  <String HEIGHT="45"
                          WIDTH="185"
                          VPOS="605"
                          HPOS="710"
                          CONTENT="subiecti"/>
                  <SP HEIGHT="45" WIDTH="15" VPOS="605" HPOS="895"/>
                  <String HEIGHT="45"
                          WIDTH="231"
                          VPOS="605"
                          HPOS="849"
                          CONTENT="inhesionis:"/>
                  <SP HEIGHT="45" WIDTH="15" VPOS="605" HPOS="1080"/>
                  <String HEIGHT="45"
                          WIDTH="108"
                          VPOS="605"
                          HPOS="1034"
                          CONTENT="vel"/>
                  <SP HEIGHT="45" WIDTH="15" VPOS="605" HPOS="1141"/>
                  <String HEIGHT="45"
                          WIDTH="123"
                          VPOS="605"
                          HPOS="1080"
                          CONTENT="illius"/>
               </TextLine>
               <TextLine ID="r1l25"
                         BASELINE="693"
                         HEIGHT="44"
                         WIDTH="787"
                         VPOS="649"
                         HPOS="427">
                  <String HEIGHT="44" WIDTH="80" VPOS="649" HPOS="411" CONTENT="a"/>
                  <SP HEIGHT="44" WIDTH="16" VPOS="649" HPOS="491"/>
                  <String HEIGHT="44" WIDTH="112" VPOS="649" HPOS="443" CONTENT="quo"/>
                  <SP HEIGHT="44" WIDTH="16" VPOS="649" HPOS="555"/>
                  <String HEIGHT="44"
                          WIDTH="209"
                          VPOS="649"
                          HPOS="507"
                          CONTENT="dependet."/>
                  <SP HEIGHT="44" WIDTH="16" VPOS="649" HPOS="716"/>
                  <String HEIGHT="44" WIDTH="112" VPOS="649" HPOS="668" CONTENT="Due"/>
                  <SP HEIGHT="44" WIDTH="16" VPOS="649" HPOS="780"/>
                  <String HEIGHT="44"
                          WIDTH="161"
                          VPOS="649"
                          HPOS="732"
                          CONTENT="vltime"/>
                  <SP HEIGHT="44" WIDTH="16" VPOS="649" HPOS="893"/>
                  <String HEIGHT="44"
                          WIDTH="209"
                          VPOS="649"
                          HPOS="845"
                          CONTENT="particule"/>
                  <SP HEIGHT="44" WIDTH="16" VPOS="649" HPOS="1053"/>
                  <String HEIGHT="44"
                          WIDTH="193"
                          VPOS="649"
                          HPOS="1005"
                          CONTENT="ponuntur"/>
                  <SP HEIGHT="44" WIDTH="16" VPOS="649" HPOS="1198"/>
                  <String HEIGHT="44" WIDTH="80" VPOS="649" HPOS="1134" CONTENT="pro"/>
               </TextLine>
               <TextLine ID="r1l27"
                         BASELINE="730"
                         HEIGHT="51"
                         WIDTH="772"
                         VPOS="679"
                         HPOS="433">
                  <String HEIGHT="51"
                          WIDTH="131"
                          VPOS="679"
                          HPOS="417"
                          CONTENT="pter"/>
                  <SP HEIGHT="51" WIDTH="16" VPOS="679" HPOS="548"/>
                  <String HEIGHT="51"
                          WIDTH="197"
                          VPOS="679"
                          HPOS="499"
                          CONTENT="notitias"/>
                  <SP HEIGHT="51" WIDTH="16" VPOS="679" HPOS="696"/>
                  <String HEIGHT="51"
                          WIDTH="197"
                          VPOS="679"
                          HPOS="647"
                          CONTENT="brutorum"/>
                  <SP HEIGHT="51" WIDTH="16" VPOS="679" HPOS="844"/>
                  <String HEIGHT="51" WIDTH="115" VPOS="679" HPOS="794" CONTENT="que"/>
                  <SP HEIGHT="51" WIDTH="16" VPOS="679" HPOS="909"/>
                  <String HEIGHT="51"
                          WIDTH="263"
                          VPOS="679"
                          HPOS="860"
                          CONTENT="corrumpuntur"/>
                  <SP HEIGHT="51" WIDTH="16" VPOS="679" HPOS="1123"/>
                  <String HEIGHT="51" WIDTH="99" VPOS="679" HPOS="1074" CONTENT="ad"/>
                  <SP HEIGHT="51" WIDTH="16" VPOS="679" HPOS="1172"/>
                  <String HEIGHT="51"
                          WIDTH="99"
                          VPOS="679"
                          HPOS="1106"
                          CONTENT="cor"
                          SUBS_TYPE="HypPart1"
                          SUBS_CONTENT="corruptionem"/>
                  <HYP CONTENT="-"/>
               </TextLine>
               <TextLine ID="r1l29"
                         BASELINE="768"
                         HEIGHT="44"
                         WIDTH="793"
                         VPOS="724"
                         HPOS="423">
                  <String HEIGHT="44"
                          WIDTH="210"
                          VPOS="724"
                          HPOS="407"
                          CONTENT="ruptionem"
                          SUBS_TYPE="HypPart2"
                          SUBS_CONTENT="corruptionem"/>
                  <SP HEIGHT="44" WIDTH="16" VPOS="724" HPOS="617"/>
                  <String HEIGHT="44"
                          WIDTH="210"
                          VPOS="724"
                          HPOS="569"
                          CONTENT="subiecti:"/>
                  <SP HEIGHT="44" WIDTH="16" VPOS="724" HPOS="779"/>
                  <String HEIGHT="44" WIDTH="97" VPOS="724" HPOS="730" CONTENT="et"/>
                  <SP HEIGHT="44" WIDTH="16" VPOS="724" HPOS="828"/>
                  <String HEIGHT="44"
                          WIDTH="178"
                          VPOS="724"
                          HPOS="779"
                          CONTENT="propter"/>
                  <SP HEIGHT="44" WIDTH="16" VPOS="724" HPOS="957"/>
                  <String HEIGHT="44"
                          WIDTH="146"
                          VPOS="724"
                          HPOS="909"
                          CONTENT="lumen"/>
                  <SP HEIGHT="44" WIDTH="16" VPOS="724" HPOS="1054"/>
                  <String HEIGHT="44"
                          WIDTH="129"
                          VPOS="724"
                          HPOS="1006"
                          CONTENT="quod"/>
                  <SP HEIGHT="44" WIDTH="16" VPOS="724" HPOS="1135"/>
                  <String HEIGHT="44"
                          WIDTH="146"
                          VPOS="724"
                          HPOS="1070"
                          CONTENT="corrun"
                          SUBS_TYPE="HypPart1"
                          SUBS_CONTENT="corrunpitur"/>
                  <HYP CONTENT="-"/>
               </TextLine>
               <TextLine ID="r1l31"
                         BASELINE="803"
                         HEIGHT="36"
                         WIDTH="775"
                         VPOS="767"
                         HPOS="427">
                  <String HEIGHT="36"
                          WIDTH="148"
                          VPOS="767"
                          HPOS="411"
                          CONTENT="pitur"
                          SUBS_TYPE="HypPart2"
                          SUBS_CONTENT="corrunpitur"/>
                  <SP HEIGHT="36" WIDTH="16" VPOS="767" HPOS="559"/>
                  <String HEIGHT="36" WIDTH="115" VPOS="767" HPOS="509" CONTENT="per"/>
                  <SP HEIGHT="36" WIDTH="16" VPOS="767" HPOS="625"/>
                  <String HEIGHT="36"
                          WIDTH="214"
                          VPOS="767"
                          HPOS="575"
                          CONTENT="absentiam"/>
                  <SP HEIGHT="36" WIDTH="16" VPOS="767" HPOS="790"/>
                  <String HEIGHT="36"
                          WIDTH="198"
                          VPOS="767"
                          HPOS="740"
                          CONTENT="corporis"/>
                  <SP HEIGHT="36" WIDTH="16" VPOS="767" HPOS="938"/>
                  <String HEIGHT="36"
                          WIDTH="214"
                          VPOS="767"
                          HPOS="889"
                          CONTENT="luminosi."/>
                  <SP HEIGHT="36" WIDTH="16" VPOS="767" HPOS="1103"/>
                  <String HEIGHT="36"
                          WIDTH="132"
                          VPOS="767"
                          HPOS="1054"
                          CONTENT="modo"/>
                  <SP HEIGHT="36" WIDTH="16" VPOS="767" HPOS="1186"/>
                  <String HEIGHT="36"
                          WIDTH="82"
                          VPOS="767"
                          HPOS="1120"
                          CONTENT="ha"
                          SUBS_TYPE="HypPart1"
                          SUBS_CONTENT="habitus"/>
                  <HYP CONTENT="-"/>
               </TextLine>
               <TextLine ID="r1l33"
                         BASELINE="843"
                         HEIGHT="50"
                         WIDTH="779"
                         VPOS="793"
                         HPOS="426">
                  <String HEIGHT="50"
                          WIDTH="140"
                          VPOS="793"
                          HPOS="410"
                          CONTENT="bitus"
                          SUBS_TYPE="HypPart2"
                          SUBS_CONTENT="habitus"/>
                  <SP HEIGHT="50" WIDTH="16" VPOS="793" HPOS="551"/>
                  <String HEIGHT="50" WIDTH="93" VPOS="793" HPOS="504" CONTENT="in"/>
                  <SP HEIGHT="50" WIDTH="16" VPOS="793" HPOS="597"/>
                  <String HEIGHT="50"
                          WIDTH="140"
                          VPOS="793"
                          HPOS="551"
                          CONTENT="anima"/>
                  <SP HEIGHT="50" WIDTH="16" VPOS="793" HPOS="691"/>
                  <String HEIGHT="50" WIDTH="109" VPOS="793" HPOS="644" CONTENT="non"/>
                  <SP HEIGHT="50" WIDTH="16" VPOS="793" HPOS="753"/>
                  <String HEIGHT="50"
                          WIDTH="234"
                          VPOS="793"
                          HPOS="706"
                          CONTENT="corrumpitur"/>
                  <SP HEIGHT="50" WIDTH="16" VPOS="793" HPOS="940"/>
                  <String HEIGHT="50" WIDTH="93" VPOS="793" HPOS="893" CONTENT="ad"/>
                  <SP HEIGHT="50" WIDTH="16" VPOS="793" HPOS="987"/>
                  <String HEIGHT="50"
                          WIDTH="249"
                          VPOS="793"
                          HPOS="940"
                          CONTENT="corruptionem"/>
                  <SP HEIGHT="50" WIDTH="16" VPOS="793" HPOS="1189"/>
                  <String HEIGHT="50" WIDTH="78" VPOS="793" HPOS="1127" CONTENT="ani"/>
               </TextLine>
               <TextLine ID="r1l35"
                         BASELINE="878"
                         HEIGHT="37"
                         WIDTH="780"
                         VPOS="841"
                         HPOS="421">
                  <String HEIGHT="37" WIDTH="98" VPOS="841" HPOS="407" CONTENT="me:"/>
                  <SP HEIGHT="37" WIDTH="14" VPOS="841" HPOS="505"/>
                  <String HEIGHT="37" WIDTH="84" VPOS="841" HPOS="463" CONTENT="et"/>
                  <SP HEIGHT="37" WIDTH="14" VPOS="841" HPOS="546"/>
                  <String HEIGHT="37"
                          WIDTH="181"
                          VPOS="841"
                          HPOS="505"
                          CONTENT="probabile"/>
                  <SP HEIGHT="37" WIDTH="14" VPOS="841" HPOS="686"/>
                  <String HEIGHT="37" WIDTH="98" VPOS="841" HPOS="644" CONTENT="est"/>
                  <SP HEIGHT="37" WIDTH="14" VPOS="841" HPOS="741"/>
                  <String HEIGHT="37"
                          WIDTH="111"
                          VPOS="841"
                          HPOS="700"
                          CONTENT="quod"/>
                  <SP HEIGHT="37" WIDTH="14" VPOS="841" HPOS="811"/>
                  <String HEIGHT="37" WIDTH="98" VPOS="841" HPOS="769" CONTENT="non"/>
                  <SP HEIGHT="37" WIDTH="14" VPOS="841" HPOS="867"/>
                  <String HEIGHT="37" WIDTH="98" VPOS="841" HPOS="825" CONTENT="est"/>
                  <SP HEIGHT="37" WIDTH="14" VPOS="841" HPOS="922"/>
                  <String HEIGHT="37"
                          WIDTH="223"
                          VPOS="841"
                          HPOS="881"
                          CONTENT="contrarietas"/>
                  <SP HEIGHT="37" WIDTH="14" VPOS="841" HPOS="1104"/>
                  <String HEIGHT="37"
                          WIDTH="125"
                          VPOS="841"
                          HPOS="1062"
                          CONTENT="inter"/>
                  <SP HEIGHT="37" WIDTH="14" VPOS="841" HPOS="1187"/>
                  <String HEIGHT="37"
                          WIDTH="70"
                          VPOS="841"
                          HPOS="1131"
                          CONTENT="ha"
                          SUBS_TYPE="HypPart1"
                          SUBS_CONTENT="habitus:"/>
                  <HYP CONTENT="-"/>
               </TextLine>
               <TextLine ID="r1l37"
                         BASELINE="915"
                         HEIGHT="47"
                         WIDTH="778"
                         VPOS="868"
                         HPOS="430">
                  <String HEIGHT="47"
                          WIDTH="134"
                          VPOS="868"
                          HPOS="417"
                          CONTENT="bitus:"
                          SUBS_TYPE="HypPart2"
                          SUBS_CONTENT="habitus:"/>
                  <SP HEIGHT="47" WIDTH="13" VPOS="868" HPOS="551"/>
                  <String HEIGHT="47" WIDTH="80" VPOS="868" HPOS="510" CONTENT="et"/>
                  <SP HEIGHT="47" WIDTH="13" VPOS="868" HPOS="591"/>
                  <String HEIGHT="47" WIDTH="80" VPOS="868" HPOS="551" CONTENT="si"/>
                  <SP HEIGHT="47" WIDTH="13" VPOS="868" HPOS="631"/>
                  <String HEIGHT="47"
                          WIDTH="121"
                          VPOS="868"
                          HPOS="591"
                          CONTENT="esset"/>
                  <SP HEIGHT="47" WIDTH="13" VPOS="868" HPOS="712"/>
                  <String HEIGHT="47"
                          WIDTH="188"
                          VPOS="868"
                          HPOS="671"
                          CONTENT="oppositio:"/>
                  <SP HEIGHT="47" WIDTH="13" VPOS="868" HPOS="859"/>
                  <String HEIGHT="47"
                          WIDTH="121"
                          VPOS="868"
                          HPOS="819"
                          CONTENT="anima"/>
                  <SP HEIGHT="47" WIDTH="13" VPOS="868" HPOS="940"/>
                  <String HEIGHT="47"
                          WIDTH="121"
                          VPOS="868"
                          HPOS="899"
                          CONTENT="tamen"/>
                  <SP HEIGHT="47" WIDTH="13" VPOS="868" HPOS="1020"/>
                  <String HEIGHT="47"
                          WIDTH="121"
                          VPOS="868"
                          HPOS="980"
                          CONTENT="beata"/>
                  <SP HEIGHT="47" WIDTH="13" VPOS="868" HPOS="1101"/>
                  <String HEIGHT="47" WIDTH="94" VPOS="868" HPOS="1060" CONTENT="non"/>
                  <SP HEIGHT="47" WIDTH="13" VPOS="868" HPOS="1154"/>
                  <String HEIGHT="47"
                          WIDTH="107"
                          VPOS="868"
                          HPOS="1101"
                          CONTENT="habemt"/>
               </TextLine>
               <TextLine ID="r1l39"
                         BASELINE="958"
                         HEIGHT="49"
                         WIDTH="770"
                         VPOS="909"
                         HPOS="435">
                  <String HEIGHT="49"
                          WIDTH="216"
                          VPOS="909"
                          HPOS="420"
                          CONTENT="gnorantiam"/>
                  <SP HEIGHT="49" WIDTH="15" VPOS="909" HPOS="635"/>
                  <String HEIGHT="49"
                          WIDTH="139"
                          VPOS="909"
                          HPOS="589"
                          CONTENT="praue"/>
                  <SP HEIGHT="49" WIDTH="15" VPOS="909" HPOS="728"/>
                  <String HEIGHT="49"
                          WIDTH="277"
                          VPOS="909"
                          HPOS="681"
                          CONTENT="dispositionis:"/>
                  <SP HEIGHT="49" WIDTH="15" VPOS="909" HPOS="959"/>
                  <String HEIGHT="49" WIDTH="108" VPOS="909" HPOS="912" CONTENT="non"/>
                  <SP HEIGHT="49" WIDTH="15" VPOS="909" HPOS="1020"/>
                  <String HEIGHT="49"
                          WIDTH="123"
                          VPOS="909"
                          HPOS="974"
                          CONTENT="enim"/>
                  <SP HEIGHT="49" WIDTH="15" VPOS="909" HPOS="1097"/>
                  <String HEIGHT="49"
                          WIDTH="139"
                          VPOS="909"
                          HPOS="1051"
                          CONTENT="habet"/>
                  <SP HEIGHT="49" WIDTH="15" VPOS="909" HPOS="1190"/>
                  <String HEIGHT="49" WIDTH="77" VPOS="909" HPOS="1128" CONTENT="con"/>
               </TextLine>
               <TextLine ID="r1l41"
                         BASELINE="988"
                         HEIGHT="49"
                         WIDTH="778"
                         VPOS="939"
                         HPOS="427">
                  <String HEIGHT="49"
                          WIDTH="175"
                          VPOS="939"
                          HPOS="411"
                          CONTENT="trarium"/>
                  <SP HEIGHT="49" WIDTH="16" VPOS="939" HPOS="586"/>
                  <String HEIGHT="49"
                          WIDTH="143"
                          VPOS="939"
                          HPOS="538"
                          CONTENT="vero."/>
                  <SP HEIGHT="49" WIDTH="16" VPOS="939" HPOS="681"/>
                  <String HEIGHT="49" WIDTH="95" VPOS="939" HPOS="633" CONTENT="Et"/>
                  <SP HEIGHT="49" WIDTH="16" VPOS="939" HPOS="729"/>
                  <String HEIGHT="49"
                          WIDTH="127"
                          VPOS="939"
                          HPOS="681"
                          CONTENT="quod"/>
                  <SP HEIGHT="49" WIDTH="16" VPOS="939" HPOS="808"/>
                  <String HEIGHT="49"
                          WIDTH="175"
                          VPOS="939"
                          HPOS="760"
                          CONTENT="amplius"/>
                  <SP HEIGHT="49" WIDTH="16" VPOS="939" HPOS="935"/>
                  <String HEIGHT="49"
                          WIDTH="127"
                          VPOS="939"
                          HPOS="887"
                          CONTENT="est:"/>
                  <SP HEIGHT="49" WIDTH="16" VPOS="939" HPOS="1014"/>
                  <String HEIGHT="49" WIDTH="111" VPOS="939" HPOS="967" CONTENT="vbi"/>
                  <SP HEIGHT="49" WIDTH="16" VPOS="939" HPOS="1078"/>
                  <String HEIGHT="49"
                          WIDTH="143"
                          VPOS="939"
                          HPOS="1030"
                          CONTENT="illud"/>
                  <SP HEIGHT="49" WIDTH="16" VPOS="939" HPOS="1173"/>
                  <String HEIGHT="49"
                          WIDTH="95"
                          VPOS="939"
                          HPOS="1110"
                          CONTENT="con"
                          SUBS_TYPE="HypPart1"
                          SUBS_CONTENT="contingeret"/>
                  <HYP CONTENT="-"/>
               </TextLine>
               <TextLine ID="r1l43"
                         BASELINE="1032"
                         HEIGHT="50"
                         WIDTH="790"
                         VPOS="982"
                         HPOS="423">
                  <String HEIGHT="50"
                          WIDTH="172"
                          VPOS="982"
                          HPOS="409"
                          CONTENT="tingeret"
                          SUBS_TYPE="HypPart2"
                          SUBS_CONTENT="contingeret"/>
                  <SP HEIGHT="50" WIDTH="14" VPOS="982" HPOS="581"/>
                  <String HEIGHT="50"
                          WIDTH="115"
                          VPOS="982"
                          HPOS="538"
                          CONTENT="quod"/>
                  <SP HEIGHT="50" WIDTH="14" VPOS="982" HPOS="653"/>
                  <String HEIGHT="50" WIDTH="101" VPOS="982" HPOS="610" CONTENT="non"/>
                  <SP HEIGHT="50" WIDTH="14" VPOS="982" HPOS="710"/>
                  <String HEIGHT="50"
                          WIDTH="129"
                          VPOS="982"
                          HPOS="667"
                          CONTENT="esset"/>
                  <SP HEIGHT="50" WIDTH="14" VPOS="982" HPOS="796"/>
                  <String HEIGHT="50"
                          WIDTH="115"
                          VPOS="982"
                          HPOS="753"
                          CONTENT="alia"/>
                  <SP HEIGHT="50" WIDTH="14" VPOS="982" HPOS="868"/>
                  <String HEIGHT="50" WIDTH="101" VPOS="982" HPOS="825" CONTENT="via"/>
                  <SP HEIGHT="50" WIDTH="14" VPOS="982" HPOS="926"/>
                  <String HEIGHT="50"
                          WIDTH="187"
                          VPOS="982"
                          HPOS="883"
                          CONTENT="saluandi:"/>
                  <SP HEIGHT="50" WIDTH="14" VPOS="982" HPOS="1069"/>
                  <String HEIGHT="50"
                          WIDTH="115"
                          VPOS="982"
                          HPOS="1026"
                          CONTENT="deus"/>
                  <SP HEIGHT="50" WIDTH="14" VPOS="982" HPOS="1141"/>
                  <String HEIGHT="50"
                          WIDTH="101"
                          VPOS="982"
                          HPOS="1098"
                          CONTENT="non"/>
                  <SP HEIGHT="50" WIDTH="14" VPOS="982" HPOS="1199"/>
                  <String HEIGHT="50" WIDTH="72" VPOS="982" HPOS="1141" CONTENT="con"/>
               </TextLine>
               <TextLine ID="r1l45"
                         BASELINE="1074"
                         HEIGHT="59"
                         WIDTH="794"
                         VPOS="1015"
                         HPOS="420">
                  <String HEIGHT="59"
                          WIDTH="150"
                          VPOS="1015"
                          HPOS="405"
                          CONTENT="currit"/>
                  <SP HEIGHT="59" WIDTH="15" VPOS="1015" HPOS="555"/>
                  <String HEIGHT="59" WIDTH="90" VPOS="1015" HPOS="510" CONTENT="ad"/>
                  <SP HEIGHT="59" WIDTH="15" VPOS="1015" HPOS="600"/>
                  <String HEIGHT="59"
                          WIDTH="225"
                          VPOS="1015"
                          HPOS="555"
                          CONTENT="contrarium:"/>
                  <SP HEIGHT="59" WIDTH="15" VPOS="1015" HPOS="780"/>
                  <String HEIGHT="59"
                          WIDTH="120"
                          VPOS="1015"
                          HPOS="735"
                          CONTENT="nunc"/>
                  <SP HEIGHT="59" WIDTH="15" VPOS="1015" HPOS="854"/>
                  <String HEIGHT="59"
                          WIDTH="135"
                          VPOS="1015"
                          HPOS="810"
                          CONTENT="autem"/>
                  <SP HEIGHT="59" WIDTH="15" VPOS="1015" HPOS="944"/>
                  <String HEIGHT="59"
                          WIDTH="165"
                          VPOS="1015"
                          HPOS="899"
                          CONTENT="propter"/>
                  <SP HEIGHT="59" WIDTH="15" VPOS="1015" HPOS="1064"/>
                  <String HEIGHT="59"
                          WIDTH="210"
                          VPOS="1015"
                          HPOS="1004"
                          CONTENT="alterationem"/>
               </TextLine>
               <TextLine ID="r1l47"
                         BASELINE="1108"
                         HEIGHT="44"
                         WIDTH="783"
                         VPOS="1064"
                         HPOS="424">
                  <String HEIGHT="44"
                          WIDTH="166"
                          VPOS="1064"
                          HPOS="409"
                          CONTENT="grandem"/>
                  <SP HEIGHT="44" WIDTH="15" VPOS="1064" HPOS="575"/>
                  <String HEIGHT="44" WIDTH="90" VPOS="1064" HPOS="529" CONTENT="in"/>
                  <SP HEIGHT="44" WIDTH="15" VPOS="1064" HPOS="620"/>
                  <String HEIGHT="44"
                          WIDTH="151"
                          VPOS="1064"
                          HPOS="575"
                          CONTENT="corpe:"/>
                  <SP HEIGHT="44" WIDTH="15" VPOS="1064" HPOS="725"/>
                  <String HEIGHT="44" WIDTH="90" VPOS="1064" HPOS="680" CONTENT="vt"/>
                  <SP HEIGHT="44" WIDTH="15" VPOS="1064" HPOS="770"/>
                  <String HEIGHT="44" WIDTH="90" VPOS="1064" HPOS="725" CONTENT="in"/>
                  <SP HEIGHT="44" WIDTH="15" VPOS="1064" HPOS="816"/>
                  <String HEIGHT="44"
                          WIDTH="136"
                          VPOS="1064"
                          HPOS="770"
                          CONTENT="longa"/>
                  <SP HEIGHT="44" WIDTH="15" VPOS="1064" HPOS="906"/>
                  <String HEIGHT="44"
                          WIDTH="226"
                          VPOS="1064"
                          HPOS="861"
                          CONTENT="infirmitate"/>
                  <SP HEIGHT="44" WIDTH="15" VPOS="1064" HPOS="1087"/>
                  <String HEIGHT="44"
                          WIDTH="136"
                          VPOS="1064"
                          HPOS="1041"
                          CONTENT="teste"/>
                  <SP HEIGHT="44" WIDTH="15" VPOS="1064" HPOS="1177"/>
                  <String HEIGHT="44"
                          WIDTH="90"
                          VPOS="1064"
                          HPOS="1117"
                          CONTENT="phi"
                          SUBS_TYPE="HypPart1"
                          SUBS_CONTENT="philosopho"/>
                  <HYP CONTENT="-"/>
               </TextLine>
               <TextLine ID="r1l49"
                         BASELINE="1148"
                         HEIGHT="58"
                         WIDTH="770"
                         VPOS="1090"
                         HPOS="432">
                  <String HEIGHT="58"
                          WIDTH="173"
                          VPOS="1090"
                          HPOS="416"
                          CONTENT="losopho"
                          SUBS_TYPE="HypPart2"
                          SUBS_CONTENT="philosopho"/>
                  <SP HEIGHT="58" WIDTH="16" VPOS="1090" HPOS="589"/>
                  <String HEIGHT="58" WIDTH="94" VPOS="1090" HPOS="542" CONTENT="in"/>
                  <SP HEIGHT="58" WIDTH="16" VPOS="1090" HPOS="636"/>
                  <String HEIGHT="58"
                          WIDTH="267"
                          VPOS="1090"
                          HPOS="589"
                          CONTENT="paedicamentis"/>
                  <SP HEIGHT="58" WIDTH="16" VPOS="1090" HPOS="856"/>
                  <String HEIGHT="58" WIDTH="94" VPOS="1090" HPOS="809" CONTENT="et"/>
                  <SP HEIGHT="58" WIDTH="16" VPOS="1090" HPOS="903"/>
                  <String HEIGHT="58"
                          WIDTH="251"
                          VPOS="1090"
                          HPOS="856"
                          CONTENT="experientia:"/>
                  <SP HEIGHT="58" WIDTH="16" VPOS="1090" HPOS="1108"/>
                  <String HEIGHT="58"
                          WIDTH="126"
                          VPOS="1090"
                          HPOS="1061"
                          CONTENT="homo"/>
                  <SP HEIGHT="58" WIDTH="16" VPOS="1090" HPOS="1186"/>
                  <String HEIGHT="58"
                          WIDTH="79"
                          VPOS="1090"
                          HPOS="1123"
                          CONTENT="non"/>
               </TextLine>
               <TextLine ID="r1l51"
                         BASELINE="1185"
                         HEIGHT="42"
                         WIDTH="777"
                         VPOS="1143"
                         HPOS="427">
                  <String HEIGHT="42"
                          WIDTH="115"
                          VPOS="1143"
                          HPOS="413"
                          CONTENT="exit"/>
                  <SP HEIGHT="42" WIDTH="14" VPOS="1143" HPOS="528"/>
                  <String HEIGHT="42" WIDTH="86" VPOS="1143" HPOS="485" CONTENT="in"/>
                  <SP HEIGHT="42" WIDTH="14" VPOS="1143" HPOS="571"/>
                  <String HEIGHT="42"
                          WIDTH="130"
                          VPOS="1143"
                          HPOS="528"
                          CONTENT="actus"/>
                  <SP HEIGHT="42" WIDTH="14" VPOS="1143" HPOS="657"/>
                  <String HEIGHT="42"
                          WIDTH="245"
                          VPOS="1143"
                          HPOS="614"
                          CONTENT="scientificos:"/>
                  <SP HEIGHT="42" WIDTH="14" VPOS="1143" HPOS="859"/>
                  <String HEIGHT="42"
                          WIDTH="130"
                          VPOS="1143"
                          HPOS="816"
                          CONTENT="sicut"/>
                  <SP HEIGHT="42" WIDTH="14" VPOS="1143" HPOS="945"/>
                  <String HEIGHT="42" WIDTH="72" VPOS="1143" HPOS="902" CONTENT="a"/>
                  <SP HEIGHT="42" WIDTH="14" VPOS="1143" HPOS="974"/>
                  <String HEIGHT="42"
                          WIDTH="201"
                          VPOS="1143"
                          HPOS="931"
                          CONTENT="principio."/>
                  <SP HEIGHT="42" WIDTH="14" VPOS="1143" HPOS="1132"/>
                  <String HEIGHT="42"
                          WIDTH="101"
                          VPOS="1143"
                          HPOS="1089"
                          CONTENT="sed"/>
                  <SP HEIGHT="42" WIDTH="14" VPOS="1143" HPOS="1190"/>
                  <String HEIGHT="42"
                          WIDTH="72"
                          VPOS="1143"
                          HPOS="1132"
                          CONTENT="hoc"/>
               </TextLine>
               <TextLine ID="r1l53"
                         BASELINE="1217"
                         HEIGHT="38"
                         WIDTH="783"
                         VPOS="1179"
                         HPOS="424">
                  <String HEIGHT="38"
                          WIDTH="114"
                          VPOS="1179"
                          HPOS="408"
                          CONTENT="non"/>
                  <SP HEIGHT="38" WIDTH="16" VPOS="1179" HPOS="522"/>
                  <String HEIGHT="38"
                          WIDTH="114"
                          VPOS="1179"
                          HPOS="473"
                          CONTENT="est"/>
                  <SP HEIGHT="38" WIDTH="16" VPOS="1179" HPOS="587"/>
                  <String HEIGHT="38"
                          WIDTH="179"
                          VPOS="1179"
                          HPOS="538"
                          CONTENT="propter"/>
                  <SP HEIGHT="38" WIDTH="16" VPOS="1179" HPOS="718"/>
                  <String HEIGHT="38"
                          WIDTH="261"
                          VPOS="1179"
                          HPOS="669"
                          CONTENT="corruptionem"/>
                  <SP HEIGHT="38" WIDTH="16" VPOS="1179" HPOS="930"/>
                  <String HEIGHT="38"
                          WIDTH="179"
                          VPOS="1179"
                          HPOS="881"
                          CONTENT="habitus"/>
                  <SP HEIGHT="38" WIDTH="16" VPOS="1179" HPOS="1060"/>
                  <String HEIGHT="38"
                          WIDTH="212"
                          VPOS="1179"
                          HPOS="995"
                          CONTENT="scientifici"/>
               </TextLine>
               <TextLine ID="r1l55"
                         BASELINE="1260"
                         HEIGHT="41"
                         WIDTH="796"
                         VPOS="1219"
                         HPOS="418">
                  <String HEIGHT="41" WIDTH="78" VPOS="1219" HPOS="405" CONTENT="in"/>
                  <SP HEIGHT="41" WIDTH="13" VPOS="1219" HPOS="483"/>
                  <String HEIGHT="41"
                          WIDTH="130"
                          VPOS="1219"
                          HPOS="444"
                          CONTENT="anima:"/>
                  <SP HEIGHT="41" WIDTH="13" VPOS="1219" HPOS="575"/>
                  <String HEIGHT="41" WIDTH="91" VPOS="1219" HPOS="535" CONTENT="sed"/>
                  <SP HEIGHT="41" WIDTH="13" VPOS="1219" HPOS="627"/>
                  <String HEIGHT="41" WIDTH="91" VPOS="1219" HPOS="588" CONTENT="est"/>
                  <SP HEIGHT="41" WIDTH="13" VPOS="1219" HPOS="679"/>
                  <String HEIGHT="41"
                          WIDTH="104"
                          VPOS="1219"
                          HPOS="640"
                          CONTENT="quia"/>
                  <SP HEIGHT="41" WIDTH="13" VPOS="1219" HPOS="744"/>
                  <String HEIGHT="41"
                          WIDTH="104"
                          VPOS="1219"
                          HPOS="705"
                          CONTENT="ille"/>
                  <SP HEIGHT="41" WIDTH="13" VPOS="1219" HPOS="809"/>
                  <String HEIGHT="41"
                          WIDTH="144"
                          VPOS="1219"
                          HPOS="770"
                          CONTENT="habitus"/>
                  <SP HEIGHT="41" WIDTH="13" VPOS="1219" HPOS="914"/>
                  <String HEIGHT="41" WIDTH="91" VPOS="1219" HPOS="875" CONTENT="non"/>
                  <SP HEIGHT="41" WIDTH="13" VPOS="1219" HPOS="966"/>
                  <String HEIGHT="41" WIDTH="91" VPOS="1219" HPOS="927" CONTENT="est"/>
                  <SP HEIGHT="41" WIDTH="13" VPOS="1219" HPOS="1018"/>
                  <String HEIGHT="41"
                          WIDTH="183"
                          VPOS="1219"
                          HPOS="979"
                          CONTENT="principium"/>
                  <SP HEIGHT="41" WIDTH="13" VPOS="1219" HPOS="1162"/>
                  <String HEIGHT="41"
                          WIDTH="104"
                          VPOS="1219"
                          HPOS="1110"
                          CONTENT="suffi"
                          SUBS_TYPE="HypPart1"
                          SUBS_CONTENT="suffiens"/>
                  <HYP CONTENT="-"/>
               </TextLine>
               <TextLine ID="r1l57"
                         BASELINE="1295"
                         HEIGHT="46"
                         WIDTH="794"
                         VPOS="1249"
                         HPOS="423">
                  <String HEIGHT="46"
                          WIDTH="116"
                          VPOS="1249"
                          HPOS="406"
                          CONTENT="ens"
                          SUBS_TYPE="HypPart2"
                          SUBS_CONTENT="suffiens"/>
                  <SP HEIGHT="46" WIDTH="17" VPOS="1249" HPOS="522"/>
                  <String HEIGHT="46"
                          WIDTH="182"
                          VPOS="1249"
                          HPOS="473"
                          CONTENT="exeundi"/>
                  <SP HEIGHT="46" WIDTH="17" VPOS="1249" HPOS="655"/>
                  <String HEIGHT="46" WIDTH="99" VPOS="1249" HPOS="605" CONTENT="in"/>
                  <SP HEIGHT="46" WIDTH="17" VPOS="1249" HPOS="704"/>
                  <String HEIGHT="46"
                          WIDTH="149"
                          VPOS="1249"
                          HPOS="655"
                          CONTENT="actum"/>
                  <SP HEIGHT="46" WIDTH="17" VPOS="1249" HPOS="803"/>
                  <String HEIGHT="46"
                          WIDTH="132"
                          VPOS="1249"
                          HPOS="754"
                          CONTENT="sine"/>
                  <SP HEIGHT="46" WIDTH="17" VPOS="1249" HPOS="886"/>
                  <String HEIGHT="46"
                          WIDTH="165"
                          VPOS="1249"
                          HPOS="837"
                          CONTENT="specie"/>
                  <SP HEIGHT="46" WIDTH="17" VPOS="1249" HPOS="1002"/>
                  <String HEIGHT="46"
                          WIDTH="248"
                          VPOS="1249"
                          HPOS="952"
                          CONTENT="phantastica"/>
                  <SP HEIGHT="46" WIDTH="17" VPOS="1249" HPOS="1200"/>
                  <String HEIGHT="46"
                          WIDTH="83"
                          VPOS="1249"
                          HPOS="1134"
                          CONTENT="pro"/>
               </TextLine>
               <TextLine ID="r1l59"
                         BASELINE="1338"
                         HEIGHT="53"
                         WIDTH="790"
                         VPOS="1285"
                         HPOS="427">
                  <String HEIGHT="53" WIDTH="95" VPOS="1285" HPOS="413" CONTENT="hoc"/>
                  <SP HEIGHT="53" WIDTH="14" VPOS="1285" HPOS="509"/>
                  <String HEIGHT="53"
                          WIDTH="136"
                          VPOS="1285"
                          HPOS="468"
                          CONTENT="statu."/>
                  <SP HEIGHT="53" WIDTH="14" VPOS="1285" HPOS="604"/>
                  <String HEIGHT="53"
                          WIDTH="163"
                          VPOS="1285"
                          HPOS="563"
                          CONTENT="secundum"/>
                  <SP HEIGHT="53" WIDTH="14" VPOS="1285" HPOS="727"/>
                  <String HEIGHT="53"
                          WIDTH="123"
                          VPOS="1285"
                          HPOS="686"
                          CONTENT="illud"/>
                  <SP HEIGHT="53" WIDTH="14" VPOS="1285" HPOS="808"/>
                  <String HEIGHT="53"
                          WIDTH="177"
                          VPOS="1285"
                          HPOS="768"
                          CONTENT="sapientie"/>
                  <SP HEIGHT="53" WIDTH="14" VPOS="1285" HPOS="945"/>
                  <String HEIGHT="53"
                          WIDTH="123"
                          VPOS="1285"
                          HPOS="904"
                          CONTENT="nono:"/>
                  <SP HEIGHT="53" WIDTH="14" VPOS="1285" HPOS="1026"/>
                  <String HEIGHT="53"
                          WIDTH="136"
                          VPOS="1285"
                          HPOS="985"
                          CONTENT="corpus"/>
                  <SP HEIGHT="53" WIDTH="14" VPOS="1285" HPOS="1122"/>
                  <String HEIGHT="53"
                          WIDTH="109"
                          VPOS="1285"
                          HPOS="1081"
                          CONTENT="quod"/>
                  <SP HEIGHT="53" WIDTH="14" VPOS="1285" HPOS="1190"/>
                  <String HEIGHT="53"
                          WIDTH="82"
                          VPOS="1285"
                          HPOS="1135"
                          CONTENT="cor"
                          SUBS_TYPE="HypPart1"
                          SUBS_CONTENT="corrumpitur"/>
                  <HYP CONTENT="-"/>
               </TextLine>
               <TextLine ID="r1l61"
                         BASELINE="1373"
                         HEIGHT="51"
                         WIDTH="790"
                         VPOS="1322"
                         HPOS="418">
                  <String HEIGHT="51"
                          WIDTH="190"
                          VPOS="1322"
                          HPOS="402"
                          CONTENT="rumpitur"
                          SUBS_TYPE="HypPart2"
                          SUBS_CONTENT="corrumpitur"/>
                  <SP HEIGHT="51" WIDTH="16" VPOS="1322" HPOS="592"/>
                  <String HEIGHT="51"
                          WIDTH="190"
                          VPOS="1322"
                          HPOS="544"
                          CONTENT="aggrauat"/>
                  <SP HEIGHT="51" WIDTH="16" VPOS="1322" HPOS="734"/>
                  <String HEIGHT="51"
                          WIDTH="174"
                          VPOS="1322"
                          HPOS="687"
                          CONTENT="animam."/>
                  <SP HEIGHT="51" WIDTH="16" VPOS="1322" HPOS="860"/>
                  <String HEIGHT="51" WIDTH="95" VPOS="1322" HPOS="813" CONTENT="In"/>
                  <SP HEIGHT="51" WIDTH="16" VPOS="1322" HPOS="908"/>
                  <String HEIGHT="51"
                          WIDTH="142"
                          VPOS="1322"
                          HPOS="860"
                          CONTENT="penam"/>
                  <SP HEIGHT="51" WIDTH="16" VPOS="1322" HPOS="1003"/>
                  <String HEIGHT="51"
                          WIDTH="142"
                          VPOS="1322"
                          HPOS="955"
                          CONTENT="culpe"/>
                  <SP HEIGHT="51" WIDTH="16" VPOS="1322" HPOS="1097"/>
                  <String HEIGHT="51"
                          WIDTH="142"
                          VPOS="1322"
                          HPOS="1050"
                          CONTENT="primi"/>
                  <SP HEIGHT="51" WIDTH="16" VPOS="1322" HPOS="1192"/>
                  <String HEIGHT="51"
                          WIDTH="79"
                          VPOS="1322"
                          HPOS="1129"
                          CONTENT="pa"
                          SUBS_TYPE="HypPart1"
                          SUBS_CONTENT="parentis"/>
                  <HYP CONTENT="-"/>
               </TextLine>
               <TextLine ID="r1l63"
                         BASELINE="1412"
                         HEIGHT="53"
                         WIDTH="783"
                         VPOS="1359"
                         HPOS="424">
                  <String HEIGHT="53"
                          WIDTH="157"
                          VPOS="1359"
                          HPOS="408"
                          CONTENT="rentis"
                          SUBS_TYPE="HypPart2"
                          SUBS_CONTENT="parentis"/>
                  <SP HEIGHT="53" WIDTH="16" VPOS="1359" HPOS="565"/>
                  <String HEIGHT="53"
                          WIDTH="110"
                          VPOS="1359"
                          HPOS="518"
                          CONTENT="hoc"/>
                  <SP HEIGHT="53" WIDTH="16" VPOS="1359" HPOS="628"/>
                  <String HEIGHT="53"
                          WIDTH="188"
                          VPOS="1359"
                          HPOS="581"
                          CONTENT="habemus:"/>
                  <SP HEIGHT="53" WIDTH="16" VPOS="1359" HPOS="769"/>
                  <String HEIGHT="53" WIDTH="94" VPOS="1359" HPOS="722" CONTENT="et"/>
                  <SP HEIGHT="53" WIDTH="16" VPOS="1359" HPOS="816"/>
                  <String HEIGHT="53" WIDTH="94" VPOS="1359" HPOS="769" CONTENT="vt"/>
                  <SP HEIGHT="53" WIDTH="16" VPOS="1359" HPOS="862"/>
                  <String HEIGHT="53"
                          WIDTH="110"
                          VPOS="1359"
                          HPOS="816"
                          CONTENT="non"/>
                  <SP HEIGHT="53" WIDTH="16" VPOS="1359" HPOS="925"/>
                  <String HEIGHT="53"
                          WIDTH="219"
                          VPOS="1359"
                          HPOS="878"
                          CONTENT="torpeamus."/>
                  <SP HEIGHT="53" WIDTH="16" VPOS="1359" HPOS="1097"/>
                  <String HEIGHT="53"
                          WIDTH="141"
                          VPOS="1359"
                          HPOS="1050"
                          CONTENT="secus"/>
                  <SP HEIGHT="53" WIDTH="16" VPOS="1359" HPOS="1191"/>
                  <String HEIGHT="53"
                          WIDTH="78"
                          VPOS="1359"
                          HPOS="1129"
                          CONTENT="est"/>
               </TextLine>
               <TextLine ID="r1l65"
                         BASELINE="1450"
                         HEIGHT="43"
                         WIDTH="775"
                         VPOS="1407"
                         HPOS="430">
                  <String HEIGHT="43"
                          WIDTH="100"
                          VPOS="1407"
                          HPOS="416"
                          CONTENT="pro"/>
                  <SP HEIGHT="43" WIDTH="14" VPOS="1407" HPOS="516"/>
                  <String HEIGHT="43"
                          WIDTH="129"
                          VPOS="1407"
                          HPOS="473"
                          CONTENT="statu"/>
                  <SP HEIGHT="43" WIDTH="14" VPOS="1407" HPOS="602"/>
                  <String HEIGHT="43"
                          WIDTH="158"
                          VPOS="1407"
                          HPOS="559"
                          CONTENT="patrie."/>
                  <SP HEIGHT="43" WIDTH="14" VPOS="1407" HPOS="717"/>
                  <String HEIGHT="43"
                          WIDTH="158"
                          VPOS="1407"
                          HPOS="674"
                          CONTENT="Obliuio"/>
                  <SP HEIGHT="43" WIDTH="14" VPOS="1407" HPOS="832"/>
                  <String HEIGHT="43"
                          WIDTH="129"
                          VPOS="1407"
                          HPOS="789"
                          CONTENT="autem"/>
                  <SP HEIGHT="43" WIDTH="14" VPOS="1407" HPOS="918"/>
                  <String HEIGHT="43"
                          WIDTH="100"
                          VPOS="1407"
                          HPOS="875"
                          CONTENT="non"/>
                  <SP HEIGHT="43" WIDTH="14" VPOS="1407" HPOS="975"/>
                  <String HEIGHT="43"
                          WIDTH="158"
                          VPOS="1407"
                          HPOS="932"
                          CONTENT="capitur"/>
                  <SP HEIGHT="43" WIDTH="14" VPOS="1407" HPOS="1090"/>
                  <String HEIGHT="43"
                          WIDTH="100"
                          VPOS="1407"
                          HPOS="1047"
                          CONTENT="pro"/>
                  <SP HEIGHT="43" WIDTH="14" VPOS="1407" HPOS="1148"/>
                  <String HEIGHT="43"
                          WIDTH="115"
                          VPOS="1407"
                          HPOS="1090"
                          CONTENT="priua"
                          SUBS_TYPE="HypPart1"
                          SUBS_CONTENT="priuatione"/>
                  <HYP CONTENT="-"/>
               </TextLine>
               <TextLine ID="r1l67"
                         BASELINE="1487"
                         HEIGHT="42"
                         WIDTH="778"
                         VPOS="1445"
                         HPOS="427">
                  <String HEIGHT="42"
                          WIDTH="125"
                          VPOS="1445"
                          HPOS="413"
                          CONTENT="tione"
                          SUBS_TYPE="HypPart2"
                          SUBS_CONTENT="priuatione"/>
                  <SP HEIGHT="42" WIDTH="14" VPOS="1445" HPOS="538"/>
                  <String HEIGHT="42"
                          WIDTH="153"
                          VPOS="1445"
                          HPOS="496"
                          CONTENT="habitus"/>
                  <SP HEIGHT="42" WIDTH="14" VPOS="1445" HPOS="649"/>
                  <String HEIGHT="42" WIDTH="97" VPOS="1445" HPOS="608" CONTENT="vel"/>
                  <SP HEIGHT="42" WIDTH="14" VPOS="1445" HPOS="705"/>
                  <String HEIGHT="42"
                          WIDTH="139"
                          VPOS="1445"
                          HPOS="663"
                          CONTENT="actus:"/>
                  <SP HEIGHT="42" WIDTH="14" VPOS="1445" HPOS="802"/>
                  <String HEIGHT="42"
                          WIDTH="111"
                          VPOS="1445"
                          HPOS="760"
                          CONTENT="quia"/>
                  <SP HEIGHT="42" WIDTH="14" VPOS="1445" HPOS="872"/>
                  <String HEIGHT="42"
                          WIDTH="111"
                          VPOS="1445"
                          HPOS="830"
                          CONTENT="tunc"/>
                  <SP HEIGHT="42" WIDTH="14" VPOS="1445" HPOS="941"/>
                  <String HEIGHT="42"
                          WIDTH="167"
                          VPOS="1445"
                          HPOS="899"
                          CONTENT="dormiens"/>
                  <SP HEIGHT="42" WIDTH="14" VPOS="1445" HPOS="1066"/>
                  <String HEIGHT="42"
                          WIDTH="97"
                          VPOS="1445"
                          HPOS="1024"
                          CONTENT="vel"/>
                  <SP HEIGHT="42" WIDTH="14" VPOS="1445" HPOS="1122"/>
                  <String HEIGHT="42"
                          WIDTH="139"
                          VPOS="1445"
                          HPOS="1066"
                          CONTENT="cogitans"/>
               </TextLine>
               <TextLine ID="r1l69"
                         BASELINE="1522"
                         HEIGHT="50"
                         WIDTH="779"
                         VPOS="1472"
                         HPOS="423">
                  <String HEIGHT="50" WIDTH="90" VPOS="1472" HPOS="408" CONTENT="de"/>
                  <SP HEIGHT="50" WIDTH="15" VPOS="1472" HPOS="498"/>
                  <String HEIGHT="50"
                          WIDTH="165"
                          VPOS="1472"
                          HPOS="453"
                          CONTENT="materia"/>
                  <SP HEIGHT="50" WIDTH="15" VPOS="1472" HPOS="618"/>
                  <String HEIGHT="50"
                          WIDTH="195"
                          VPOS="1472"
                          HPOS="573"
                          CONTENT="peregrina"/>
                  <SP HEIGHT="50" WIDTH="15" VPOS="1472" HPOS="768"/>
                  <String HEIGHT="50"
                          WIDTH="195"
                          VPOS="1472"
                          HPOS="723"
                          CONTENT="diceretur"/>
                  <SP HEIGHT="50" WIDTH="15" VPOS="1472" HPOS="917"/>
                  <String HEIGHT="50"
                          WIDTH="195"
                          VPOS="1472"
                          HPOS="872"
                          CONTENT="obliuisci"/>
                  <SP HEIGHT="50" WIDTH="15" VPOS="1472" HPOS="1067"/>
                  <String HEIGHT="50"
                          WIDTH="135"
                          VPOS="1472"
                          HPOS="1022"
                          CONTENT="aliam"/>
                  <SP HEIGHT="50" WIDTH="15" VPOS="1472" HPOS="1157"/>
                  <String HEIGHT="50"
                          WIDTH="105"
                          VPOS="1472"
                          HPOS="1097"
                          CONTENT="mate"
                          SUBS_TYPE="HypPart1"
                          SUBS_CONTENT="materiam"/>
                  <HYP CONTENT="-"/>
               </TextLine>
               <TextLine ID="r1l71"
                         BASELINE="1562"
                         HEIGHT="46"
                         WIDTH="773"
                         VPOS="1516"
                         HPOS="426">
                  <String HEIGHT="46"
                          WIDTH="121"
                          VPOS="1516"
                          HPOS="411"
                          CONTENT="riam"
                          SUBS_TYPE="HypPart2"
                          SUBS_CONTENT="materiam"/>
                  <SP HEIGHT="46" WIDTH="15" VPOS="1516" HPOS="532"/>
                  <String HEIGHT="46"
                          WIDTH="136"
                          VPOS="1516"
                          HPOS="487"
                          CONTENT="cuius"/>
                  <SP HEIGHT="46" WIDTH="15" VPOS="1516" HPOS="623"/>
                  <String HEIGHT="46"
                          WIDTH="152"
                          VPOS="1516"
                          HPOS="578"
                          CONTENT="magnas"/>
                  <SP HEIGHT="46" WIDTH="15" VPOS="1516" HPOS="729"/>
                  <String HEIGHT="46"
                          WIDTH="167"
                          VPOS="1516"
                          HPOS="684"
                          CONTENT="species"/>
                  <SP HEIGHT="46" WIDTH="15" VPOS="1516" HPOS="850"/>
                  <String HEIGHT="46"
                          WIDTH="152"
                          VPOS="1516"
                          HPOS="805"
                          CONTENT="habet:"/>
                  <SP HEIGHT="46" WIDTH="15" VPOS="1516" HPOS="956"/>
                  <String HEIGHT="46"
                          WIDTH="106"
                          VPOS="1516"
                          HPOS="911"
                          CONTENT="sed"/>
                  <SP HEIGHT="46" WIDTH="15" VPOS="1516" HPOS="1017"/>
                  <String HEIGHT="46"
                          WIDTH="167"
                          VPOS="1516"
                          HPOS="972"
                          CONTENT="obliuio"/>
                  <SP HEIGHT="46" WIDTH="15" VPOS="1516" HPOS="1138"/>
                  <String HEIGHT="46"
                          WIDTH="121"
                          VPOS="1516"
                          HPOS="1078"
                          CONTENT="capiut"/>
               </TextLine>
               <TextLine ID="r1l73"
                         BASELINE="1600"
                         HEIGHT="41"
                         WIDTH="780"
                         VPOS="1559"
                         HPOS="427">
                  <String HEIGHT="41"
                          WIDTH="103"
                          VPOS="1559"
                          HPOS="412"
                          CONTENT="pro"/>
                  <SP HEIGHT="41" WIDTH="15" VPOS="1559" HPOS="515"/>
                  <String HEIGHT="41"
                          WIDTH="206"
                          VPOS="1559"
                          HPOS="471"
                          CONTENT="priuatione"/>
                  <SP HEIGHT="41" WIDTH="15" VPOS="1559" HPOS="677"/>
                  <String HEIGHT="41"
                          WIDTH="132"
                          VPOS="1559"
                          HPOS="633"
                          CONTENT="posse"/>
                  <SP HEIGHT="41" WIDTH="15" VPOS="1559" HPOS="765"/>
                  <String HEIGHT="41"
                          WIDTH="132"
                          VPOS="1559"
                          HPOS="721"
                          CONTENT="exire"/>
                  <SP HEIGHT="41" WIDTH="15" VPOS="1559" HPOS="854"/>
                  <String HEIGHT="41" WIDTH="88" VPOS="1559" HPOS="810" CONTENT="in"/>
                  <SP HEIGHT="41" WIDTH="15" VPOS="1559" HPOS="898"/>
                  <String HEIGHT="41"
                          WIDTH="132"
                          VPOS="1559"
                          HPOS="854"
                          CONTENT="actum"/>
                  <SP HEIGHT="41" WIDTH="15" VPOS="1559" HPOS="986"/>
                  <String HEIGHT="41"
                          WIDTH="147"
                          VPOS="1559"
                          HPOS="942"
                          CONTENT="quando"/>
                  <SP HEIGHT="41" WIDTH="15" VPOS="1559" HPOS="1089"/>
                  <String HEIGHT="41"
                          WIDTH="177"
                          VPOS="1559"
                          HPOS="1030"
                          CONTENT="desiderat."/>
               </TextLine>
               <TextLine ID="r1l75"
                         BASELINE="1636"
                         HEIGHT="42"
                         WIDTH="791"
                         VPOS="1594"
                         HPOS="426">
                  <String HEIGHT="42" WIDTH="73" VPOS="1594" HPOS="411" CONTENT="â‹"/>
                  <SP HEIGHT="42" WIDTH="15" VPOS="1594" HPOS="485"/>
                  <String HEIGHT="42"
                          WIDTH="190"
                          VPOS="1594"
                          HPOS="441"
                          CONTENT="Dubitatur"/>
                  <SP HEIGHT="42" WIDTH="15" VPOS="1594" HPOS="631"/>
                  <String HEIGHT="42"
                          WIDTH="132"
                          VPOS="1594"
                          HPOS="587"
                          CONTENT="vtrum"/>
                  <SP HEIGHT="42" WIDTH="15" VPOS="1594" HPOS="719"/>
                  <String HEIGHT="42"
                          WIDTH="161"
                          VPOS="1594"
                          HPOS="675"
                          CONTENT="aliquis"/>
                  <SP HEIGHT="42" WIDTH="15" VPOS="1594" HPOS="836"/>
                  <String HEIGHT="42"
                          WIDTH="146"
                          VPOS="1594"
                          HPOS="792"
                          CONTENT="potest"/>
                  <SP HEIGHT="42" WIDTH="15" VPOS="1594" HPOS="939"/>
                  <String HEIGHT="42"
                          WIDTH="146"
                          VPOS="1594"
                          HPOS="895"
                          CONTENT="alteri"/>
                  <SP HEIGHT="42" WIDTH="15" VPOS="1594" HPOS="1041"/>
                  <String HEIGHT="42"
                          WIDTH="146"
                          VPOS="1594"
                          HPOS="997"
                          CONTENT="mereri"/>
                  <SP HEIGHT="42" WIDTH="15" VPOS="1594" HPOS="1144"/>
                  <String HEIGHT="42"
                          WIDTH="132"
                          VPOS="1594"
                          HPOS="1085"
                          CONTENT="gratiam"/>
               </TextLine>
               <TextLine ID="line_1595461347253_99"
                         BASELINE="1677"
                         HEIGHT="57"
                         WIDTH="806"
                         VPOS="1620"
                         HPOS="410">
                  <String HEIGHT="57" WIDTH="91" VPOS="1620" HPOS="397" CONTENT="vet"/>
                  <SP HEIGHT="57" WIDTH="13" VPOS="1620" HPOS="488"/>
                  <String HEIGHT="57"
                          WIDTH="156"
                          VPOS="1620"
                          HPOS="449"
                          CONTENT="gloriam:"/>
                  <SP HEIGHT="57" WIDTH="13" VPOS="1620" HPOS="605"/>
                  <String HEIGHT="57"
                          WIDTH="130"
                          VPOS="1620"
                          HPOS="566"
                          CONTENT="loquor"/>
                  <SP HEIGHT="57" WIDTH="13" VPOS="1620" HPOS="696"/>
                  <String HEIGHT="57"
                          WIDTH="156"
                          VPOS="1620"
                          HPOS="657"
                          CONTENT="secundum"/>
                  <SP HEIGHT="57" WIDTH="13" VPOS="1620" HPOS="813"/>
                  <String HEIGHT="57"
                          WIDTH="104"
                          VPOS="1620"
                          HPOS="774"
                          CONTENT="lege"/>
                  <SP HEIGHT="57" WIDTH="13" VPOS="1620" HPOS="878"/>
                  <String HEIGHT="57"
                          WIDTH="169"
                          VPOS="1620"
                          HPOS="839"
                          CONTENT="communes:"/>
                  <SP HEIGHT="57" WIDTH="13" VPOS="1620" HPOS="1008"/>
                  <String HEIGHT="57" WIDTH="78" VPOS="1620" HPOS="969" CONTENT="et"/>
                  <SP HEIGHT="57" WIDTH="13" VPOS="1620" HPOS="1047"/>
                  <String HEIGHT="57"
                          WIDTH="117"
                          VPOS="1620"
                          HPOS="1008"
                          CONTENT="vltra"/>
                  <SP HEIGHT="57" WIDTH="13" VPOS="1620" HPOS="1125"/>
                  <String HEIGHT="57"
                          WIDTH="143"
                          VPOS="1620"
                          HPOS="1073"
                          CONTENT="sacrameta"/>
               </TextLine>
               <TextLine ID="r1l79"
                         BASELINE="1706"
                         HEIGHT="41"
                         WIDTH="766"
                         VPOS="1665"
                         HPOS="439">
                  <String HEIGHT="41"
                          WIDTH="118"
                          VPOS="1665"
                          HPOS="424"
                          CONTENT="tiam"/>
                  <SP HEIGHT="41" WIDTH="15" VPOS="1665" HPOS="542"/>
                  <String HEIGHT="41"
                          WIDTH="192"
                          VPOS="1665"
                          HPOS="498"
                          CONTENT="baptizans"/>
                  <SP HEIGHT="41" WIDTH="15" VPOS="1665" HPOS="689"/>
                  <String HEIGHT="41"
                          WIDTH="103"
                          VPOS="1665"
                          HPOS="645"
                          CONTENT="vel"/>
                  <SP HEIGHT="41" WIDTH="15" VPOS="1665" HPOS="748"/>
                  <String HEIGHT="41"
                          WIDTH="192"
                          VPOS="1665"
                          HPOS="704"
                          CONTENT="baptizare"/>
                  <SP HEIGHT="41" WIDTH="15" VPOS="1665" HPOS="896"/>
                  <String HEIGHT="41"
                          WIDTH="162"
                          VPOS="1665"
                          HPOS="851"
                          CONTENT="faciens"/>
                  <SP HEIGHT="41" WIDTH="15" VPOS="1665" HPOS="1014"/>
                  <String HEIGHT="41"
                          WIDTH="103"
                          VPOS="1665"
                          HPOS="969"
                          CONTENT="non"/>
                  <SP HEIGHT="41" WIDTH="15" VPOS="1665" HPOS="1072"/>
                  <String HEIGHT="41"
                          WIDTH="162"
                          VPOS="1665"
                          HPOS="1028"
                          CONTENT="proprie"/>
                  <SP HEIGHT="41" WIDTH="15" VPOS="1665" HPOS="1190"/>
                  <String HEIGHT="41"
                          WIDTH="74"
                          VPOS="1665"
                          HPOS="1131"
                          CONTENT="me"
                          SUBS_TYPE="HypPart1"
                          SUBS_CONTENT="meretur"/>
                  <HYP CONTENT="-"/>
               </TextLine>
               <TextLine ID="r1l82"
                         BASELINE="1749"
                         HEIGHT="40"
                         WIDTH="789"
                         VPOS="1709"
                         HPOS="427">
                  <String HEIGHT="40"
                          WIDTH="139"
                          VPOS="1709"
                          HPOS="412"
                          CONTENT="retur"
                          SUBS_TYPE="HypPart2"
                          SUBS_CONTENT="meretur"/>
                  <SP HEIGHT="40" WIDTH="15" VPOS="1709" HPOS="551"/>
                  <String HEIGHT="40"
                          WIDTH="155"
                          VPOS="1709"
                          HPOS="504"
                          CONTENT="alteri"/>
                  <SP HEIGHT="40" WIDTH="15" VPOS="1709" HPOS="659"/>
                  <String HEIGHT="40"
                          WIDTH="170"
                          VPOS="1709"
                          HPOS="613"
                          CONTENT="gratiam"/>
                  <SP HEIGHT="40" WIDTH="15" VPOS="1709" HPOS="783"/>
                  <String HEIGHT="40"
                          WIDTH="248"
                          VPOS="1709"
                          HPOS="736"
                          CONTENT="baptismalem:"/>
                  <SP HEIGHT="40" WIDTH="15" VPOS="1709" HPOS="984"/>
                  <String HEIGHT="40"
                          WIDTH="108"
                          VPOS="1709"
                          HPOS="938"
                          CONTENT="sed"/>
                  <SP HEIGHT="40" WIDTH="15" VPOS="1709" HPOS="1046"/>
                  <String HEIGHT="40"
                          WIDTH="124"
                          VPOS="1709"
                          HPOS="999"
                          CONTENT="deus"/>
                  <SP HEIGHT="40" WIDTH="15" VPOS="1709" HPOS="1123"/>
                  <String HEIGHT="40" WIDTH="93" VPOS="1709" HPOS="1077" CONTENT="ex"/>
                  <SP HEIGHT="40" WIDTH="15" VPOS="1709" HPOS="1170"/>
                  <String HEIGHT="40"
                          WIDTH="108"
                          VPOS="1709"
                          HPOS="1108"
                          CONTENT="pacto"/>
               </TextLine>
               <TextLine ID="r1l84"
                         BASELINE="1791"
                         HEIGHT="44"
                         WIDTH="769"
                         VPOS="1747"
                         HPOS="435">
                  <String HEIGHT="44" WIDTH="98" VPOS="1747" HPOS="421" CONTENT="dat"/>
                  <SP HEIGHT="44" WIDTH="14" VPOS="1747" HPOS="519"/>
                  <String HEIGHT="44"
                          WIDTH="126"
                          VPOS="1747"
                          HPOS="477"
                          CONTENT="digne"/>
                  <SP HEIGHT="44" WIDTH="14" VPOS="1747" HPOS="603"/>
                  <String HEIGHT="44"
                          WIDTH="210"
                          VPOS="1747"
                          HPOS="561"
                          CONTENT="suscipienti"/>
                  <SP HEIGHT="44" WIDTH="14" VPOS="1747" HPOS="771"/>
                  <String HEIGHT="44"
                          WIDTH="168"
                          VPOS="1747"
                          HPOS="729"
                          CONTENT="gratiam."/>
                  <SP HEIGHT="44" WIDTH="14" VPOS="1747" HPOS="896"/>
                  <String HEIGHT="44" WIDTH="98" VPOS="1747" HPOS="854" CONTENT="non"/>
                  <SP HEIGHT="44" WIDTH="14" VPOS="1747" HPOS="952"/>
                  <String HEIGHT="44"
                          WIDTH="140"
                          VPOS="1747"
                          HPOS="910"
                          CONTENT="loquor"/>
                  <SP HEIGHT="44" WIDTH="14" VPOS="1747" HPOS="1050"/>
                  <String HEIGHT="44"
                          WIDTH="126"
                          VPOS="1747"
                          HPOS="1008"
                          CONTENT="etiam"/>
                  <SP HEIGHT="44" WIDTH="14" VPOS="1747" HPOS="1134"/>
                  <String HEIGHT="44" WIDTH="84" VPOS="1747" HPOS="1092" CONTENT="si"/>
                  <SP HEIGHT="44" WIDTH="14" VPOS="1747" HPOS="1176"/>
                  <String HEIGHT="44"
                          WIDTH="84"
                          VPOS="1747"
                          HPOS="1120"
                          CONTENT="pius"/>
               </TextLine>
               <TextLine ID="r1l86"
                         BASELINE="1829"
                         HEIGHT="42"
                         WIDTH="778"
                         VPOS="1787"
                         HPOS="429">
                  <String HEIGHT="42"
                          WIDTH="136"
                          VPOS="1787"
                          HPOS="415"
                          CONTENT="gratie"/>
                  <SP HEIGHT="42" WIDTH="14" VPOS="1787" HPOS="552"/>
                  <String HEIGHT="42"
                          WIDTH="123"
                          VPOS="1787"
                          HPOS="511"
                          CONTENT="detur"/>
                  <SP HEIGHT="42" WIDTH="14" VPOS="1787" HPOS="634"/>
                  <String HEIGHT="42"
                          WIDTH="150"
                          VPOS="1787"
                          HPOS="593"
                          CONTENT="ratione"/>
                  <SP HEIGHT="42" WIDTH="14" VPOS="1787" HPOS="743"/>
                  <String HEIGHT="42"
                          WIDTH="177"
                          VPOS="1787"
                          HPOS="702"
                          CONTENT="passionis"/>
                  <SP HEIGHT="42" WIDTH="14" VPOS="1787" HPOS="879"/>
                  <String HEIGHT="42"
                          WIDTH="150"
                          VPOS="1787"
                          HPOS="838"
                          CONTENT="christi"/>
                  <SP HEIGHT="42" WIDTH="14" VPOS="1787" HPOS="989"/>
                  <String HEIGHT="42"
                          WIDTH="164"
                          VPOS="1787"
                          HPOS="948"
                          CONTENT="exhibite"/>
                  <SP HEIGHT="42" WIDTH="14" VPOS="1787" HPOS="1111"/>
                  <String HEIGHT="42"
                          WIDTH="109"
                          VPOS="1787"
                          HPOS="1071"
                          CONTENT="quam"/>
                  <SP HEIGHT="42" WIDTH="14" VPOS="1787" HPOS="1180"/>
                  <String HEIGHT="42"
                          WIDTH="82"
                          VPOS="1787"
                          HPOS="1125"
                          CONTENT="prae"/>
               </TextLine>
               <TextLine ID="r1l88"
                         BASELINE="1866"
                         HEIGHT="46"
                         WIDTH="778"
                         VPOS="1820"
                         HPOS="430">
                  <String HEIGHT="46"
                          WIDTH="130"
                          VPOS="1820"
                          HPOS="416"
                          CONTENT="uise."/>
                  <SP HEIGHT="46" WIDTH="14" VPOS="1820" HPOS="545"/>
                  <String HEIGHT="46"
                          WIDTH="101"
                          VPOS="1820"
                          HPOS="502"
                          CONTENT="sed"/>
                  <SP HEIGHT="46" WIDTH="14" VPOS="1820" HPOS="603"/>
                  <String HEIGHT="46"
                          WIDTH="130"
                          VPOS="1820"
                          HPOS="560"
                          CONTENT="extra"/>
                  <SP HEIGHT="46" WIDTH="14" VPOS="1820" HPOS="689"/>
                  <String HEIGHT="46"
                          WIDTH="115"
                          VPOS="1820"
                          HPOS="646"
                          CONTENT="illa"/>
                  <SP HEIGHT="46" WIDTH="14" VPOS="1820" HPOS="761"/>
                  <String HEIGHT="46" WIDTH="86" VPOS="1820" HPOS="718" CONTENT="an"/>
                  <SP HEIGHT="46" WIDTH="14" VPOS="1820" HPOS="805"/>
                  <String HEIGHT="46"
                          WIDTH="101"
                          VPOS="1820"
                          HPOS="761"
                          CONTENT="per"/>
                  <SP HEIGHT="46" WIDTH="14" VPOS="1820" HPOS="862"/>
                  <String HEIGHT="46"
                          WIDTH="130"
                          VPOS="1820"
                          HPOS="819"
                          CONTENT="legem"/>
                  <SP HEIGHT="46" WIDTH="14" VPOS="1820" HPOS="949"/>
                  <String HEIGHT="46"
                          WIDTH="173"
                          VPOS="1820"
                          HPOS="905"
                          CONTENT="communem"/>
                  <SP HEIGHT="46" WIDTH="14" VPOS="1820" HPOS="1078"/>
                  <String HEIGHT="46"
                          WIDTH="115"
                          VPOS="1820"
                          HPOS="1035"
                          CONTENT="quis"/>
                  <SP HEIGHT="46" WIDTH="14" VPOS="1820" HPOS="1150"/>
                  <String HEIGHT="46"
                          WIDTH="115"
                          VPOS="1820"
                          HPOS="1093"
                          CONTENT="potal"
                          SUBS_TYPE="HypPart1"
                          SUBS_CONTENT="potalteri"/>
                  <HYP CONTENT="-"/>
               </TextLine>
               <TextLine ID="r1l91"
                         BASELINE="1900"
                         HEIGHT="49"
                         WIDTH="772"
                         VPOS="1851"
                         HPOS="433">
                  <String HEIGHT="49"
                          WIDTH="119"
                          VPOS="1851"
                          HPOS="418"
                          CONTENT="teri"
                          SUBS_TYPE="HypPart2"
                          SUBS_CONTENT="potalteri"/>
                  <SP HEIGHT="49" WIDTH="15" VPOS="1851" HPOS="537"/>
                  <String HEIGHT="49"
                          WIDTH="148"
                          VPOS="1851"
                          HPOS="492"
                          CONTENT="mereri"/>
                  <SP HEIGHT="49" WIDTH="15" VPOS="1851" HPOS="641"/>
                  <String HEIGHT="49"
                          WIDTH="163"
                          VPOS="1851"
                          HPOS="596"
                          CONTENT="gratiam"/>
                  <SP HEIGHT="49" WIDTH="15" VPOS="1851" HPOS="760"/>
                  <String HEIGHT="49" WIDTH="89" VPOS="1851" HPOS="715" CONTENT="et"/>
                  <SP HEIGHT="49" WIDTH="15" VPOS="1851" HPOS="804"/>
                  <String HEIGHT="49"
                          WIDTH="178"
                          VPOS="1851"
                          HPOS="760"
                          CONTENT="gloriam."/>
                  <SP HEIGHT="49" WIDTH="15" VPOS="1851" HPOS="938"/>
                  <String HEIGHT="49" WIDTH="74" VPOS="1851" HPOS="893" CONTENT="â‹"/>
                  <SP HEIGHT="49" WIDTH="15" VPOS="1851" HPOS="967"/>
                  <String HEIGHT="49" WIDTH="89" VPOS="1851" HPOS="923" CONTENT="Et"/>
                  <SP HEIGHT="49" WIDTH="15" VPOS="1851" HPOS="1012"/>
                  <String HEIGHT="49"
                          WIDTH="134"
                          VPOS="1851"
                          HPOS="967"
                          CONTENT="licet"/>
                  <SP HEIGHT="49" WIDTH="15" VPOS="1851" HPOS="1101"/>
                  <String HEIGHT="49"
                          WIDTH="134"
                          VPOS="1851"
                          HPOS="1057"
                          CONTENT="multi"/>
                  <SP HEIGHT="49" WIDTH="15" VPOS="1851" HPOS="1190"/>
                  <String HEIGHT="49"
                          WIDTH="74"
                          VPOS="1851"
                          HPOS="1131"
                          CONTENT="an"
                          SUBS_TYPE="HypPart1"
                          SUBS_CONTENT="antiqui"/>
                  <HYP CONTENT="-"/>
               </TextLine>
               <TextLine ID="r1l93"
                         BASELINE="1940"
                         HEIGHT="47"
                         WIDTH="772"
                         VPOS="1893"
                         HPOS="435">
                  <String HEIGHT="47"
                          WIDTH="136"
                          VPOS="1893"
                          HPOS="420"
                          CONTENT="tiqui"
                          SUBS_TYPE="HypPart2"
                          SUBS_CONTENT="antiqui"/>
                  <SP HEIGHT="47" WIDTH="15" VPOS="1893" HPOS="556"/>
                  <String HEIGHT="47"
                          WIDTH="182"
                          VPOS="1893"
                          HPOS="511"
                          CONTENT="doctores"/>
                  <SP HEIGHT="47" WIDTH="15" VPOS="1893" HPOS="692"/>
                  <String HEIGHT="47"
                          WIDTH="197"
                          VPOS="1893"
                          HPOS="647"
                          CONTENT="videantur"/>
                  <SP HEIGHT="47" WIDTH="15" VPOS="1893" HPOS="844"/>
                  <String HEIGHT="47"
                          WIDTH="151"
                          VPOS="1893"
                          HPOS="798"
                          CONTENT="tenere"/>
                  <SP HEIGHT="47" WIDTH="15" VPOS="1893" HPOS="950"/>
                  <String HEIGHT="47"
                          WIDTH="151"
                          VPOS="1893"
                          HPOS="904"
                          CONTENT="partem"/>
                  <SP HEIGHT="47" WIDTH="15" VPOS="1893" HPOS="1056"/>
                  <String HEIGHT="47"
                          WIDTH="212"
                          VPOS="1893"
                          HPOS="995"
                          CONTENT="affirmatiuam"/>
               </TextLine>
               <TextLine ID="r1l95"
                         BASELINE="1978"
                         HEIGHT="45"
                         WIDTH="778"
                         VPOS="1933"
                         HPOS="433">
                  <String HEIGHT="45"
                          WIDTH="170"
                          VPOS="1933"
                          HPOS="419"
                          CONTENT="opinione"/>
                  <SP HEIGHT="45" WIDTH="14" VPOS="1933" HPOS="589"/>
                  <String HEIGHT="45" WIDTH="99" VPOS="1933" HPOS="546" CONTENT="mea"/>
                  <SP HEIGHT="45" WIDTH="14" VPOS="1933" HPOS="645"/>
                  <String HEIGHT="45"
                          WIDTH="127"
                          VPOS="1933"
                          HPOS="603"
                          CONTENT="illud"/>
                  <SP HEIGHT="45" WIDTH="14" VPOS="1933" HPOS="730"/>
                  <String HEIGHT="45" WIDTH="99" VPOS="1933" HPOS="688" CONTENT="est"/>
                  <SP HEIGHT="45" WIDTH="14" VPOS="1933" HPOS="787"/>
                  <String HEIGHT="45"
                          WIDTH="156"
                          VPOS="1933"
                          HPOS="744"
                          CONTENT="falsum:"/>
                  <SP HEIGHT="45" WIDTH="14" VPOS="1933" HPOS="900"/>
                  <String HEIGHT="45" WIDTH="85" VPOS="1933" HPOS="857" CONTENT="et"/>
                  <SP HEIGHT="45" WIDTH="14" VPOS="1933" HPOS="942"/>
                  <String HEIGHT="45" WIDTH="85" VPOS="1933" HPOS="900" CONTENT="in"/>
                  <SP HEIGHT="45" WIDTH="14" VPOS="1933" HPOS="985"/>
                  <String HEIGHT="45"
                          WIDTH="141"
                          VPOS="1933"
                          HPOS="942"
                          CONTENT="tertia"/>
                  <SP HEIGHT="45" WIDTH="14" VPOS="1933" HPOS="1084"/>
                  <String HEIGHT="45"
                          WIDTH="141"
                          VPOS="1933"
                          HPOS="1041"
                          CONTENT="quest."/>
                  <SP HEIGHT="45" WIDTH="14" VPOS="1933" HPOS="1183"/>
                  <String HEIGHT="45"
                          WIDTH="85"
                          VPOS="1933"
                          HPOS="1126"
                          CONTENT="iiii"/>
               </TextLine>
               <TextLine ID="r1l98"
                         BASELINE="2019"
                         HEIGHT="51"
                         WIDTH="772"
                         VPOS="1968"
                         HPOS="433">
                  <String HEIGHT="51"
                          WIDTH="163"
                          VPOS="1968"
                          HPOS="419"
                          CONTENT="distinc."/>
                  <SP HEIGHT="51" WIDTH="14" VPOS="1968" HPOS="582"/>
                  <String HEIGHT="51"
                          WIDTH="122"
                          VPOS="1968"
                          HPOS="541"
                          CONTENT="iiii."/>
                  <SP HEIGHT="51" WIDTH="14" VPOS="1968" HPOS="663"/>
                  <String HEIGHT="51"
                          WIDTH="217"
                          VPOS="1968"
                          HPOS="623"
                          CONTENT="sententiarum"/>
                  <SP HEIGHT="51" WIDTH="14" VPOS="1968" HPOS="839"/>
                  <String HEIGHT="51"
                          WIDTH="122"
                          VPOS="1968"
                          HPOS="799"
                          CONTENT="illud"/>
                  <SP HEIGHT="51" WIDTH="14" VPOS="1968" HPOS="921"/>
                  <String HEIGHT="51" WIDTH="95" VPOS="1968" HPOS="880" CONTENT="est"/>
                  <SP HEIGHT="51" WIDTH="14" VPOS="1968" HPOS="975"/>
                  <String HEIGHT="51"
                          WIDTH="203"
                          VPOS="1968"
                          HPOS="934"
                          CONTENT="reprobatum."/>
                  <SP HEIGHT="51" WIDTH="14" VPOS="1968" HPOS="1137"/>
                  <String HEIGHT="51"
                          WIDTH="95"
                          VPOS="1968"
                          HPOS="1097"
                          CONTENT="sed"/>
                  <SP HEIGHT="51" WIDTH="14" VPOS="1968" HPOS="1191"/>
                  <String HEIGHT="51"
                          WIDTH="68"
                          VPOS="1968"
                          HPOS="1137"
                          CONTENT="pro"/>
               </TextLine>
               <TextLine ID="r1l100"
                         BASELINE="2055"
                         HEIGHT="53"
                         WIDTH="784"
                         VPOS="2002"
                         HPOS="430">
                  <String HEIGHT="53"
                          WIDTH="116"
                          VPOS="2002"
                          HPOS="415"
                          CONTENT="pter"/>
                  <SP HEIGHT="53" WIDTH="15" VPOS="2002" HPOS="532"/>
                  <String HEIGHT="53"
                          WIDTH="145"
                          VPOS="2002"
                          HPOS="488"
                          CONTENT="aliqua"/>
                  <SP HEIGHT="53" WIDTH="15" VPOS="2002" HPOS="633"/>
                  <String HEIGHT="53"
                          WIDTH="145"
                          VPOS="2002"
                          HPOS="590"
                          CONTENT="motiua"/>
                  <SP HEIGHT="53" WIDTH="15" VPOS="2002" HPOS="735"/>
                  <String HEIGHT="53"
                          WIDTH="174"
                          VPOS="2002"
                          HPOS="691"
                          CONTENT="cuiusdam"/>
                  <SP HEIGHT="53" WIDTH="15" VPOS="2002" HPOS="866"/>
                  <String HEIGHT="53"
                          WIDTH="174"
                          VPOS="2002"
                          HPOS="822"
                          CONTENT="tenentis"/>
                  <SP HEIGHT="53" WIDTH="15" VPOS="2002" HPOS="996"/>
                  <String HEIGHT="53"
                          WIDTH="189"
                          VPOS="2002"
                          HPOS="953"
                          CONTENT="oppositum"/>
                  <SP HEIGHT="53" WIDTH="15" VPOS="2002" HPOS="1141"/>
                  <String HEIGHT="53" WIDTH="87" VPOS="2002" HPOS="1098" CONTENT="in"/>
                  <SP HEIGHT="53" WIDTH="15" VPOS="2002" HPOS="1185"/>
                  <String HEIGHT="53"
                          WIDTH="87"
                          VPOS="2002"
                          HPOS="1127"
                          CONTENT="per"
                          SUBS_TYPE="HypPart1"
                          SUBS_CONTENT="perma"/>
                  <HYP CONTENT="-"/>
               </TextLine>
               <TextLine ID="r1l102"
                         BASELINE="2093"
                         HEIGHT="48"
                         WIDTH="776"
                         VPOS="2045"
                         HPOS="429">
                  <String HEIGHT="48"
                          WIDTH="95"
                          VPOS="2045"
                          HPOS="413"
                          CONTENT="ma"
                          SUBS_TYPE="HypPart2"
                          SUBS_CONTENT="perma"/>
                  <SP HEIGHT="48" WIDTH="16" VPOS="2045" HPOS="508"/>
                  <String HEIGHT="48"
                          WIDTH="158"
                          VPOS="2045"
                          HPOS="461"
                          CONTENT="quest."/>
                  <SP HEIGHT="48" WIDTH="16" VPOS="2045" HPOS="619"/>
                  <String HEIGHT="48"
                          WIDTH="111"
                          VPOS="2045"
                          HPOS="572"
                          CONTENT="sui"/>
                  <SP HEIGHT="48" WIDTH="16" VPOS="2045" HPOS="682"/>
                  <String HEIGHT="48"
                          WIDTH="143"
                          VPOS="2045"
                          HPOS="635"
                          CONTENT="libri"/>
                  <SP HEIGHT="48" WIDTH="16" VPOS="2045" HPOS="777"/>
                  <String HEIGHT="48"
                          WIDTH="174"
                          VPOS="2045"
                          HPOS="730"
                          CONTENT="mouetur"/>
                  <SP HEIGHT="48" WIDTH="16" VPOS="2045" HPOS="904"/>
                  <String HEIGHT="48"
                          WIDTH="158"
                          VPOS="2045"
                          HPOS="857"
                          CONTENT="iterum"/>
                  <SP HEIGHT="48" WIDTH="16" VPOS="2045" HPOS="1015"/>
                  <String HEIGHT="48"
                          WIDTH="222"
                          VPOS="2045"
                          HPOS="967"
                          CONTENT="dubitatio."/>
                  <SP HEIGHT="48" WIDTH="16" VPOS="2045" HPOS="1189"/>
                  <String HEIGHT="48" WIDTH="79" VPOS="2045" HPOS="1142" CONTENT="â‹"/>
                  <SP HEIGHT="48" WIDTH="16" VPOS="2045" HPOS="1221"/>
                  <String HEIGHT="48" WIDTH="48" VPOS="2045" HPOS="1157" CONTENT="E"/>
               </TextLine>
               <TextLine ID="r1l105"
                         BASELINE="2132"
                         HEIGHT="50"
                         WIDTH="779"
                         VPOS="2082"
                         HPOS="429">
                  <String HEIGHT="50"
                          WIDTH="179"
                          VPOS="2082"
                          HPOS="413"
                          CONTENT="ponitur"/>
                  <SP HEIGHT="50" WIDTH="16" VPOS="2082" HPOS="591"/>
                  <String HEIGHT="50"
                          WIDTH="211"
                          VPOS="2082"
                          HPOS="543"
                          CONTENT="conclusio"/>
                  <SP HEIGHT="50" WIDTH="16" VPOS="2082" HPOS="754"/>
                  <String HEIGHT="50"
                          WIDTH="195"
                          VPOS="2082"
                          HPOS="705"
                          CONTENT="negatiua"/>
                  <SP HEIGHT="50" WIDTH="16" VPOS="2082" HPOS="900"/>
                  <String HEIGHT="50"
                          WIDTH="114"
                          VPOS="2082"
                          HPOS="851"
                          CONTENT="pro"/>
                  <SP HEIGHT="50" WIDTH="16" VPOS="2082" HPOS="965"/>
                  <String HEIGHT="50"
                          WIDTH="243"
                          VPOS="2082"
                          HPOS="916"
                          CONTENT="fundamento."/>
                  <SP HEIGHT="50" WIDTH="16" VPOS="2082" HPOS="1159"/>
                  <String HEIGHT="50" WIDTH="81" VPOS="2082" HPOS="1111" CONTENT="â‹"/>
                  <SP HEIGHT="50" WIDTH="16" VPOS="2082" HPOS="1192"/>
                  <String HEIGHT="50"
                          WIDTH="81"
                          VPOS="2082"
                          HPOS="1127"
                          CONTENT="Pro"/>
               </TextLine>
               <TextLine ID="r1l106"
                         BASELINE="2170"
                         HEIGHT="44"
                         WIDTH="786"
                         VPOS="2126"
                         HPOS="430">
                  <String HEIGHT="44"
                          WIDTH="220"
                          VPOS="2126"
                          HPOS="414"
                          CONTENT="probatione"/>
                  <SP HEIGHT="44" WIDTH="16" VPOS="2126" HPOS="634"/>
                  <String HEIGHT="44"
                          WIDTH="157"
                          VPOS="2126"
                          HPOS="587"
                          CONTENT="illius"/>
                  <SP HEIGHT="44" WIDTH="16" VPOS="2126" HPOS="744"/>
                  <String HEIGHT="44"
                          WIDTH="173"
                          VPOS="2126"
                          HPOS="697"
                          CONTENT="repetam"/>
                  <SP HEIGHT="44" WIDTH="16" VPOS="2126" HPOS="870"/>
                  <String HEIGHT="44"
                          WIDTH="220"
                          VPOS="2126"
                          HPOS="823"
                          CONTENT="argumentum"/>
                  <SP HEIGHT="44" WIDTH="16" VPOS="2126" HPOS="1043"/>
                  <String HEIGHT="44"
                          WIDTH="126"
                          VPOS="2126"
                          HPOS="996"
                          CONTENT="quod"/>
                  <SP HEIGHT="44" WIDTH="16" VPOS="2126" HPOS="1122"/>
                  <String HEIGHT="44"
                          WIDTH="126"
                          VPOS="2126"
                          HPOS="1075"
                          CONTENT="mihi"/>
                  <SP HEIGHT="44" WIDTH="16" VPOS="2126" HPOS="1200"/>
                  <String HEIGHT="44"
                          WIDTH="79"
                          VPOS="2126"
                          HPOS="1137"
                          CONTENT="per"/>
               </TextLine>
               <TextLine ID="r1l108"
                         BASELINE="2207"
                         HEIGHT="49"
                         WIDTH="783"
                         VPOS="2158"
                         HPOS="435">
                  <String HEIGHT="49"
                          WIDTH="163"
                          VPOS="2158"
                          HPOS="419"
                          CONTENT="suadet"/>
                  <SP HEIGHT="49" WIDTH="16" VPOS="2158" HPOS="582"/>
                  <String HEIGHT="49"
                          WIDTH="131"
                          VPOS="2158"
                          HPOS="533"
                          CONTENT="hanc"/>
                  <SP HEIGHT="49" WIDTH="16" VPOS="2158" HPOS="663"/>
                  <String HEIGHT="49"
                          WIDTH="277"
                          VPOS="2158"
                          HPOS="614"
                          CONTENT="conclusionem."/>
                  <SP HEIGHT="49" WIDTH="16" VPOS="2158" HPOS="892"/>
                  <String HEIGHT="49"
                          WIDTH="131"
                          VPOS="2158"
                          HPOS="843"
                          CONTENT="quia"/>
                  <SP HEIGHT="49" WIDTH="16" VPOS="2158" HPOS="973"/>
                  <String HEIGHT="49"
                          WIDTH="131"
                          VPOS="2158"
                          HPOS="924"
                          CONTENT="dato"/>
                  <SP HEIGHT="49" WIDTH="16" VPOS="2158" HPOS="1055"/>
                  <String HEIGHT="49"
                          WIDTH="228"
                          VPOS="2158"
                          HPOS="990"
                          CONTENT="contradicto"
                          SUBS_TYPE="HypPart1"
                          SUBS_CONTENT="contradictorio"/>
                  <HYP CONTENT="-"/>
               </TextLine>
               <TextLine ID="r1l111"
                         BASELINE="2242"
                         HEIGHT="43"
                         WIDTH="784"
                         VPOS="2199"
                         HPOS="432">
                  <String HEIGHT="43"
                          WIDTH="100"
                          VPOS="2199"
                          HPOS="418"
                          CONTENT="rio"
                          SUBS_TYPE="HypPart2"
                          SUBS_CONTENT="contradictorio"/>
                  <SP HEIGHT="43" WIDTH="14" VPOS="2199" HPOS="518"/>
                  <String HEIGHT="43"
                          WIDTH="228"
                          VPOS="2199"
                          HPOS="475"
                          CONTENT="conclusionis"/>
                  <SP HEIGHT="43" WIDTH="14" VPOS="2199" HPOS="703"/>
                  <String HEIGHT="43"
                          WIDTH="143"
                          VPOS="2199"
                          HPOS="660"
                          CONTENT="infero"/>
                  <SP HEIGHT="43" WIDTH="14" VPOS="2199" HPOS="803"/>
                  <String HEIGHT="43"
                          WIDTH="114"
                          VPOS="2199"
                          HPOS="760"
                          CONTENT="quod"/>
                  <SP HEIGHT="43" WIDTH="14" VPOS="2199" HPOS="874"/>
                  <String HEIGHT="43"
                          WIDTH="100"
                          VPOS="2199"
                          HPOS="831"
                          CONTENT="per"/>
                  <SP HEIGHT="43" WIDTH="14" VPOS="2199" HPOS="931"/>
                  <String HEIGHT="43"
                          WIDTH="242"
                          VPOS="2199"
                          HPOS="888"
                          CONTENT="legemcommunem"/>
                  <SP HEIGHT="43" WIDTH="14" VPOS="2199" HPOS="1130"/>
                  <String HEIGHT="43" WIDTH="86" VPOS="2199" HPOS="1088" CONTENT="si"/>
                  <SP HEIGHT="43" WIDTH="14" VPOS="2199" HPOS="1173"/>
                  <String HEIGHT="43"
                          WIDTH="100"
                          VPOS="2199"
                          HPOS="1116"
                          CONTENT="dece"
                          SUBS_TYPE="HypPart1"
                          SUBS_CONTENT="decedat"/>
                  <HYP CONTENT="-"/>
               </TextLine>
               <TextLine ID="r1l113"
                         BASELINE="2277"
                         HEIGHT="44"
                         WIDTH="772"
                         VPOS="2233"
                         HPOS="432">
                  <String HEIGHT="44"
                          WIDTH="115"
                          VPOS="2233"
                          HPOS="416"
                          CONTENT="dat"
                          SUBS_TYPE="HypPart2"
                          SUBS_CONTENT="decedat"/>
                  <SP HEIGHT="44" WIDTH="16" VPOS="2233" HPOS="531"/>
                  <String HEIGHT="44"
                          WIDTH="131"
                          VPOS="2233"
                          HPOS="481"
                          CONTENT="vnus"/>
                  <SP HEIGHT="44" WIDTH="16" VPOS="2233" HPOS="613"/>
                  <String HEIGHT="44"
                          WIDTH="197"
                          VPOS="2233"
                          HPOS="563"
                          CONTENT="paruulus"/>
                  <SP HEIGHT="44" WIDTH="16" VPOS="2233" HPOS="761"/>
                  <String HEIGHT="44"
                          WIDTH="230"
                          VPOS="2233"
                          HPOS="711"
                          CONTENT="baptizatus"/>
                  <SP HEIGHT="44" WIDTH="16" VPOS="2233" HPOS="941"/>
                  <String HEIGHT="44"
                          WIDTH="131"
                          VPOS="2233"
                          HPOS="892"
                          CONTENT="immo"/>
                  <SP HEIGHT="44" WIDTH="16" VPOS="2233" HPOS="1023"/>
                  <String HEIGHT="44"
                          WIDTH="181"
                          VPOS="2233"
                          HPOS="974"
                          CONTENT="centies"/>
                  <SP HEIGHT="44" WIDTH="16" VPOS="2233" HPOS="1155"/>
                  <String HEIGHT="44"
                          WIDTH="115"
                          VPOS="2233"
                          HPOS="1089"
                          CONTENT="milli"/>
               </TextLine>
               <TextLine ID="r1l115"
                         BASELINE="2322"
                         HEIGHT="49"
                         WIDTH="777"
                         VPOS="2273"
                         HPOS="430">
                  <String HEIGHT="49"
                          WIDTH="194"
                          VPOS="2273"
                          HPOS="416"
                          CONTENT="baptizati:"/>
                  <SP HEIGHT="49" WIDTH="14" VPOS="2273" HPOS="610"/>
                  <String HEIGHT="49"
                          WIDTH="111"
                          VPOS="2273"
                          HPOS="569"
                          CONTENT="quod"/>
                  <SP HEIGHT="49" WIDTH="14" VPOS="2273" HPOS="680"/>
                  <String HEIGHT="49"
                          WIDTH="139"
                          VPOS="2273"
                          HPOS="638"
                          CONTENT="tantum"/>
                  <SP HEIGHT="49" WIDTH="14" VPOS="2273" HPOS="777"/>
                  <String HEIGHT="49"
                          WIDTH="264"
                          VPOS="2273"
                          HPOS="735"
                          CONTENT="beatificabuntur"/>
                  <SP HEIGHT="49" WIDTH="14" VPOS="2273" HPOS="999"/>
                  <String HEIGHT="49"
                          WIDTH="180"
                          VPOS="2273"
                          HPOS="957"
                          CONTENT="intensiue"/>
                  <SP HEIGHT="49" WIDTH="14" VPOS="2273" HPOS="1138"/>
                  <String HEIGHT="49"
                          WIDTH="125"
                          VPOS="2273"
                          HPOS="1082"
                          CONTENT="quantum"/>
               </TextLine>
               <TextLine ID="r1l117"
                         BASELINE="2358"
                         HEIGHT="46"
                         WIDTH="785"
                         VPOS="2312"
                         HPOS="429">
                  <String HEIGHT="46"
                          WIDTH="146"
                          VPOS="2312"
                          HPOS="416"
                          CONTENT="sanctus"/>
                  <SP HEIGHT="46" WIDTH="13" VPOS="2312" HPOS="562"/>
                  <String HEIGHT="46"
                          WIDTH="160"
                          VPOS="2312"
                          HPOS="522"
                          CONTENT="Niuianus"/>
                  <SP HEIGHT="46" WIDTH="13" VPOS="2312" HPOS="682"/>
                  <String HEIGHT="46" WIDTH="93" VPOS="2312" HPOS="642" CONTENT="vel"/>
                  <SP HEIGHT="46" WIDTH="13" VPOS="2312" HPOS="735"/>
                  <String HEIGHT="46"
                          WIDTH="186"
                          VPOS="2312"
                          HPOS="695"
                          CONTENT="praecursor"/>
                  <SP HEIGHT="46" WIDTH="13" VPOS="2312" HPOS="881"/>
                  <String HEIGHT="46"
                          WIDTH="146"
                          VPOS="2312"
                          HPOS="841"
                          CONTENT="domini."/>
                  <SP HEIGHT="46" WIDTH="13" VPOS="2312" HPOS="988"/>
                  <String HEIGHT="46" WIDTH="93" VPOS="2312" HPOS="948" CONTENT="hoc"/>
                  <SP HEIGHT="46" WIDTH="13" VPOS="2312" HPOS="1041"/>
                  <String HEIGHT="46"
                          WIDTH="146"
                          VPOS="2312"
                          HPOS="1001"
                          CONTENT="illatum"/>
                  <SP HEIGHT="46" WIDTH="13" VPOS="2312" HPOS="1147"/>
                  <String HEIGHT="46"
                          WIDTH="93"
                          VPOS="2312"
                          HPOS="1108"
                          CONTENT="est"/>
                  <SP HEIGHT="46" WIDTH="13" VPOS="2312" HPOS="1201"/>
                  <String HEIGHT="46"
                          WIDTH="67"
                          VPOS="2312"
                          HPOS="1147"
                          CONTENT="fal"/>
               </TextLine>
               <TextLine ID="r1l119"
                         BASELINE="2395"
                         HEIGHT="51"
                         WIDTH="778"
                         VPOS="2344"
                         HPOS="435">
                  <String HEIGHT="51"
                          WIDTH="138"
                          VPOS="2344"
                          HPOS="418"
                          CONTENT="sum:"/>
                  <SP HEIGHT="51" WIDTH="17" VPOS="2344" HPOS="556"/>
                  <String HEIGHT="51"
                          WIDTH="121"
                          VPOS="2344"
                          HPOS="504"
                          CONTENT="nec"/>
                  <SP HEIGHT="51" WIDTH="17" VPOS="2344" HPOS="625"/>
                  <String HEIGHT="51"
                          WIDTH="138"
                          VPOS="2344"
                          HPOS="573"
                          CONTENT="illi"/>
                  <SP HEIGHT="51" WIDTH="17" VPOS="2344" HPOS="712"/>
                  <String HEIGHT="51"
                          WIDTH="156"
                          VPOS="2344"
                          HPOS="660"
                          CONTENT="audet"/>
                  <SP HEIGHT="51" WIDTH="17" VPOS="2344" HPOS="815"/>
                  <String HEIGHT="51"
                          WIDTH="259"
                          VPOS="2344"
                          HPOS="763"
                          CONTENT="aduersarius"/>
                  <SP HEIGHT="51" WIDTH="17" VPOS="2344" HPOS="1023"/>
                  <String HEIGHT="51"
                          WIDTH="259"
                          VPOS="2344"
                          HPOS="954"
                          CONTENT="appopinquare."/>
               </TextLine>
               <TextLine ID="r1l121"
                         BASELINE="2433"
                         HEIGHT="48"
                         WIDTH="771"
                         VPOS="2385"
                         HPOS="442">
                  <String HEIGHT="48" WIDTH="79" VPOS="2385" HPOS="426" CONTENT="â‹"/>
                  <SP HEIGHT="48" WIDTH="16" VPOS="2385" HPOS="505"/>
                  <String HEIGHT="48"
                          WIDTH="236"
                          VPOS="2385"
                          HPOS="458"
                          CONTENT="Corollarium"/>
                  <SP HEIGHT="48" WIDTH="16" VPOS="2385" HPOS="694"/>
                  <String HEIGHT="48"
                          WIDTH="205"
                          VPOS="2385"
                          HPOS="647"
                          CONTENT="arguitur."/>
                  <SP HEIGHT="48" WIDTH="16" VPOS="2385" HPOS="851"/>
                  <String HEIGHT="48"
                          WIDTH="110"
                          VPOS="2385"
                          HPOS="804"
                          CONTENT="sit"/>
                  <SP HEIGHT="48" WIDTH="16" VPOS="2385" HPOS="914"/>
                  <String HEIGHT="48"
                          WIDTH="189"
                          VPOS="2385"
                          HPOS="867"
                          CONTENT="arthurus"/>
                  <SP HEIGHT="48" WIDTH="16" VPOS="2385" HPOS="1056"/>
                  <String HEIGHT="48"
                          WIDTH="157"
                          VPOS="2385"
                          HPOS="1008"
                          CONTENT="filius"/>
                  <SP HEIGHT="48" WIDTH="16" VPOS="2385" HPOS="1166"/>
                  <String HEIGHT="48"
                          WIDTH="110"
                          VPOS="2385"
                          HPOS="1103"
                          CONTENT="regis"/>
               </TextLine>
               <TextLine ID="r1l123"
                         BASELINE="2472"
                         HEIGHT="51"
                         WIDTH="783"
                         VPOS="2421"
                         HPOS="429">
                  <String HEIGHT="51"
                          WIDTH="125"
                          VPOS="2421"
                          HPOS="413"
                          CONTENT="nunc"/>
                  <SP HEIGHT="51" WIDTH="16" VPOS="2421" HPOS="539"/>
                  <String HEIGHT="51" WIDTH="94" VPOS="2421" HPOS="492" CONTENT="de"/>
                  <SP HEIGHT="51" WIDTH="16" VPOS="2421" HPOS="586"/>
                  <String HEIGHT="51"
                          WIDTH="125"
                          VPOS="2421"
                          HPOS="539"
                          CONTENT="nouo"/>
                  <SP HEIGHT="51" WIDTH="16" VPOS="2421" HPOS="664"/>
                  <String HEIGHT="51"
                          WIDTH="235"
                          VPOS="2421"
                          HPOS="617"
                          CONTENT="baptizatus:"/>
                  <SP HEIGHT="51" WIDTH="16" VPOS="2421" HPOS="852"/>
                  <String HEIGHT="51"
                          WIDTH="125"
                          VPOS="2421"
                          HPOS="805"
                          CONTENT="tunc"/>
                  <SP HEIGHT="51" WIDTH="16" VPOS="2421" HPOS="930"/>
                  <String HEIGHT="51"
                          WIDTH="110"
                          VPOS="2421"
                          HPOS="883"
                          CONTENT="per"/>
                  <SP HEIGHT="51" WIDTH="16" VPOS="2421" HPOS="993"/>
                  <String HEIGHT="51" WIDTH="94" VPOS="2421" HPOS="946" CONTENT="te"/>
                  <SP HEIGHT="51" WIDTH="16" VPOS="2421" HPOS="1040"/>
                  <String HEIGHT="51"
                          WIDTH="125"
                          VPOS="2421"
                          HPOS="993"
                          CONTENT="vnus"/>
                  <SP HEIGHT="51" WIDTH="16" VPOS="2421" HPOS="1118"/>
                  <String HEIGHT="51" WIDTH="94" VPOS="2421" HPOS="1071" CONTENT="ei"/>
                  <SP HEIGHT="51" WIDTH="16" VPOS="2421" HPOS="1165"/>
                  <String HEIGHT="51"
                          WIDTH="110"
                          VPOS="2421"
                          HPOS="1102"
                          CONTENT="mere"
                          SUBS_TYPE="HypPart1"
                          SUBS_CONTENT="meretur"/>
                  <HYP CONTENT="-"/>
               </TextLine>
               <TextLine ID="r1l124"
                         BASELINE="2508"
                         HEIGHT="43"
                         WIDTH="787"
                         VPOS="2465"
                         HPOS="429">
                  <String HEIGHT="43"
                          WIDTH="97"
                          VPOS="2465"
                          HPOS="415"
                          CONTENT="tur"
                          SUBS_TYPE="HypPart2"
                          SUBS_CONTENT="meretur"/>
                  <SP HEIGHT="43" WIDTH="14" VPOS="2465" HPOS="512"/>
                  <String HEIGHT="43"
                          WIDTH="110"
                          VPOS="2465"
                          HPOS="470"
                          CONTENT="vnum"/>
                  <SP HEIGHT="43" WIDTH="14" VPOS="2465" HPOS="581"/>
                  <String HEIGHT="43"
                          WIDTH="138"
                          VPOS="2465"
                          HPOS="539"
                          CONTENT="gradum"/>
                  <SP HEIGHT="43" WIDTH="14" VPOS="2465" HPOS="678"/>
                  <String HEIGHT="43"
                          WIDTH="152"
                          VPOS="2465"
                          HPOS="636"
                          CONTENT="gratie:"/>
                  <SP HEIGHT="43" WIDTH="14" VPOS="2465" HPOS="788"/>
                  <String HEIGHT="43" WIDTH="83" VPOS="2465" HPOS="747" CONTENT="et"/>
                  <SP HEIGHT="43" WIDTH="14" VPOS="2465" HPOS="829"/>
                  <String HEIGHT="43" WIDTH="83" VPOS="2465" HPOS="788" CONTENT="ex"/>
                  <SP HEIGHT="43" WIDTH="14" VPOS="2465" HPOS="871"/>
                  <String HEIGHT="43"
                          WIDTH="207"
                          VPOS="2465"
                          HPOS="829"
                          CONTENT="consequente"/>
                  <SP HEIGHT="43" WIDTH="14" VPOS="2465" HPOS="1037"/>
                  <String HEIGHT="43" WIDTH="83" VPOS="2465" HPOS="995" CONTENT="vt"/>
                  <SP HEIGHT="43" WIDTH="14" VPOS="2465" HPOS="1078"/>
                  <String HEIGHT="43"
                          WIDTH="166"
                          VPOS="2465"
                          HPOS="1037"
                          CONTENT="asseris)"/>
                  <SP HEIGHT="43" WIDTH="14" VPOS="2465" HPOS="1202"/>
                  <String HEIGHT="43"
                          WIDTH="69"
                          VPOS="2465"
                          HPOS="1147"
                          CONTENT="gra"/>
               </TextLine>
               <TextLine ID="r1l126"
                         BASELINE="2543"
                         HEIGHT="48"
                         WIDTH="784"
                         VPOS="2495"
                         HPOS="432">
                  <String HEIGHT="48" WIDTH="96" VPOS="2495" HPOS="418" CONTENT="dum"/>
                  <SP HEIGHT="48" WIDTH="14" VPOS="2495" HPOS="515"/>
                  <String HEIGHT="48"
                          WIDTH="151"
                          VPOS="2495"
                          HPOS="473"
                          CONTENT="glorie:"/>
                  <SP HEIGHT="48" WIDTH="14" VPOS="2495" HPOS="625"/>
                  <String HEIGHT="48"
                          WIDTH="124"
                          VPOS="2495"
                          HPOS="583"
                          CONTENT="alius"/>
                  <SP HEIGHT="48" WIDTH="14" VPOS="2495" HPOS="707"/>
                  <String HEIGHT="48"
                          WIDTH="179"
                          VPOS="2495"
                          HPOS="666"
                          CONTENT="equaliter"/>
                  <SP HEIGHT="48" WIDTH="14" VPOS="2495" HPOS="845"/>
                  <String HEIGHT="48"
                          WIDTH="124"
                          VPOS="2495"
                          HPOS="803"
                          CONTENT="bonus"/>
                  <SP HEIGHT="48" WIDTH="14" VPOS="2495" HPOS="927"/>
                  <String HEIGHT="48" WIDTH="83" VPOS="2495" HPOS="886" CONTENT="et"/>
                  <SP HEIGHT="48" WIDTH="14" VPOS="2495" HPOS="968"/>
                  <String HEIGHT="48"
                          WIDTH="179"
                          VPOS="2495"
                          HPOS="927"
                          CONTENT="equaliter"/>
                  <SP HEIGHT="48" WIDTH="14" VPOS="2495" HPOS="1106"/>
                  <String HEIGHT="48"
                          WIDTH="124"
                          VPOS="2495"
                          HPOS="1065"
                          CONTENT="orans"/>
                  <SP HEIGHT="48" WIDTH="14" VPOS="2495" HPOS="1188"/>
                  <String HEIGHT="48"
                          WIDTH="83"
                          VPOS="2495"
                          HPOS="1133"
                          CONTENT="eius"/>
               </TextLine>
               <TextLine ID="r1l129"
                         BASELINE="2581"
                         HEIGHT="43"
                         WIDTH="775"
                         VPOS="2538"
                         HPOS="438">
                  <String HEIGHT="43"
                          WIDTH="144"
                          VPOS="2538"
                          HPOS="424"
                          CONTENT="tantum"/>
                  <SP HEIGHT="43" WIDTH="14" VPOS="2538" HPOS="567"/>
                  <String HEIGHT="43"
                          WIDTH="172"
                          VPOS="2538"
                          HPOS="524"
                          CONTENT="meretur."/>
                  <SP HEIGHT="43" WIDTH="14" VPOS="2538" HPOS="696"/>
                  <String HEIGHT="43" WIDTH="86" VPOS="2538" HPOS="653" CONTENT="et"/>
                  <SP HEIGHT="43" WIDTH="14" VPOS="2538" HPOS="739"/>
                  <String HEIGHT="43"
                          WIDTH="100"
                          VPOS="2538"
                          HPOS="696"
                          CONTENT="sic"/>
                  <SP HEIGHT="43" WIDTH="14" VPOS="2538" HPOS="797"/>
                  <String HEIGHT="43" WIDTH="86" VPOS="2538" HPOS="754" CONTENT="de"/>
                  <SP HEIGHT="43" WIDTH="14" VPOS="2538" HPOS="840"/>
                  <String HEIGHT="43"
                          WIDTH="144"
                          VPOS="2538"
                          HPOS="797"
                          CONTENT="centum"/>
                  <SP HEIGHT="43" WIDTH="14" VPOS="2538" HPOS="940"/>
                  <String HEIGHT="43"
                          WIDTH="129"
                          VPOS="2538"
                          HPOS="897"
                          CONTENT="mille"/>
                  <SP HEIGHT="43" WIDTH="14" VPOS="2538" HPOS="1026"/>
                  <String HEIGHT="43" WIDTH="72" VPOS="2538" HPOS="983" CONTENT="/"/>
                  <SP HEIGHT="43" WIDTH="14" VPOS="2538" HPOS="1055"/>
                  <String HEIGHT="43"
                          WIDTH="100"
                          VPOS="2538"
                          HPOS="1012"
                          CONTENT="per"/>
                  <SP HEIGHT="43" WIDTH="14" VPOS="2538" HPOS="1113"/>
                  <String HEIGHT="43"
                          WIDTH="158"
                          VPOS="2538"
                          HPOS="1055"
                          CONTENT="suffragia"/>
               </TextLine>
               <TextLine ID="r1l130"
                         BASELINE="2626"
                         HEIGHT="43"
                         WIDTH="790"
                         VPOS="2583"
                         HPOS="435">
                  <String HEIGHT="43"
                          WIDTH="170"
                          VPOS="2583"
                          HPOS="420"
                          CONTENT="publica"/>
                  <SP HEIGHT="43" WIDTH="15" VPOS="2583" HPOS="590"/>
                  <String HEIGHT="43"
                          WIDTH="155"
                          VPOS="2583"
                          HPOS="543"
                          CONTENT="totius"/>
                  <SP HEIGHT="43" WIDTH="15" VPOS="2583" HPOS="698"/>
                  <String HEIGHT="43"
                          WIDTH="155"
                          VPOS="2583"
                          HPOS="652"
                          CONTENT="regni."/>
                  <SP HEIGHT="43" WIDTH="15" VPOS="2583" HPOS="807"/>
                  <String HEIGHT="43"
                          WIDTH="232"
                          VPOS="2583"
                          HPOS="760"
                          CONTENT="precursoris"/>
                  <SP HEIGHT="43" WIDTH="15" VPOS="2583" HPOS="993"/>
                  <String HEIGHT="43"
                          WIDTH="108"
                          VPOS="2583"
                          HPOS="946"
                          CONTENT="gra"/>
                  <SP HEIGHT="43" WIDTH="15" VPOS="2583" HPOS="1055"/>
                  <String HEIGHT="43"
                          WIDTH="108"
                          VPOS="2583"
                          HPOS="1008"
                          CONTENT="est"/>
                  <SP HEIGHT="43" WIDTH="15" VPOS="2583" HPOS="1117"/>
                  <String HEIGHT="43"
                          WIDTH="155"
                          VPOS="2583"
                          HPOS="1070"
                          CONTENT="finita"/>
                  <SP HEIGHT="43" WIDTH="15" VPOS="2583" HPOS="1225"/>
                  <String HEIGHT="43" WIDTH="62" VPOS="2583" HPOS="1163" CONTENT="et"/>
               </TextLine>
               <TextLine ID="r1l132"
                         BASELINE="2663"
                         HEIGHT="54"
                         WIDTH="778"
                         VPOS="2609"
                         HPOS="439">
                  <String HEIGHT="54"
                          WIDTH="120"
                          VPOS="2609"
                          HPOS="424"
                          CONTENT="eius"/>
                  <SP HEIGHT="54" WIDTH="15" VPOS="2609" HPOS="544"/>
                  <String HEIGHT="54"
                          WIDTH="195"
                          VPOS="2609"
                          HPOS="499"
                          CONTENT="beatitas:"/>
                  <SP HEIGHT="54" WIDTH="15" VPOS="2609" HPOS="693"/>
                  <String HEIGHT="54"
                          WIDTH="120"
                          VPOS="2609"
                          HPOS="648"
                          CONTENT="ergo"/>
                  <SP HEIGHT="54" WIDTH="15" VPOS="2609" HPOS="768"/>
                  <String HEIGHT="54" WIDTH="90" VPOS="2609" HPOS="723" CONTENT="si"/>
                  <SP HEIGHT="54" WIDTH="15" VPOS="2609" HPOS="813"/>
                  <String HEIGHT="54"
                          WIDTH="120"
                          VPOS="2609"
                          HPOS="768"
                          CONTENT="iste"/>
                  <SP HEIGHT="54" WIDTH="15" VPOS="2609" HPOS="888"/>
                  <String HEIGHT="54"
                          WIDTH="105"
                          VPOS="2609"
                          HPOS="843"
                          CONTENT="mox"/>
                  <SP HEIGHT="54" WIDTH="15" VPOS="2609" HPOS="948"/>
                  <String HEIGHT="54"
                          WIDTH="180"
                          VPOS="2609"
                          HPOS="903"
                          CONTENT="discedat"/>
                  <SP HEIGHT="54" WIDTH="15" VPOS="2609" HPOS="1082"/>
                  <String HEIGHT="54"
                          WIDTH="150"
                          VPOS="2609"
                          HPOS="1037"
                          CONTENT="tantum"/>
                  <SP HEIGHT="54" WIDTH="15" VPOS="2609" HPOS="1187"/>
                  <String HEIGHT="54"
                          WIDTH="90"
                          VPOS="2609"
                          HPOS="1127"
                          CONTENT="gra"
                          SUBS_TYPE="HypPart1"
                          SUBS_CONTENT="gratie"/>
                  <HYP CONTENT="-"/>
               </TextLine>
               <TextLine ID="r1l134"
                         BASELINE="2711"
                         HEIGHT="64"
                         WIDTH="785"
                         VPOS="2647"
                         HPOS="432">
                  <String HEIGHT="64"
                          WIDTH="112"
                          VPOS="2647"
                          HPOS="416"
                          CONTENT="tie"
                          SUBS_TYPE="HypPart2"
                          SUBS_CONTENT="gratie"/>
                  <SP HEIGHT="64" WIDTH="16" VPOS="2647" HPOS="528"/>
                  <String HEIGHT="64" WIDTH="96" VPOS="2647" HPOS="480" CONTENT="et"/>
                  <SP HEIGHT="64" WIDTH="16" VPOS="2647" HPOS="576"/>
                  <String HEIGHT="64"
                          WIDTH="224"
                          VPOS="2647"
                          HPOS="528"
                          CONTENT="beatitatis"/>
                  <SP HEIGHT="64" WIDTH="16" VPOS="2647" HPOS="752"/>
                  <String HEIGHT="64"
                          WIDTH="240"
                          VPOS="2647"
                          HPOS="704"
                          CONTENT="gradualiter"/>
                  <SP HEIGHT="64" WIDTH="16" VPOS="2647" HPOS="945"/>
                  <String HEIGHT="64"
                          WIDTH="176"
                          VPOS="2647"
                          HPOS="897"
                          CONTENT="habebit"/>
                  <SP HEIGHT="64" WIDTH="16" VPOS="2647" HPOS="1073"/>
                  <String HEIGHT="64"
                          WIDTH="176"
                          VPOS="2647"
                          HPOS="1025"
                          CONTENT="quantum"/>
                  <SP HEIGHT="64" WIDTH="16" VPOS="2647" HPOS="1201"/>
                  <String HEIGHT="64" WIDTH="80" VPOS="2647" HPOS="1137" CONTENT="Io"/>
               </TextLine>
            </TextBlock>
            <TextBlock ID="TextRegion_1595461366065_111"
                       HEIGHT="2529"
                       WIDTH="818"
                       VPOS="169"
                       HPOS="1262">
               <Shape>
                  <Polygon POINTS="1262,169 2080,175 2080,2698 1262,2692"/>
               </Shape>
               <TextLine ID="r1l4"
                         BASELINE="278"
                         HEIGHT="53"
                         WIDTH="804"
                         VPOS="225"
                         HPOS="1268">
                  <String HEIGHT="53"
                          WIDTH="142"
                          VPOS="225"
                          HPOS="1252"
                          CONTENT="annes"/>
                  <SP HEIGHT="53" WIDTH="16" VPOS="225" HPOS="1394"/>
                  <String HEIGHT="53"
                          WIDTH="205"
                          VPOS="225"
                          HPOS="1347"
                          CONTENT="baptista."/>
                  <SP HEIGHT="53" WIDTH="16" VPOS="225" HPOS="1552"/>
                  <String HEIGHT="53" WIDTH="79" VPOS="225" HPOS="1504" CONTENT="â‹"/>
                  <SP HEIGHT="53" WIDTH="16" VPOS="225" HPOS="1583"/>
                  <String HEIGHT="53"
                          WIDTH="110"
                          VPOS="225"
                          HPOS="1536"
                          CONTENT="Sed"/>
                  <SP HEIGHT="53" WIDTH="16" VPOS="225" HPOS="1646"/>
                  <String HEIGHT="53"
                          WIDTH="142"
                          VPOS="225"
                          HPOS="1599"
                          CONTENT="dicet"/>
                  <SP HEIGHT="53" WIDTH="16" VPOS="225" HPOS="1741"/>
                  <String HEIGHT="53"
                          WIDTH="173"
                          VPOS="225"
                          HPOS="1694"
                          CONTENT="opinans"/>
                  <SP HEIGHT="53" WIDTH="16" VPOS="225" HPOS="1867"/>
                  <String HEIGHT="53"
                          WIDTH="126"
                          VPOS="225"
                          HPOS="1820"
                          CONTENT="quod"/>
                  <SP HEIGHT="53" WIDTH="16" VPOS="225" HPOS="1946"/>
                  <String HEIGHT="53"
                          WIDTH="110"
                          VPOS="225"
                          HPOS="1899"
                          CONTENT="non"/>
                  <SP HEIGHT="53" WIDTH="16" VPOS="225" HPOS="2009"/>
                  <String HEIGHT="53"
                          WIDTH="126"
                          VPOS="225"
                          HPOS="1946"
                          CONTENT="sequi"
                          SUBS_TYPE="HypPart1"
                          SUBS_CONTENT="sequitur"/>
                  <HYP CONTENT="-"/>
               </TextLine>
               <TextLine ID="r1l6"
                         BASELINE="309"
                         HEIGHT="42"
                         WIDTH="785"
                         VPOS="267"
                         HPOS="1275">
                  <String HEIGHT="42"
                          WIDTH="102"
                          VPOS="267"
                          HPOS="1260"
                          CONTENT="tur"
                          SUBS_TYPE="HypPart2"
                          SUBS_CONTENT="sequitur"/>
                  <SP HEIGHT="42" WIDTH="15" VPOS="267" HPOS="1362"/>
                  <String HEIGHT="42"
                          WIDTH="116"
                          VPOS="267"
                          HPOS="1319"
                          CONTENT="quia"/>
                  <SP HEIGHT="42" WIDTH="15" VPOS="267" HPOS="1435"/>
                  <String HEIGHT="42"
                          WIDTH="174"
                          VPOS="267"
                          HPOS="1391"
                          CONTENT="paruulus"/>
                  <SP HEIGHT="42" WIDTH="15" VPOS="267" HPOS="1566"/>
                  <String HEIGHT="42"
                          WIDTH="102"
                          VPOS="267"
                          HPOS="1522"
                          CONTENT="non"/>
                  <SP HEIGHT="42" WIDTH="15" VPOS="267" HPOS="1624"/>
                  <String HEIGHT="42"
                          WIDTH="102"
                          VPOS="267"
                          HPOS="1580"
                          CONTENT="est"/>
                  <SP HEIGHT="42" WIDTH="15" VPOS="267" HPOS="1682"/>
                  <String HEIGHT="42" WIDTH="87" VPOS="267" HPOS="1638" CONTENT="in"/>
                  <SP HEIGHT="42" WIDTH="15" VPOS="267" HPOS="1726"/>
                  <String HEIGHT="42"
                          WIDTH="116"
                          VPOS="267"
                          HPOS="1682"
                          CONTENT="tali"/>
                  <SP HEIGHT="42" WIDTH="15" VPOS="267" HPOS="1798"/>
                  <String HEIGHT="42"
                          WIDTH="131"
                          VPOS="267"
                          HPOS="1755"
                          CONTENT="statu"/>
                  <SP HEIGHT="42" WIDTH="15" VPOS="267" HPOS="1886"/>
                  <String HEIGHT="42" WIDTH="87" VPOS="267" HPOS="1842" CONTENT="vt"/>
                  <SP HEIGHT="42" WIDTH="15" VPOS="267" HPOS="1929"/>
                  <String HEIGHT="42"
                          WIDTH="160"
                          VPOS="267"
                          HPOS="1886"
                          CONTENT="aliquis"/>
                  <SP HEIGHT="42" WIDTH="15" VPOS="267" HPOS="2045"/>
                  <String HEIGHT="42"
                          WIDTH="73"
                          VPOS="267"
                          HPOS="1987"
                          CONTENT="me"
                          SUBS_TYPE="HypPart1"
                          SUBS_CONTENT="mereatur"/>
                  <HYP CONTENT="-"/>
               </TextLine>
               <TextLine ID="r1l8"
                         BASELINE="356"
                         HEIGHT="53"
                         WIDTH="800"
                         VPOS="303"
                         HPOS="1276">
                  <String HEIGHT="53"
                          WIDTH="140"
                          VPOS="303"
                          HPOS="1262"
                          CONTENT="reatur"
                          SUBS_TYPE="HypPart2"
                          SUBS_CONTENT="mereatur"/>
                  <SP HEIGHT="53" WIDTH="14" VPOS="303" HPOS="1402"/>
                  <String HEIGHT="53"
                          WIDTH="126"
                          VPOS="303"
                          HPOS="1360"
                          CONTENT="ipsi."/>
                  <SP HEIGHT="53" WIDTH="14" VPOS="303" HPOS="1487"/>
                  <String HEIGHT="53" WIDTH="70" VPOS="303" HPOS="1444" CONTENT="â‹"/>
                  <SP HEIGHT="53" WIDTH="14" VPOS="303" HPOS="1515"/>
                  <String HEIGHT="53" WIDTH="98" VPOS="303" HPOS="1472" CONTENT="Vel"/>
                  <SP HEIGHT="53" WIDTH="14" VPOS="303" HPOS="1571"/>
                  <String HEIGHT="53"
                          WIDTH="140"
                          VPOS="303"
                          HPOS="1529"
                          CONTENT="potest"/>
                  <SP HEIGHT="53" WIDTH="14" VPOS="303" HPOS="1669"/>
                  <String HEIGHT="53"
                          WIDTH="112"
                          VPOS="303"
                          HPOS="1627"
                          CONTENT="dici"/>
                  <SP HEIGHT="53" WIDTH="14" VPOS="303" HPOS="1739"/>
                  <String HEIGHT="53" WIDTH="70" VPOS="303" HPOS="1697" CONTENT="("/>
                  <SP HEIGHT="53" WIDTH="14" VPOS="303" HPOS="1767"/>
                  <String HEIGHT="53"
                          WIDTH="126"
                          VPOS="303"
                          HPOS="1725"
                          CONTENT="licet"/>
                  <SP HEIGHT="53" WIDTH="14" VPOS="303" HPOS="1851"/>
                  <String HEIGHT="53" WIDTH="84" VPOS="303" HPOS="1809" CONTENT="ei"/>
                  <SP HEIGHT="53" WIDTH="14" VPOS="303" HPOS="1894"/>
                  <String HEIGHT="53" WIDTH="98" VPOS="303" HPOS="1851" CONTENT="non"/>
                  <SP HEIGHT="53" WIDTH="14" VPOS="303" HPOS="1950"/>
                  <String HEIGHT="53"
                          WIDTH="168"
                          VPOS="303"
                          HPOS="1908"
                          CONTENT="placeat)"/>
                  <SP HEIGHT="53" WIDTH="14" VPOS="303" HPOS="2076"/>
                  <String HEIGHT="53" WIDTH="56" VPOS="303" HPOS="2020" CONTENT="in"/>
               </TextLine>
               <TextLine ID="r1l10"
                         BASELINE="388"
                         HEIGHT="45"
                         WIDTH="788"
                         VPOS="343"
                         HPOS="1275">
                  <String HEIGHT="45"
                          WIDTH="121"
                          VPOS="343"
                          HPOS="1260"
                          CONTENT="quit"/>
                  <SP HEIGHT="45" WIDTH="15" VPOS="343" HPOS="1381"/>
                  <String HEIGHT="45"
                          WIDTH="121"
                          VPOS="343"
                          HPOS="1336"
                          CONTENT="quod"/>
                  <SP HEIGHT="45" WIDTH="15" VPOS="343" HPOS="1457"/>
                  <String HEIGHT="45"
                          WIDTH="152"
                          VPOS="343"
                          HPOS="1411"
                          CONTENT="nullus"/>
                  <SP HEIGHT="45" WIDTH="15" VPOS="343" HPOS="1563"/>
                  <String HEIGHT="45"
                          WIDTH="167"
                          VPOS="343"
                          HPOS="1517"
                          CONTENT="meretur"/>
                  <SP HEIGHT="45" WIDTH="15" VPOS="343" HPOS="1684"/>
                  <String HEIGHT="45"
                          WIDTH="152"
                          VPOS="343"
                          HPOS="1639"
                          CONTENT="alteri"/>
                  <SP HEIGHT="45" WIDTH="15" VPOS="343" HPOS="1790"/>
                  <String HEIGHT="45"
                          WIDTH="121"
                          VPOS="343"
                          HPOS="1745"
                          CONTENT="nisi"/>
                  <SP HEIGHT="45" WIDTH="15" VPOS="343" HPOS="1866"/>
                  <String HEIGHT="45"
                          WIDTH="152"
                          VPOS="343"
                          HPOS="1821"
                          CONTENT="altero"/>
                  <SP HEIGHT="45" WIDTH="15" VPOS="343" HPOS="1972"/>
                  <String HEIGHT="45"
                          WIDTH="152"
                          VPOS="343"
                          HPOS="1911"
                          CONTENT="coagente"/>
               </TextLine>
               <TextLine ID="r1l12"
                         BASELINE="420"
                         HEIGHT="38"
                         WIDTH="806"
                         VPOS="382"
                         HPOS="1269">
                  <String HEIGHT="38" WIDTH="93" VPOS="382" HPOS="1254" CONTENT="ad"/>
                  <SP HEIGHT="38" WIDTH="16" VPOS="382" HPOS="1347"/>
                  <String HEIGHT="38"
                          WIDTH="202"
                          VPOS="382"
                          HPOS="1300"
                          CONTENT="augmentum"/>
                  <SP HEIGHT="38" WIDTH="16" VPOS="382" HPOS="1502"/>
                  <String HEIGHT="38"
                          WIDTH="171"
                          VPOS="382"
                          HPOS="1455"
                          CONTENT="gratiae"/>
                  <SP HEIGHT="38" WIDTH="16" VPOS="382" HPOS="1626"/>
                  <String HEIGHT="38"
                          WIDTH="155"
                          VPOS="382"
                          HPOS="1579"
                          CONTENT="prope."/>
                  <SP HEIGHT="38" WIDTH="16" VPOS="382" HPOS="1734"/>
                  <String HEIGHT="38" WIDTH="78" VPOS="382" HPOS="1688" CONTENT="â‹"/>
                  <SP HEIGHT="38" WIDTH="16" VPOS="382" HPOS="1765"/>
                  <String HEIGHT="38"
                          WIDTH="171"
                          VPOS="382"
                          HPOS="1719"
                          CONTENT="Neutrum"/>
                  <SP HEIGHT="38" WIDTH="16" VPOS="382" HPOS="1889"/>
                  <String HEIGHT="38"
                          WIDTH="171"
                          VPOS="382"
                          HPOS="1843"
                          CONTENT="istorum"/>
                  <SP HEIGHT="38" WIDTH="16" VPOS="382" HPOS="2013"/>
                  <String HEIGHT="38"
                          WIDTH="124"
                          VPOS="382"
                          HPOS="1951"
                          CONTENT="dicto"
                          SUBS_TYPE="HypPart1"
                          SUBS_CONTENT="dictorum"/>
                  <HYP CONTENT="-"/>
               </TextLine>
               <TextLine ID="r1l14"
                         BASELINE="461"
                         HEIGHT="43"
                         WIDTH="803"
                         VPOS="418"
                         HPOS="1275">
                  <String HEIGHT="43"
                          WIDTH="99"
                          VPOS="418"
                          HPOS="1261"
                          CONTENT="rum"
                          SUBS_TYPE="HypPart2"
                          SUBS_CONTENT="dictorum"/>
                  <SP HEIGHT="43" WIDTH="14" VPOS="418" HPOS="1360"/>
                  <String HEIGHT="43"
                          WIDTH="141"
                          VPOS="418"
                          HPOS="1317"
                          CONTENT="euadit"/>
                  <SP HEIGHT="43" WIDTH="14" VPOS="418" HPOS="1458"/>
                  <String HEIGHT="43"
                          WIDTH="211"
                          VPOS="418"
                          HPOS="1416"
                          CONTENT="corollarium"/>
                  <SP HEIGHT="43" WIDTH="14" VPOS="418" HPOS="1627"/>
                  <String HEIGHT="43"
                          WIDTH="113"
                          VPOS="418"
                          HPOS="1585"
                          CONTENT="quod"/>
                  <SP HEIGHT="43" WIDTH="14" VPOS="418" HPOS="1698"/>
                  <String HEIGHT="43"
                          WIDTH="197"
                          VPOS="418"
                          HPOS="1655"
                          CONTENT="intulimus."/>
                  <SP HEIGHT="43" WIDTH="14" VPOS="418" HPOS="1853"/>
                  <String HEIGHT="43"
                          WIDTH="141"
                          VPOS="418"
                          HPOS="1810"
                          CONTENT="primum"/>
                  <SP HEIGHT="43" WIDTH="14" VPOS="418" HPOS="1951"/>
                  <String HEIGHT="43"
                          WIDTH="113"
                          VPOS="418"
                          HPOS="1909"
                          CONTENT="enim"/>
                  <SP HEIGHT="43" WIDTH="14" VPOS="418" HPOS="2022"/>
                  <String HEIGHT="43"
                          WIDTH="113"
                          VPOS="418"
                          HPOS="1965"
                          CONTENT="dictum"/>
               </TextLine>
               <TextLine ID="r1l16"
                         BASELINE="502"
                         HEIGHT="45"
                         WIDTH="797"
                         VPOS="457"
                         HPOS="1279">
                  <String HEIGHT="45"
                          WIDTH="103"
                          VPOS="457"
                          HPOS="1266"
                          CONTENT="sbet"/>
                  <SP HEIGHT="45" WIDTH="13" VPOS="457" HPOS="1369"/>
                  <String HEIGHT="45" WIDTH="90" VPOS="457" HPOS="1330" CONTENT="sit"/>
                  <SP HEIGHT="45" WIDTH="13" VPOS="457" HPOS="1420"/>
                  <String HEIGHT="45"
                          WIDTH="116"
                          VPOS="457"
                          HPOS="1382"
                          CONTENT="verum"/>
                  <SP HEIGHT="45" WIDTH="13" VPOS="457" HPOS="1498"/>
                  <String HEIGHT="45" WIDTH="90" VPOS="457" HPOS="1459" CONTENT="non"/>
                  <SP HEIGHT="45" WIDTH="13" VPOS="457" HPOS="1549"/>
                  <String HEIGHT="45"
                          WIDTH="116"
                          VPOS="457"
                          HPOS="1510"
                          CONTENT="tamen"/>
                  <SP HEIGHT="45" WIDTH="13" VPOS="457" HPOS="1626"/>
                  <String HEIGHT="45" WIDTH="90" VPOS="457" HPOS="1588" CONTENT="est"/>
                  <SP HEIGHT="45" WIDTH="13" VPOS="457" HPOS="1678"/>
                  <String HEIGHT="45" WIDTH="77" VPOS="457" HPOS="1639" CONTENT="ad"/>
                  <SP HEIGHT="45" WIDTH="13" VPOS="457" HPOS="1716"/>
                  <String HEIGHT="45"
                          WIDTH="103"
                          VPOS="457"
                          HPOS="1678"
                          CONTENT="eius"/>
                  <SP HEIGHT="45" WIDTH="13" VPOS="457" HPOS="1780"/>
                  <String HEIGHT="45"
                          WIDTH="206"
                          VPOS="457"
                          HPOS="1742"
                          CONTENT="intentionem:"/>
                  <SP HEIGHT="45" WIDTH="13" VPOS="457" HPOS="1947"/>
                  <String HEIGHT="45"
                          WIDTH="129"
                          VPOS="457"
                          HPOS="1909"
                          CONTENT="fateor"/>
                  <SP HEIGHT="45" WIDTH="13" VPOS="457" HPOS="2037"/>
                  <String HEIGHT="45"
                          WIDTH="90"
                          VPOS="457"
                          HPOS="1986"
                          CONTENT="autem"/>
               </TextLine>
               <TextLine ID="r1l18"
                         BASELINE="543"
                         HEIGHT="45"
                         WIDTH="793"
                         VPOS="498"
                         HPOS="1279">
                  <String HEIGHT="45"
                          WIDTH="103"
                          VPOS="498"
                          HPOS="1264"
                          CONTENT="cum"/>
                  <SP HEIGHT="45" WIDTH="15" VPOS="498" HPOS="1367"/>
                  <String HEIGHT="45" WIDTH="88" VPOS="498" HPOS="1323" CONTENT="eo"/>
                  <SP HEIGHT="45" WIDTH="15" VPOS="498" HPOS="1411"/>
                  <String HEIGHT="45"
                          WIDTH="117"
                          VPOS="498"
                          HPOS="1367"
                          CONTENT="quod"/>
                  <SP HEIGHT="45" WIDTH="15" VPOS="498" HPOS="1485"/>
                  <String HEIGHT="45"
                          WIDTH="103"
                          VPOS="498"
                          HPOS="1441"
                          CONTENT="non"/>
                  <SP HEIGHT="45" WIDTH="15" VPOS="498" HPOS="1543"/>
                  <String HEIGHT="45"
                          WIDTH="103"
                          VPOS="498"
                          HPOS="1499"
                          CONTENT="est"/>
                  <SP HEIGHT="45" WIDTH="15" VPOS="498" HPOS="1602"/>
                  <String HEIGHT="45"
                          WIDTH="132"
                          VPOS="498"
                          HPOS="1558"
                          CONTENT="capax"/>
                  <SP HEIGHT="45" WIDTH="15" VPOS="498" HPOS="1690"/>
                  <String HEIGHT="45" WIDTH="88" VPOS="498" HPOS="1646" CONTENT="in"/>
                  <SP HEIGHT="45" WIDTH="15" VPOS="498" HPOS="1734"/>
                  <String HEIGHT="45"
                          WIDTH="176"
                          VPOS="498"
                          HPOS="1690"
                          CONTENT="potentia"/>
                  <SP HEIGHT="45" WIDTH="15" VPOS="498" HPOS="1866"/>
                  <String HEIGHT="45"
                          WIDTH="191"
                          VPOS="498"
                          HPOS="1822"
                          CONTENT="propinqua"/>
                  <SP HEIGHT="45" WIDTH="15" VPOS="498" HPOS="2013"/>
                  <String HEIGHT="45"
                          WIDTH="117"
                          VPOS="498"
                          HPOS="1955"
                          CONTENT="secun"
                          SUBS_TYPE="HypPart1"
                          SUBS_CONTENT="secundum"/>
                  <HYP CONTENT="-"/>
               </TextLine>
               <TextLine ID="r1l20"
                         BASELINE="579"
                         HEIGHT="45"
                         WIDTH="796"
                         VPOS="534"
                         HPOS="1275">
                  <String HEIGHT="45"
                          WIDTH="119"
                          VPOS="534"
                          HPOS="1258"
                          CONTENT="dum"
                          SUBS_TYPE="HypPart2"
                          SUBS_CONTENT="secundum"/>
                  <SP HEIGHT="45" WIDTH="17" VPOS="534" HPOS="1377"/>
                  <String HEIGHT="45"
                          WIDTH="169"
                          VPOS="534"
                          HPOS="1326"
                          CONTENT="legem."/>
                  <SP HEIGHT="45" WIDTH="17" VPOS="534" HPOS="1495"/>
                  <String HEIGHT="45" WIDTH="85" VPOS="534" HPOS="1444" CONTENT="â‹"/>
                  <SP HEIGHT="45" WIDTH="17" VPOS="534" HPOS="1529"/>
                  <String HEIGHT="45"
                          WIDTH="119"
                          VPOS="534"
                          HPOS="1478"
                          CONTENT="Sed"/>
                  <SP HEIGHT="45" WIDTH="17" VPOS="534" HPOS="1597"/>
                  <String HEIGHT="45"
                          WIDTH="119"
                          VPOS="534"
                          HPOS="1546"
                          CONTENT="non"/>
                  <SP HEIGHT="45" WIDTH="17" VPOS="534" HPOS="1665"/>
                  <String HEIGHT="45"
                          WIDTH="169"
                          VPOS="534"
                          HPOS="1614"
                          CONTENT="potest"/>
                  <SP HEIGHT="45" WIDTH="17" VPOS="534" HPOS="1783"/>
                  <String HEIGHT="45"
                          WIDTH="186"
                          VPOS="534"
                          HPOS="1732"
                          CONTENT="euitare"/>
                  <SP HEIGHT="45" WIDTH="17" VPOS="534" HPOS="1919"/>
                  <String HEIGHT="45"
                          WIDTH="220"
                          VPOS="534"
                          HPOS="1851"
                          CONTENT="corollarium"/>
               </TextLine>
               <TextLine ID="r1l22"
                         BASELINE="611"
                         HEIGHT="42"
                         WIDTH="797"
                         VPOS="569"
                         HPOS="1275">
                  <String HEIGHT="42" WIDTH="98" VPOS="569" HPOS="1259" CONTENT="de"/>
                  <SP HEIGHT="42" WIDTH="16" VPOS="569" HPOS="1356"/>
                  <String HEIGHT="42"
                          WIDTH="130"
                          VPOS="569"
                          HPOS="1308"
                          CONTENT="rege"/>
                  <SP HEIGHT="42" WIDTH="16" VPOS="569" HPOS="1438"/>
                  <String HEIGHT="42"
                          WIDTH="211"
                          VPOS="569"
                          HPOS="1389"
                          CONTENT="prodeunte"/>
                  <SP HEIGHT="42" WIDTH="16" VPOS="569" HPOS="1600"/>
                  <String HEIGHT="42" WIDTH="98" VPOS="569" HPOS="1552" CONTENT="ad"/>
                  <SP HEIGHT="42" WIDTH="16" VPOS="569" HPOS="1649"/>
                  <String HEIGHT="42"
                          WIDTH="163"
                          VPOS="569"
                          HPOS="1600"
                          CONTENT="bellum"/>
                  <SP HEIGHT="42" WIDTH="16" VPOS="569" HPOS="1763"/>
                  <String HEIGHT="42" WIDTH="81" VPOS="569" HPOS="1714" CONTENT="a"/>
                  <SP HEIGHT="42" WIDTH="16" VPOS="569" HPOS="1795"/>
                  <String HEIGHT="42"
                          WIDTH="179"
                          VPOS="569"
                          HPOS="1747"
                          CONTENT="habente"/>
                  <SP HEIGHT="42" WIDTH="16" VPOS="569" HPOS="1926"/>
                  <String HEIGHT="42"
                          WIDTH="130"
                          VPOS="569"
                          HPOS="1877"
                          CONTENT="vnum"/>
                  <SP HEIGHT="42" WIDTH="16" VPOS="569" HPOS="2007"/>
                  <String HEIGHT="42"
                          WIDTH="130"
                          VPOS="569"
                          HPOS="1942"
                          CONTENT="gradum"/>
               </TextLine>
               <TextLine ID="r1l24"
                         BASELINE="652"
                         HEIGHT="41"
                         WIDTH="799"
                         VPOS="611"
                         HPOS="1279">
                  <String HEIGHT="41"
                          WIDTH="166"
                          VPOS="611"
                          HPOS="1262"
                          CONTENT="gratie"/>
                  <SP HEIGHT="41" WIDTH="17" VPOS="611" HPOS="1429"/>
                  <String HEIGHT="41"
                          WIDTH="166"
                          VPOS="611"
                          HPOS="1379"
                          CONTENT="quando"/>
                  <SP HEIGHT="41" WIDTH="17" VPOS="611" HPOS="1545"/>
                  <String HEIGHT="41"
                          WIDTH="150"
                          VPOS="611"
                          HPOS="1495"
                          CONTENT="vadit"/>
                  <SP HEIGHT="41" WIDTH="17" VPOS="611" HPOS="1645"/>
                  <String HEIGHT="41" WIDTH="100" VPOS="611" HPOS="1595" CONTENT="ad"/>
                  <SP HEIGHT="41" WIDTH="17" VPOS="611" HPOS="1695"/>
                  <String HEIGHT="41"
                          WIDTH="250"
                          VPOS="611"
                          HPOS="1645"
                          CONTENT="dormiendum:"/>
                  <SP HEIGHT="41" WIDTH="17" VPOS="611" HPOS="1895"/>
                  <String HEIGHT="41"
                          WIDTH="117"
                          VPOS="611"
                          HPOS="1845"
                          CONTENT="pro"/>
                  <SP HEIGHT="41" WIDTH="17" VPOS="611" HPOS="1961"/>
                  <String HEIGHT="41"
                          WIDTH="117"
                          VPOS="611"
                          HPOS="1912"
                          CONTENT="quo"/>
                  <SP HEIGHT="41" WIDTH="17" VPOS="611" HPOS="2028"/>
                  <String HEIGHT="41"
                          WIDTH="117"
                          VPOS="611"
                          HPOS="1961"
                          CONTENT="orati"/>
               </TextLine>
               <TextLine ID="r1l26"
                         BASELINE="691"
                         HEIGHT="44"
                         WIDTH="791"
                         VPOS="647"
                         HPOS="1275">
                  <String HEIGHT="44"
                          WIDTH="122"
                          VPOS="647"
                          HPOS="1260"
                          CONTENT="ones"/>
                  <SP HEIGHT="44" WIDTH="15" VPOS="647" HPOS="1381"/>
                  <String HEIGHT="44"
                          WIDTH="152"
                          VPOS="647"
                          HPOS="1336"
                          CONTENT="gnales"/>
                  <SP HEIGHT="44" WIDTH="15" VPOS="647" HPOS="1488"/>
                  <String HEIGHT="44"
                          WIDTH="106"
                          VPOS="647"
                          HPOS="1442"
                          CONTENT="(vt"/>
                  <SP HEIGHT="44" WIDTH="15" VPOS="647" HPOS="1549"/>
                  <String HEIGHT="44"
                          WIDTH="137"
                          VPOS="647"
                          HPOS="1503"
                          CONTENT="moris"/>
                  <SP HEIGHT="44" WIDTH="15" VPOS="647" HPOS="1640"/>
                  <String HEIGHT="44"
                          WIDTH="122"
                          VPOS="647"
                          HPOS="1594"
                          CONTENT="est)"/>
                  <SP HEIGHT="44" WIDTH="15" VPOS="647" HPOS="1716"/>
                  <String HEIGHT="44" WIDTH="91" VPOS="647" HPOS="1671" CONTENT="in"/>
                  <SP HEIGHT="44" WIDTH="15" VPOS="647" HPOS="1762"/>
                  <String HEIGHT="44"
                          WIDTH="137"
                          VPOS="647"
                          HPOS="1716"
                          CONTENT="regno"/>
                  <SP HEIGHT="44" WIDTH="15" VPOS="647" HPOS="1853"/>
                  <String HEIGHT="44"
                          WIDTH="152"
                          VPOS="647"
                          HPOS="1807"
                          CONTENT="fiunt:"/>
                  <SP HEIGHT="44" WIDTH="15" VPOS="647" HPOS="1960"/>
                  <String HEIGHT="44" WIDTH="91" VPOS="647" HPOS="1914" CONTENT="si"/>
                  <SP HEIGHT="44" WIDTH="15" VPOS="647" HPOS="2005"/>
                  <String HEIGHT="44" WIDTH="91" VPOS="647" HPOS="1960" CONTENT="in"/>
                  <SP HEIGHT="44" WIDTH="15" VPOS="647" HPOS="2051"/>
                  <String HEIGHT="44"
                          WIDTH="76"
                          VPOS="647"
                          HPOS="1990"
                          CONTENT="ma"
                          SUBS_TYPE="HypPart1"
                          SUBS_CONTENT="mane"/>
                  <HYP CONTENT="-"/>
               </TextLine>
               <TextLine ID="r1l28"
                         BASELINE="722"
                         HEIGHT="37"
                         WIDTH="797"
                         VPOS="685"
                         HPOS="1275">
                  <String HEIGHT="37"
                          WIDTH="94"
                          VPOS="685"
                          HPOS="1259"
                          CONTENT="ne"
                          SUBS_TYPE="HypPart2"
                          SUBS_CONTENT="mane"/>
                  <SP HEIGHT="37" WIDTH="16" VPOS="685" HPOS="1353"/>
                  <String HEIGHT="37"
                          WIDTH="219"
                          VPOS="685"
                          HPOS="1306"
                          CONTENT="suffocetur"/>
                  <SP HEIGHT="37" WIDTH="16" VPOS="685" HPOS="1525"/>
                  <String HEIGHT="37" WIDTH="78" VPOS="685" HPOS="1478" CONTENT="a"/>
                  <SP HEIGHT="37" WIDTH="16" VPOS="685" HPOS="1556"/>
                  <String HEIGHT="37"
                          WIDTH="141"
                          VPOS="685"
                          HPOS="1509"
                          CONTENT="suis."/>
                  <SP HEIGHT="37" WIDTH="16" VPOS="685" HPOS="1650"/>
                  <String HEIGHT="37"
                          WIDTH="109"
                          VPOS="685"
                          HPOS="1603"
                          CONTENT="vel"/>
                  <SP HEIGHT="37" WIDTH="16" VPOS="685" HPOS="1713"/>
                  <String HEIGHT="37"
                          WIDTH="203"
                          VPOS="685"
                          HPOS="1666"
                          CONTENT="occidatur"/>
                  <SP HEIGHT="37" WIDTH="16" VPOS="685" HPOS="1869"/>
                  <String HEIGHT="37" WIDTH="94" VPOS="685" HPOS="1822" CONTENT="in"/>
                  <SP HEIGHT="37" WIDTH="16" VPOS="685" HPOS="1916"/>
                  <String HEIGHT="37"
                          WIDTH="141"
                          VPOS="685"
                          HPOS="1869"
                          CONTENT="bello"/>
                  <SP HEIGHT="37" WIDTH="16" VPOS="685" HPOS="2009"/>
                  <String HEIGHT="37"
                          WIDTH="125"
                          VPOS="685"
                          HPOS="1947"
                          CONTENT="sancto"/>
               </TextLine>
               <TextLine ID="r1l30"
                         BASELINE="770"
                         HEIGHT="49"
                         WIDTH="805"
                         VPOS="721"
                         HPOS="1269">
                  <String HEIGHT="49"
                          WIDTH="181"
                          VPOS="721"
                          HPOS="1253"
                          CONTENT="Niuiano"/>
                  <SP HEIGHT="49" WIDTH="16" VPOS="721" HPOS="1433"/>
                  <String HEIGHT="49"
                          WIDTH="214"
                          VPOS="721"
                          HPOS="1384"
                          CONTENT="equabitur"/>
                  <SP HEIGHT="49" WIDTH="16" VPOS="721" HPOS="1598"/>
                  <String HEIGHT="49" WIDTH="99" VPOS="721" HPOS="1548" CONTENT="in"/>
                  <SP HEIGHT="49" WIDTH="16" VPOS="721" HPOS="1647"/>
                  <String HEIGHT="49"
                          WIDTH="246"
                          VPOS="721"
                          HPOS="1598"
                          CONTENT="beatitudine"/>
                  <SP HEIGHT="49" WIDTH="16" VPOS="721" HPOS="1844"/>
                  <String HEIGHT="49" WIDTH="99" VPOS="721" HPOS="1795" CONTENT="et"/>
                  <SP HEIGHT="49" WIDTH="16" VPOS="721" HPOS="1893"/>
                  <String HEIGHT="49"
                          WIDTH="181"
                          VPOS="721"
                          HPOS="1844"
                          CONTENT="gratia:"/>
                  <SP HEIGHT="49" WIDTH="16" VPOS="721" HPOS="2025"/>
                  <String HEIGHT="49" WIDTH="99" VPOS="721" HPOS="1975" CONTENT="et"/>
                  <SP HEIGHT="49" WIDTH="16" VPOS="721" HPOS="2074"/>
                  <String HEIGHT="49" WIDTH="66" VPOS="721" HPOS="2008" CONTENT="ve"/>
               </TextLine>
               <TextLine ID="r1l32"
                         BASELINE="798"
                         HEIGHT="39"
                         WIDTH="802"
                         VPOS="759"
                         HPOS="1266">
                  <String HEIGHT="39" WIDTH="107" VPOS="759" HPOS="1248" CONTENT="re"/>
                  <SP HEIGHT="39" WIDTH="18" VPOS="759" HPOS="1355"/>
                  <String HEIGHT="39" WIDTH="107" VPOS="759" HPOS="1302" CONTENT="si"/>
                  <SP HEIGHT="39" WIDTH="18" VPOS="759" HPOS="1409"/>
                  <String HEIGHT="39"
                          WIDTH="214"
                          VPOS="759"
                          HPOS="1355"
                          CONTENT="dormiens"/>
                  <SP HEIGHT="39" WIDTH="18" VPOS="759" HPOS="1569"/>
                  <String HEIGHT="39"
                          WIDTH="196"
                          VPOS="759"
                          HPOS="1516"
                          CONTENT="adultus"/>
                  <SP HEIGHT="39" WIDTH="18" VPOS="759" HPOS="1712"/>
                  <String HEIGHT="39"
                          WIDTH="125"
                          VPOS="759"
                          HPOS="1658"
                          CONTENT="est"/>
                  <SP HEIGHT="39" WIDTH="18" VPOS="759" HPOS="1783"/>
                  <String HEIGHT="39"
                          WIDTH="178"
                          VPOS="759"
                          HPOS="1729"
                          CONTENT="capax:"/>
                  <SP HEIGHT="39" WIDTH="18" VPOS="759" HPOS="1908"/>
                  <String HEIGHT="39"
                          WIDTH="160"
                          VPOS="759"
                          HPOS="1854"
                          CONTENT="debet"/>
                  <SP HEIGHT="39" WIDTH="18" VPOS="759" HPOS="2015"/>
                  <String HEIGHT="39"
                          WIDTH="125"
                          VPOS="759"
                          HPOS="1943"
                          CONTENT="eodem"/>
               </TextLine>
               <TextLine ID="line_1595461366209_114"
                         BASELINE="839"
                         HEIGHT="43"
                         WIDTH="810"
                         VPOS="796"
                         HPOS="1275">
                  <String HEIGHT="43"
                          WIDTH="144"
                          VPOS="796"
                          HPOS="1257"
                          CONTENT="modo"/>
                  <SP HEIGHT="43" WIDTH="18" VPOS="796" HPOS="1401"/>
                  <String HEIGHT="43"
                          WIDTH="234"
                          VPOS="796"
                          HPOS="1347"
                          CONTENT="concedere"/>
                  <SP HEIGHT="43" WIDTH="18" VPOS="796" HPOS="1581"/>
                  <String HEIGHT="43" WIDTH="108" VPOS="796" HPOS="1527" CONTENT="de"/>
                  <SP HEIGHT="43" WIDTH="18" VPOS="796" HPOS="1635"/>
                  <String HEIGHT="43"
                          WIDTH="216"
                          VPOS="796"
                          HPOS="1581"
                          CONTENT="paruulo."/>
                  <SP HEIGHT="43" WIDTH="18" VPOS="796" HPOS="1797"/>
                  <String HEIGHT="43" WIDTH="90" VPOS="796" HPOS="1743" CONTENT="â‹"/>
                  <SP HEIGHT="43" WIDTH="18" VPOS="796" HPOS="1833"/>
                  <String HEIGHT="43"
                          WIDTH="126"
                          VPOS="796"
                          HPOS="1779"
                          CONTENT="Sed"/>
                  <SP HEIGHT="43" WIDTH="18" VPOS="796" HPOS="1905"/>
                  <String HEIGHT="43"
                          WIDTH="162"
                          VPOS="796"
                          HPOS="1851"
                          CONTENT="ipsum"/>
                  <SP HEIGHT="43" WIDTH="18" VPOS="796" HPOS="2013"/>
                  <String HEIGHT="43"
                          WIDTH="144"
                          VPOS="796"
                          HPOS="1941"
                          CONTENT="habet."/>
               </TextLine>
               <TextLine ID="line_1595461366209_116"
                         BASELINE="885"
                         HEIGHT="51"
                         WIDTH="805"
                         VPOS="834"
                         HPOS="1281">
                  <String HEIGHT="51"
                          WIDTH="124"
                          VPOS="834"
                          HPOS="1266"
                          CONTENT="duos"/>
                  <SP HEIGHT="51" WIDTH="15" VPOS="834" HPOS="1389"/>
                  <String HEIGHT="51"
                          WIDTH="170"
                          VPOS="834"
                          HPOS="1343"
                          CONTENT="sensus."/>
                  <SP HEIGHT="51" WIDTH="15" VPOS="834" HPOS="1513"/>
                  <String HEIGHT="51"
                          WIDTH="124"
                          VPOS="834"
                          HPOS="1467"
                          CONTENT="vnus"/>
                  <SP HEIGHT="51" WIDTH="15" VPOS="834" HPOS="1591"/>
                  <String HEIGHT="51"
                          WIDTH="108"
                          VPOS="834"
                          HPOS="1544"
                          CONTENT="est"/>
                  <SP HEIGHT="51" WIDTH="15" VPOS="834" HPOS="1653"/>
                  <String HEIGHT="51"
                          WIDTH="124"
                          VPOS="834"
                          HPOS="1606"
                          CONTENT="quod"/>
                  <SP HEIGHT="51" WIDTH="15" VPOS="834" HPOS="1730"/>
                  <String HEIGHT="51"
                          WIDTH="170"
                          VPOS="834"
                          HPOS="1684"
                          CONTENT="aliquis"/>
                  <SP HEIGHT="51" WIDTH="15" VPOS="834" HPOS="1854"/>
                  <String HEIGHT="51"
                          WIDTH="186"
                          VPOS="834"
                          HPOS="1807"
                          CONTENT="mereatur"/>
                  <SP HEIGHT="51" WIDTH="15" VPOS="834" HPOS="1993"/>
                  <String HEIGHT="51"
                          WIDTH="139"
                          VPOS="834"
                          HPOS="1947"
                          CONTENT="ateri"/>
                  <SP HEIGHT="51" WIDTH="15" VPOS="834" HPOS="2086"/>
                  <String HEIGHT="51" WIDTH="62" VPOS="834" HPOS="2024" CONTENT="il"/>
               </TextLine>
               <TextLine ID="r1l38"
                         BASELINE="917"
                         HEIGHT="46"
                         WIDTH="797"
                         VPOS="871"
                         HPOS="1275">
                  <String HEIGHT="46" WIDTH="82" VPOS="871" HPOS="1261" CONTENT="lo"/>
                  <SP HEIGHT="46" WIDTH="14" VPOS="871" HPOS="1344"/>
                  <String HEIGHT="46"
                          WIDTH="124"
                          VPOS="871"
                          HPOS="1302"
                          CONTENT="bonum"/>
                  <SP HEIGHT="46" WIDTH="14" VPOS="871" HPOS="1426"/>
                  <String HEIGHT="46"
                          WIDTH="124"
                          VPOS="871"
                          HPOS="1385"
                          CONTENT="actum"/>
                  <SP HEIGHT="46" WIDTH="14" VPOS="871" HPOS="1509"/>
                  <String HEIGHT="46"
                          WIDTH="165"
                          VPOS="871"
                          HPOS="1467"
                          CONTENT="habente:"/>
                  <SP HEIGHT="46" WIDTH="14" VPOS="871" HPOS="1632"/>
                  <String HEIGHT="46" WIDTH="96" VPOS="871" HPOS="1591" CONTENT="sic"/>
                  <SP HEIGHT="46" WIDTH="14" VPOS="871" HPOS="1687"/>
                  <String HEIGHT="46"
                          WIDTH="165"
                          VPOS="871"
                          HPOS="1646"
                          CONTENT="scilicet"/>
                  <SP HEIGHT="46" WIDTH="14" VPOS="871" HPOS="1811"/>
                  <String HEIGHT="46"
                          WIDTH="110"
                          VPOS="871"
                          HPOS="1770"
                          CONTENT="quod"/>
                  <SP HEIGHT="46" WIDTH="14" VPOS="871" HPOS="1880"/>
                  <String HEIGHT="46"
                          WIDTH="124"
                          VPOS="871"
                          HPOS="1838"
                          CONTENT="actus"/>
                  <SP HEIGHT="46" WIDTH="14" VPOS="871" HPOS="1962"/>
                  <String HEIGHT="46"
                          WIDTH="110"
                          VPOS="871"
                          HPOS="1921"
                          CONTENT="eius"/>
                  <SP HEIGHT="46" WIDTH="14" VPOS="871" HPOS="2031"/>
                  <String HEIGHT="46"
                          WIDTH="96"
                          VPOS="871"
                          HPOS="1976"
                          CONTENT="meri"
                          SUBS_TYPE="HypPart1"
                          SUBS_CONTENT="meritorius"/>
                  <HYP CONTENT="-"/>
               </TextLine>
               <TextLine ID="line_1595461366210_118"
                         BASELINE="963"
                         HEIGHT="55"
                         WIDTH="806"
                         VPOS="908"
                         HPOS="1279">
                  <String HEIGHT="55"
                          WIDTH="147"
                          VPOS="908"
                          HPOS="1264"
                          CONTENT="torius"
                          SUBS_TYPE="HypPart2"
                          SUBS_CONTENT="meritorius"/>
                  <SP HEIGHT="55" WIDTH="15" VPOS="908" HPOS="1411"/>
                  <String HEIGHT="55"
                          WIDTH="103"
                          VPOS="908"
                          HPOS="1367"
                          CONTENT="est"/>
                  <SP HEIGHT="55" WIDTH="15" VPOS="908" HPOS="1470"/>
                  <String HEIGHT="55"
                          WIDTH="132"
                          VPOS="908"
                          HPOS="1426"
                          CONTENT="magis"/>
                  <SP HEIGHT="55" WIDTH="15" VPOS="908" HPOS="1557"/>
                  <String HEIGHT="55"
                          WIDTH="205"
                          VPOS="908"
                          HPOS="1513"
                          CONTENT="meritorius"/>
                  <SP HEIGHT="55" WIDTH="15" VPOS="908" HPOS="1719"/>
                  <String HEIGHT="55"
                          WIDTH="191"
                          VPOS="908"
                          HPOS="1675"
                          CONTENT="propterea"/>
                  <SP HEIGHT="55" WIDTH="15" VPOS="908" HPOS="1865"/>
                  <String HEIGHT="55"
                          WIDTH="117"
                          VPOS="908"
                          HPOS="1821"
                          CONTENT="quia"/>
                  <SP HEIGHT="55" WIDTH="15" VPOS="908" HPOS="1938"/>
                  <String HEIGHT="55"
                          WIDTH="132"
                          VPOS="908"
                          HPOS="1894"
                          CONTENT="alius"/>
                  <SP HEIGHT="55" WIDTH="15" VPOS="908" HPOS="2026"/>
                  <String HEIGHT="55"
                          WIDTH="117"
                          VPOS="908"
                          HPOS="1968"
                          CONTENT="oratus"/>
               </TextLine>
               <TextLine ID="r1l42"
                         BASELINE="989"
                         HEIGHT="45"
                         WIDTH="793"
                         VPOS="944"
                         HPOS="1281">
                  <String HEIGHT="45"
                          WIDTH="113"
                          VPOS="944"
                          HPOS="1265"
                          CONTENT="hoc"/>
                  <SP HEIGHT="45" WIDTH="16" VPOS="944" HPOS="1378"/>
                  <String HEIGHT="45"
                          WIDTH="113"
                          VPOS="944"
                          HPOS="1330"
                          CONTENT="est"/>
                  <SP HEIGHT="45" WIDTH="16" VPOS="944" HPOS="1443"/>
                  <String HEIGHT="45"
                          WIDTH="146"
                          VPOS="944"
                          HPOS="1394"
                          CONTENT="dictu"/>
                  <SP HEIGHT="45" WIDTH="16" VPOS="944" HPOS="1540"/>
                  <String HEIGHT="45"
                          WIDTH="129"
                          VPOS="944"
                          HPOS="1491"
                          CONTENT="vnus"/>
                  <SP HEIGHT="45" WIDTH="16" VPOS="944" HPOS="1621"/>
                  <String HEIGHT="45"
                          WIDTH="129"
                          VPOS="944"
                          HPOS="1572"
                          CONTENT="orat"/>
                  <SP HEIGHT="45" WIDTH="16" VPOS="944" HPOS="1702"/>
                  <String HEIGHT="45"
                          WIDTH="113"
                          VPOS="944"
                          HPOS="1653"
                          CONTENT="vno"/>
                  <SP HEIGHT="45" WIDTH="16" VPOS="944" HPOS="1767"/>
                  <String HEIGHT="45"
                          WIDTH="146"
                          VPOS="944"
                          HPOS="1718"
                          CONTENT="gradu"/>
                  <SP HEIGHT="45" WIDTH="16" VPOS="944" HPOS="1864"/>
                  <String HEIGHT="45"
                          WIDTH="227"
                          VPOS="944"
                          HPOS="1815"
                          CONTENT="deuotionis"/>
                  <SP HEIGHT="45" WIDTH="16" VPOS="944" HPOS="2042"/>
                  <String HEIGHT="45"
                          WIDTH="97"
                          VPOS="944"
                          HPOS="1977"
                          CONTENT="pro"
                          SUBS_TYPE="HypPart1"
                          SUBS_CONTENT="proquo"/>
                  <HYP CONTENT="-"/>
               </TextLine>
               <TextLine ID="r1l44"
                         BASELINE="1030"
                         HEIGHT="42"
                         WIDTH="778"
                         VPOS="988"
                         HPOS="1281">
                  <String HEIGHT="42"
                          WIDTH="109"
                          VPOS="988"
                          HPOS="1265"
                          CONTENT="quo"
                          SUBS_TYPE="HypPart2"
                          SUBS_CONTENT="proquo"/>
                  <SP HEIGHT="42" WIDTH="16" VPOS="988" HPOS="1374"/>
                  <String HEIGHT="42"
                          WIDTH="156"
                          VPOS="988"
                          HPOS="1328"
                          CONTENT="nullus"/>
                  <SP HEIGHT="42" WIDTH="16" VPOS="988" HPOS="1483"/>
                  <String HEIGHT="42"
                          WIDTH="156"
                          VPOS="988"
                          HPOS="1437"
                          CONTENT="orauit"/>
                  <SP HEIGHT="42" WIDTH="16" VPOS="988" HPOS="1592"/>
                  <String HEIGHT="42"
                          WIDTH="140"
                          VPOS="988"
                          HPOS="1546"
                          CONTENT="talis"/>
                  <SP HEIGHT="42" WIDTH="16" VPOS="988" HPOS="1686"/>
                  <String HEIGHT="42"
                          WIDTH="171"
                          VPOS="988"
                          HPOS="1639"
                          CONTENT="meretur"/>
                  <SP HEIGHT="42" WIDTH="16" VPOS="988" HPOS="1810"/>
                  <String HEIGHT="42"
                          WIDTH="171"
                          VPOS="988"
                          HPOS="1763"
                          CONTENT="gratiam"/>
                  <SP HEIGHT="42" WIDTH="16" VPOS="988" HPOS="1935"/>
                  <String HEIGHT="42" WIDTH="93" VPOS="988" HPOS="1888" CONTENT="vt"/>
                  <SP HEIGHT="42" WIDTH="16" VPOS="988" HPOS="1981"/>
                  <String HEIGHT="42"
                          WIDTH="124"
                          VPOS="988"
                          HPOS="1935"
                          CONTENT="vnum"/>
                  <SP HEIGHT="42" WIDTH="16" VPOS="988" HPOS="2059"/>
                  <String HEIGHT="42" WIDTH="62" VPOS="988" HPOS="1997" CONTENT="et"/>
               </TextLine>
               <TextLine ID="r1l46"
                         BASELINE="1067"
                         HEIGHT="38"
                         WIDTH="804"
                         VPOS="1029"
                         HPOS="1274">
                  <String HEIGHT="38"
                          WIDTH="173"
                          VPOS="1029"
                          HPOS="1258"
                          CONTENT="gloriam"/>
                  <SP HEIGHT="38" WIDTH="16" VPOS="1029" HPOS="1432"/>
                  <String HEIGHT="38" WIDTH="95" VPOS="1029" HPOS="1384" CONTENT="vt"/>
                  <SP HEIGHT="38" WIDTH="16" VPOS="1029" HPOS="1479"/>
                  <String HEIGHT="38"
                          WIDTH="142"
                          VPOS="1029"
                          HPOS="1432"
                          CONTENT="vnum."/>
                  <SP HEIGHT="38" WIDTH="16" VPOS="1029" HPOS="1574"/>
                  <String HEIGHT="38"
                          WIDTH="142"
                          VPOS="1029"
                          HPOS="1526"
                          CONTENT="Alius"/>
                  <SP HEIGHT="38" WIDTH="16" VPOS="1029" HPOS="1668"/>
                  <String HEIGHT="38"
                          WIDTH="158"
                          VPOS="1029"
                          HPOS="1621"
                          CONTENT="simili"/>
                  <SP HEIGHT="38" WIDTH="16" VPOS="1029" HPOS="1778"/>
                  <String HEIGHT="38"
                          WIDTH="205"
                          VPOS="1029"
                          HPOS="1731"
                          CONTENT="deuotione"/>
                  <SP HEIGHT="38" WIDTH="16" VPOS="1029" HPOS="1936"/>
                  <String HEIGHT="38"
                          WIDTH="126"
                          VPOS="1029"
                          HPOS="1889"
                          CONTENT="orat"/>
                  <SP HEIGHT="38" WIDTH="16" VPOS="1029" HPOS="2015"/>
                  <String HEIGHT="38" WIDTH="95" VPOS="1029" HPOS="1968" CONTENT="et"/>
                  <SP HEIGHT="38" WIDTH="16" VPOS="1029" HPOS="2062"/>
                  <String HEIGHT="38"
                          WIDTH="79"
                          VPOS="1029"
                          HPOS="1999"
                          CONTENT="om"
                          SUBS_TYPE="HypPart1"
                          SUBS_CONTENT="omnia"/>
                  <HYP CONTENT="-"/>
               </TextLine>
               <TextLine ID="r1l48"
                         BASELINE="1105"
                         HEIGHT="46"
                         WIDTH="803"
                         VPOS="1059"
                         HPOS="1269">
                  <String HEIGHT="46"
                          WIDTH="99"
                          VPOS="1059"
                          HPOS="1255"
                          CONTENT="nia"
                          SUBS_TYPE="HypPart2"
                          SUBS_CONTENT="omnia"/>
                  <SP HEIGHT="46" WIDTH="14" VPOS="1059" HPOS="1354"/>
                  <String HEIGHT="46"
                          WIDTH="141"
                          VPOS="1059"
                          HPOS="1311"
                          CONTENT="cetera"/>
                  <SP HEIGHT="46" WIDTH="14" VPOS="1059" HPOS="1452"/>
                  <String HEIGHT="46"
                          WIDTH="113"
                          VPOS="1059"
                          HPOS="1410"
                          CONTENT="sunt"/>
                  <SP HEIGHT="46" WIDTH="14" VPOS="1059" HPOS="1523"/>
                  <String HEIGHT="46"
                          WIDTH="141"
                          VPOS="1059"
                          HPOS="1480"
                          CONTENT="patria"/>
                  <SP HEIGHT="46" WIDTH="14" VPOS="1059" HPOS="1621"/>
                  <String HEIGHT="46"
                          WIDTH="99"
                          VPOS="1059"
                          HPOS="1579"
                          CONTENT="hoc"/>
                  <SP HEIGHT="46" WIDTH="14" VPOS="1059" HPOS="1678"/>
                  <String HEIGHT="46"
                          WIDTH="141"
                          VPOS="1059"
                          HPOS="1635"
                          CONTENT="dempto"/>
                  <SP HEIGHT="46" WIDTH="14" VPOS="1059" HPOS="1776"/>
                  <String HEIGHT="46"
                          WIDTH="113"
                          VPOS="1059"
                          HPOS="1734"
                          CONTENT="quod"/>
                  <SP HEIGHT="46" WIDTH="14" VPOS="1059" HPOS="1847"/>
                  <String HEIGHT="46"
                          WIDTH="113"
                          VPOS="1059"
                          HPOS="1804"
                          CONTENT="alii"/>
                  <SP HEIGHT="46" WIDTH="14" VPOS="1059" HPOS="1917"/>
                  <String HEIGHT="46"
                          WIDTH="99"
                          VPOS="1059"
                          HPOS="1875"
                          CONTENT="pro"/>
                  <SP HEIGHT="46" WIDTH="14" VPOS="1059" HPOS="1973"/>
                  <String HEIGHT="46" WIDTH="85" VPOS="1059" HPOS="1931" CONTENT="eo"/>
                  <SP HEIGHT="46" WIDTH="14" VPOS="1059" HPOS="2016"/>
                  <String HEIGHT="46"
                          WIDTH="113"
                          VPOS="1059"
                          HPOS="1959"
                          CONTENT="orant."/>
               </TextLine>
               <TextLine ID="r1l50"
                         BASELINE="1147"
                         HEIGHT="47"
                         WIDTH="800"
                         VPOS="1100"
                         HPOS="1269">
                  <String HEIGHT="47"
                          WIDTH="112"
                          VPOS="1100"
                          HPOS="1253"
                          CONTENT="non"/>
                  <SP HEIGHT="47" WIDTH="16" VPOS="1100" HPOS="1365"/>
                  <String HEIGHT="47"
                          WIDTH="192"
                          VPOS="1100"
                          HPOS="1317"
                          CONTENT="obstante"/>
                  <SP HEIGHT="47" WIDTH="16" VPOS="1100" HPOS="1509"/>
                  <String HEIGHT="47"
                          WIDTH="176"
                          VPOS="1100"
                          HPOS="1461"
                          CONTENT="propter"/>
                  <SP HEIGHT="47" WIDTH="16" VPOS="1100" HPOS="1637"/>
                  <String HEIGHT="47"
                          WIDTH="176"
                          VPOS="1100"
                          HPOS="1589"
                          CONTENT="aliorum"/>
                  <SP HEIGHT="47" WIDTH="16" VPOS="1100" HPOS="1765"/>
                  <String HEIGHT="47"
                          WIDTH="160"
                          VPOS="1100"
                          HPOS="1717"
                          CONTENT="preces"/>
                  <SP HEIGHT="47" WIDTH="16" VPOS="1100" HPOS="1877"/>
                  <String HEIGHT="47"
                          WIDTH="144"
                          VPOS="1100"
                          HPOS="1829"
                          CONTENT="multo"/>
                  <SP HEIGHT="47" WIDTH="16" VPOS="1100" HPOS="1973"/>
                  <String HEIGHT="47"
                          WIDTH="128"
                          VPOS="1100"
                          HPOS="1925"
                          CONTENT="pius"/>
                  <SP HEIGHT="47" WIDTH="16" VPOS="1100" HPOS="2053"/>
                  <String HEIGHT="47"
                          WIDTH="80"
                          VPOS="1100"
                          HPOS="1989"
                          CONTENT="gra"/>
               </TextLine>
               <TextLine ID="r1l52"
                         BASELINE="1177"
                         HEIGHT="41"
                         WIDTH="782"
                         VPOS="1136"
                         HPOS="1278">
                  <String HEIGHT="41"
                          WIDTH="84"
                          VPOS="1136"
                          HPOS="1266"
                          CONTENT="tie"/>
                  <SP HEIGHT="41" WIDTH="12" VPOS="1136" HPOS="1350"/>
                  <String HEIGHT="41" WIDTH="72" VPOS="1136" HPOS="1314" CONTENT="et"/>
                  <SP HEIGHT="41" WIDTH="12" VPOS="1136" HPOS="1386"/>
                  <String HEIGHT="41"
                          WIDTH="120"
                          VPOS="1136"
                          HPOS="1350"
                          CONTENT="glorie"/>
                  <SP HEIGHT="41" WIDTH="12" VPOS="1136" HPOS="1470"/>
                  <String HEIGHT="41"
                          WIDTH="132"
                          VPOS="1136"
                          HPOS="1434"
                          CONTENT="dabitur"/>
                  <SP HEIGHT="41" WIDTH="12" VPOS="1136" HPOS="1567"/>
                  <String HEIGHT="41"
                          WIDTH="132"
                          VPOS="1136"
                          HPOS="1531"
                          CONTENT="secundo"/>
                  <SP HEIGHT="41" WIDTH="12" VPOS="1136" HPOS="1663"/>
                  <String HEIGHT="41"
                          WIDTH="96"
                          VPOS="1136"
                          HPOS="1627"
                          CONTENT="quam"/>
                  <SP HEIGHT="41" WIDTH="12" VPOS="1136" HPOS="1723"/>
                  <String HEIGHT="41"
                          WIDTH="120"
                          VPOS="1136"
                          HPOS="1687"
                          CONTENT="primo."/>
                  <SP HEIGHT="41" WIDTH="12" VPOS="1136" HPOS="1807"/>
                  <String HEIGHT="41" WIDTH="72" VPOS="1136" HPOS="1771" CONTENT="et"/>
                  <SP HEIGHT="41" WIDTH="12" VPOS="1136" HPOS="1843"/>
                  <String HEIGHT="41"
                          WIDTH="96"
                          VPOS="1136"
                          HPOS="1807"
                          CONTENT="ille"/>
                  <SP HEIGHT="41" WIDTH="12" VPOS="1136" HPOS="1904"/>
                  <String HEIGHT="41"
                          WIDTH="84"
                          VPOS="1136"
                          HPOS="1868"
                          CONTENT="est"/>
                  <SP HEIGHT="41" WIDTH="12" VPOS="1136" HPOS="1952"/>
                  <String HEIGHT="41"
                          WIDTH="120"
                          VPOS="1136"
                          HPOS="1916"
                          CONTENT="sensus"/>
                  <SP HEIGHT="41" WIDTH="12" VPOS="1136" HPOS="2036"/>
                  <String HEIGHT="41"
                          WIDTH="72"
                          VPOS="1136"
                          HPOS="1988"
                          CONTENT="quem"/>
               </TextLine>
               <TextLine ID="r1l54"
                         BASELINE="1217"
                         HEIGHT="42"
                         WIDTH="797"
                         VPOS="1175"
                         HPOS="1269">
                  <String HEIGHT="42"
                          WIDTH="116"
                          VPOS="1175"
                          HPOS="1255"
                          CONTENT="ille"/>
                  <SP HEIGHT="42" WIDTH="14" VPOS="1175" HPOS="1370"/>
                  <String HEIGHT="42"
                          WIDTH="145"
                          VPOS="1175"
                          HPOS="1327"
                          CONTENT="capit:"/>
                  <SP HEIGHT="42" WIDTH="14" VPOS="1175" HPOS="1472"/>
                  <String HEIGHT="42"
                          WIDTH="116"
                          VPOS="1175"
                          HPOS="1428"
                          CONTENT="quem"/>
                  <SP HEIGHT="42" WIDTH="14" VPOS="1175" HPOS="1544"/>
                  <String HEIGHT="42"
                          WIDTH="145"
                          VPOS="1175"
                          HPOS="1501"
                          CONTENT="iterum"/>
                  <SP HEIGHT="42" WIDTH="14" VPOS="1175" HPOS="1646"/>
                  <String HEIGHT="42"
                          WIDTH="116"
                          VPOS="1175"
                          HPOS="1602"
                          CONTENT="dico"/>
                  <SP HEIGHT="42" WIDTH="14" VPOS="1175" HPOS="1718"/>
                  <String HEIGHT="42"
                          WIDTH="159"
                          VPOS="1175"
                          HPOS="1675"
                          CONTENT="falsum."/>
                  <SP HEIGHT="42" WIDTH="14" VPOS="1175" HPOS="1834"/>
                  <String HEIGHT="42" WIDTH="72" VPOS="1175" HPOS="1791" CONTENT="â‹"/>
                  <SP HEIGHT="42" WIDTH="14" VPOS="1175" HPOS="1863"/>
                  <String HEIGHT="42" WIDTH="87" VPOS="1175" HPOS="1820" CONTENT="Ex"/>
                  <SP HEIGHT="42" WIDTH="14" VPOS="1175" HPOS="1907"/>
                  <String HEIGHT="42"
                          WIDTH="116"
                          VPOS="1175"
                          HPOS="1863"
                          CONTENT="illo"/>
                  <SP HEIGHT="42" WIDTH="14" VPOS="1175" HPOS="1979"/>
                  <String HEIGHT="42"
                          WIDTH="145"
                          VPOS="1175"
                          HPOS="1921"
                          CONTENT="sequitur"/>
               </TextLine>
               <TextLine ID="r1l56"
                         BASELINE="1258"
                         HEIGHT="40"
                         WIDTH="775"
                         VPOS="1218"
                         HPOS="1285">
                  <String HEIGHT="40"
                          WIDTH="104"
                          VPOS="1218"
                          HPOS="1270"
                          CONTENT="hoc"/>
                  <SP HEIGHT="40" WIDTH="15" VPOS="1218" HPOS="1374"/>
                  <String HEIGHT="40"
                          WIDTH="238"
                          VPOS="1218"
                          HPOS="1330"
                          CONTENT="corollarium:"/>
                  <SP HEIGHT="40" WIDTH="15" VPOS="1218" HPOS="1568"/>
                  <String HEIGHT="40"
                          WIDTH="119"
                          VPOS="1218"
                          HPOS="1523"
                          CONTENT="quod"/>
                  <SP HEIGHT="40" WIDTH="15" VPOS="1218" HPOS="1643"/>
                  <String HEIGHT="40"
                          WIDTH="104"
                          VPOS="1218"
                          HPOS="1598"
                          CONTENT="per"/>
                  <SP HEIGHT="40" WIDTH="15" VPOS="1218" HPOS="1702"/>
                  <String HEIGHT="40"
                          WIDTH="134"
                          VPOS="1218"
                          HPOS="1658"
                          CONTENT="legem"/>
                  <SP HEIGHT="40" WIDTH="15" VPOS="1218" HPOS="1792"/>
                  <String HEIGHT="40"
                          WIDTH="179"
                          VPOS="1218"
                          HPOS="1747"
                          CONTENT="communem"/>
                  <SP HEIGHT="40" WIDTH="15" VPOS="1218" HPOS="1926"/>
                  <String HEIGHT="40"
                          WIDTH="149"
                          VPOS="1218"
                          HPOS="1881"
                          CONTENT="habens"/>
                  <SP HEIGHT="40" WIDTH="15" VPOS="1218" HPOS="2030"/>
                  <String HEIGHT="40"
                          WIDTH="89"
                          VPOS="1218"
                          HPOS="1971"
                          CONTENT="vnum"/>
               </TextLine>
               <TextLine ID="r1l58"
                         BASELINE="1298"
                         HEIGHT="48"
                         WIDTH="797"
                         VPOS="1250"
                         HPOS="1275">
                  <String HEIGHT="48"
                          WIDTH="170"
                          VPOS="1250"
                          HPOS="1258"
                          CONTENT="gradum"/>
                  <SP HEIGHT="48" WIDTH="17" VPOS="1250" HPOS="1428"/>
                  <String HEIGHT="48"
                          WIDTH="170"
                          VPOS="1250"
                          HPOS="1377"
                          CONTENT="gratie"/>
                  <SP HEIGHT="48" WIDTH="17" VPOS="1250" HPOS="1546"/>
                  <String HEIGHT="48"
                          WIDTH="102"
                          VPOS="1250"
                          HPOS="1495"
                          CONTENT="in"/>
                  <SP HEIGHT="48" WIDTH="17" VPOS="1250" HPOS="1597"/>
                  <String HEIGHT="48"
                          WIDTH="119"
                          VPOS="1250"
                          HPOS="1546"
                          CONTENT="vna"/>
                  <SP HEIGHT="48" WIDTH="17" VPOS="1250" HPOS="1665"/>
                  <String HEIGHT="48"
                          WIDTH="136"
                          VPOS="1250"
                          HPOS="1614"
                          CONTENT="hora"/>
                  <SP HEIGHT="48" WIDTH="17" VPOS="1250" HPOS="1750"/>
                  <String HEIGHT="48"
                          WIDTH="237"
                          VPOS="1250"
                          HPOS="1699"
                          CONTENT="continuans"/>
                  <SP HEIGHT="48" WIDTH="17" VPOS="1250" HPOS="1936"/>
                  <String HEIGHT="48"
                          WIDTH="136"
                          VPOS="1250"
                          HPOS="1885"
                          CONTENT="vnum"/>
                  <SP HEIGHT="48" WIDTH="17" VPOS="1250" HPOS="2021"/>
                  <String HEIGHT="48"
                          WIDTH="119"
                          VPOS="1250"
                          HPOS="1953"
                          CONTENT="bonum"/>
               </TextLine>
               <TextLine ID="r1l60"
                         BASELINE="1335"
                         HEIGHT="43"
                         WIDTH="791"
                         VPOS="1292"
                         HPOS="1269">
                  <String HEIGHT="43"
                          WIDTH="140"
                          VPOS="1292"
                          HPOS="1253"
                          CONTENT="actum"/>
                  <SP HEIGHT="43" WIDTH="16" VPOS="1292" HPOS="1393"/>
                  <String HEIGHT="43"
                          WIDTH="109"
                          VPOS="1292"
                          HPOS="1347"
                          CONTENT="per"/>
                  <SP HEIGHT="43" WIDTH="16" VPOS="1292" HPOS="1455"/>
                  <String HEIGHT="43"
                          WIDTH="140"
                          VPOS="1292"
                          HPOS="1409"
                          CONTENT="totam"/>
                  <SP HEIGHT="43" WIDTH="16" VPOS="1292" HPOS="1548"/>
                  <String HEIGHT="43"
                          WIDTH="140"
                          VPOS="1292"
                          HPOS="1502"
                          CONTENT="illam"/>
                  <SP HEIGHT="43" WIDTH="16" VPOS="1292" HPOS="1641"/>
                  <String HEIGHT="43"
                          WIDTH="140"
                          VPOS="1292"
                          HPOS="1595"
                          CONTENT="horam"/>
                  <SP HEIGHT="43" WIDTH="16" VPOS="1292" HPOS="1734"/>
                  <String HEIGHT="43"
                          WIDTH="140"
                          VPOS="1292"
                          HPOS="1688"
                          CONTENT="circa"/>
                  <SP HEIGHT="43" WIDTH="16" VPOS="1292" HPOS="1827"/>
                  <String HEIGHT="43"
                          WIDTH="186"
                          VPOS="1292"
                          HPOS="1781"
                          CONTENT="materiam"/>
                  <SP HEIGHT="43" WIDTH="16" VPOS="1292" HPOS="1967"/>
                  <String HEIGHT="43"
                          WIDTH="155"
                          VPOS="1292"
                          HPOS="1905"
                          CONTENT="eutrape"
                          SUBS_TYPE="HypPart1"
                          SUBS_CONTENT="eutrapelie"/>
                  <HYP CONTENT="-"/>
               </TextLine>
               <TextLine ID="r1l62"
                         BASELINE="1369"
                         HEIGHT="44"
                         WIDTH="787"
                         VPOS="1325"
                         HPOS="1276">
                  <String HEIGHT="44"
                          WIDTH="104"
                          VPOS="1325"
                          HPOS="1261"
                          CONTENT="lie"
                          SUBS_TYPE="HypPart2"
                          SUBS_CONTENT="eutrapelie"/>
                  <SP HEIGHT="44" WIDTH="15" VPOS="1325" HPOS="1365"/>
                  <String HEIGHT="44"
                          WIDTH="163"
                          VPOS="1325"
                          HPOS="1321"
                          CONTENT="habebit"/>
                  <SP HEIGHT="44" WIDTH="15" VPOS="1325" HPOS="1484"/>
                  <String HEIGHT="44"
                          WIDTH="148"
                          VPOS="1325"
                          HPOS="1439"
                          CONTENT="tantum"/>
                  <SP HEIGHT="44" WIDTH="15" VPOS="1325" HPOS="1588"/>
                  <String HEIGHT="44"
                          WIDTH="148"
                          VPOS="1325"
                          HPOS="1543"
                          CONTENT="gratie"/>
                  <SP HEIGHT="44" WIDTH="15" VPOS="1325" HPOS="1692"/>
                  <String HEIGHT="44" WIDTH="89" VPOS="1325" HPOS="1647" CONTENT="in"/>
                  <SP HEIGHT="44" WIDTH="15" VPOS="1325" HPOS="1736"/>
                  <String HEIGHT="44"
                          WIDTH="119"
                          VPOS="1325"
                          HPOS="1692"
                          CONTENT="fine"/>
                  <SP HEIGHT="44" WIDTH="15" VPOS="1325" HPOS="1811"/>
                  <String HEIGHT="44"
                          WIDTH="119"
                          VPOS="1325"
                          HPOS="1766"
                          CONTENT="hore"/>
                  <SP HEIGHT="44" WIDTH="15" VPOS="1325" HPOS="1885"/>
                  <String HEIGHT="44"
                          WIDTH="163"
                          VPOS="1325"
                          HPOS="1840"
                          CONTENT="quantum"/>
                  <SP HEIGHT="44" WIDTH="15" VPOS="1325" HPOS="2004"/>
                  <String HEIGHT="44"
                          WIDTH="119"
                          VPOS="1325"
                          HPOS="1944"
                          CONTENT="paulus"/>
               </TextLine>
               <TextLine ID="r1l64"
                         BASELINE="1410"
                         HEIGHT="47"
                         WIDTH="791"
                         VPOS="1363"
                         HPOS="1278">
                  <String HEIGHT="47"
                          WIDTH="132"
                          VPOS="1363"
                          HPOS="1265"
                          CONTENT="primus"/>
                  <SP HEIGHT="47" WIDTH="13" VPOS="1363" HPOS="1397"/>
                  <String HEIGHT="47"
                          WIDTH="158"
                          VPOS="1363"
                          HPOS="1357"
                          CONTENT="eremita."/>
                  <SP HEIGHT="47" WIDTH="13" VPOS="1363" HPOS="1515"/>
                  <String HEIGHT="47" WIDTH="79" VPOS="1363" HPOS="1476" CONTENT="Et"/>
                  <SP HEIGHT="47" WIDTH="13" VPOS="1363" HPOS="1555"/>
                  <String HEIGHT="47" WIDTH="79" VPOS="1363" HPOS="1515" CONTENT="ex"/>
                  <SP HEIGHT="47" WIDTH="13" VPOS="1363" HPOS="1594"/>
                  <String HEIGHT="47"
                          WIDTH="198"
                          VPOS="1363"
                          HPOS="1555"
                          CONTENT="consequente"/>
                  <SP HEIGHT="47" WIDTH="13" VPOS="1363" HPOS="1753"/>
                  <String HEIGHT="47" WIDTH="79" VPOS="1363" HPOS="1713" CONTENT="si"/>
                  <SP HEIGHT="47" WIDTH="13" VPOS="1363" HPOS="1792"/>
                  <String HEIGHT="47"
                          WIDTH="92"
                          VPOS="1363"
                          HPOS="1753"
                          CONTENT="sic"/>
                  <SP HEIGHT="47" WIDTH="13" VPOS="1363" HPOS="1845"/>
                  <String HEIGHT="47"
                          WIDTH="158"
                          VPOS="1363"
                          HPOS="1805"
                          CONTENT="discedat"/>
                  <SP HEIGHT="47" WIDTH="13" VPOS="1363" HPOS="1964"/>
                  <String HEIGHT="47"
                          WIDTH="119"
                          VPOS="1363"
                          HPOS="1924"
                          CONTENT="tanta"/>
                  <SP HEIGHT="47" WIDTH="13" VPOS="1363" HPOS="2043"/>
                  <String HEIGHT="47"
                          WIDTH="79"
                          VPOS="1363"
                          HPOS="1990"
                          CONTENT="glo"
                          SUBS_TYPE="HypPart1"
                          SUBS_CONTENT="gloria"/>
                  <HYP CONTENT="-"/>
               </TextLine>
               <TextLine ID="r1l66"
                         BASELINE="1447"
                         HEIGHT="45"
                         WIDTH="802"
                         VPOS="1402"
                         HPOS="1270">
                  <String HEIGHT="45"
                          WIDTH="110"
                          VPOS="1402"
                          HPOS="1254"
                          CONTENT="ria"
                          SUBS_TYPE="HypPart2"
                          SUBS_CONTENT="gloria"/>
                  <SP HEIGHT="45" WIDTH="16" VPOS="1402" HPOS="1364"/>
                  <String HEIGHT="45"
                          WIDTH="204"
                          VPOS="1402"
                          HPOS="1317"
                          CONTENT="potietur,"/>
                  <SP HEIGHT="45" WIDTH="16" VPOS="1402" HPOS="1522"/>
                  <String HEIGHT="45"
                          WIDTH="252"
                          VPOS="1402"
                          HPOS="1474"
                          CONTENT="consequentia"/>
                  <SP HEIGHT="45" WIDTH="16" VPOS="1402" HPOS="1726"/>
                  <String HEIGHT="45"
                          WIDTH="157"
                          VPOS="1402"
                          HPOS="1679"
                          CONTENT="tenet:"/>
                  <SP HEIGHT="45" WIDTH="16" VPOS="1402" HPOS="1836"/>
                  <String HEIGHT="45" WIDTH="94" VPOS="1402" HPOS="1789" CONTENT="si"/>
                  <SP HEIGHT="45" WIDTH="16" VPOS="1402" HPOS="1883"/>
                  <String HEIGHT="45"
                          WIDTH="189"
                          VPOS="1402"
                          HPOS="1836"
                          CONTENT="precario"/>
                  <SP HEIGHT="45" WIDTH="16" VPOS="1402" HPOS="2025"/>
                  <String HEIGHT="45"
                          WIDTH="110"
                          VPOS="1402"
                          HPOS="1962"
                          CONTENT="habe"
                          SUBS_TYPE="HypPart1"
                          SUBS_CONTENT="habeat"/>
                  <HYP CONTENT="-"/>
               </TextLine>
               <TextLine ID="r1l68"
                         BASELINE="1477"
                         HEIGHT="37"
                         WIDTH="797"
                         VPOS="1440"
                         HPOS="1278">
                  <String HEIGHT="37"
                          WIDTH="90"
                          VPOS="1440"
                          HPOS="1263"
                          CONTENT="at"
                          SUBS_TYPE="HypPart2"
                          SUBS_CONTENT="habeat"/>
                  <SP HEIGHT="37" WIDTH="15" VPOS="1440" HPOS="1353"/>
                  <String HEIGHT="37"
                          WIDTH="211"
                          VPOS="1440"
                          HPOS="1308"
                          CONTENT="suffragia:"/>
                  <SP HEIGHT="37" WIDTH="15" VPOS="1440" HPOS="1519"/>
                  <String HEIGHT="37" WIDTH="90" VPOS="1440" HPOS="1473" CONTENT="vt"/>
                  <SP HEIGHT="37" WIDTH="15" VPOS="1440" HPOS="1564"/>
                  <String HEIGHT="37"
                          WIDTH="180"
                          VPOS="1440"
                          HPOS="1519"
                          CONTENT="princeps"/>
                  <SP HEIGHT="37" WIDTH="15" VPOS="1440" HPOS="1699"/>
                  <String HEIGHT="37"
                          WIDTH="135"
                          VPOS="1440"
                          HPOS="1654"
                          CONTENT="solet"/>
                  <SP HEIGHT="37" WIDTH="15" VPOS="1440" HPOS="1789"/>
                  <String HEIGHT="37" WIDTH="90" VPOS="1440" HPOS="1744" CONTENT="in"/>
                  <SP HEIGHT="37" WIDTH="15" VPOS="1440" HPOS="1834"/>
                  <String HEIGHT="37"
                          WIDTH="211"
                          VPOS="1440"
                          HPOS="1789"
                          CONTENT="republica:"/>
                  <SP HEIGHT="37" WIDTH="15" VPOS="1440" HPOS="2000"/>
                  <String HEIGHT="37"
                          WIDTH="105"
                          VPOS="1440"
                          HPOS="1955"
                          CONTENT="vel"/>
                  <SP HEIGHT="37" WIDTH="15" VPOS="1440" HPOS="2060"/>
                  <String HEIGHT="37"
                          WIDTH="75"
                          VPOS="1440"
                          HPOS="2000"
                          CONTENT="ro"
                          SUBS_TYPE="HypPart1"
                          SUBS_CONTENT="romanuspontifex"/>
                  <HYP CONTENT="-"/>
               </TextLine>
               <TextLine ID="r1l70"
                         BASELINE="1524"
                         HEIGHT="46"
                         WIDTH="790"
                         VPOS="1478"
                         HPOS="1270">
                  <String HEIGHT="46"
                          WIDTH="280"
                          VPOS="1478"
                          HPOS="1254"
                          CONTENT="manuspontifex"
                          SUBS_TYPE="HypPart2"
                          SUBS_CONTENT="romanuspontifex"/>
                  <SP HEIGHT="46" WIDTH="16" VPOS="1478" HPOS="1533"/>
                  <String HEIGHT="46" WIDTH="99" VPOS="1478" HPOS="1484" CONTENT="in"/>
                  <SP HEIGHT="46" WIDTH="16" VPOS="1478" HPOS="1583"/>
                  <String HEIGHT="46"
                          WIDTH="132"
                          VPOS="1478"
                          HPOS="1533"
                          CONTENT="tota"/>
                  <SP HEIGHT="46" WIDTH="16" VPOS="1478" HPOS="1665"/>
                  <String HEIGHT="46"
                          WIDTH="214"
                          VPOS="1478"
                          HPOS="1616"
                          CONTENT="militante"/>
                  <SP HEIGHT="46" WIDTH="16" VPOS="1478" HPOS="1830"/>
                  <String HEIGHT="46"
                          WIDTH="214"
                          VPOS="1478"
                          HPOS="1780"
                          CONTENT="ecclesia."/>
                  <SP HEIGHT="46" WIDTH="16" VPOS="1478" HPOS="1994"/>
                  <String HEIGHT="46" WIDTH="82" VPOS="1478" HPOS="1945" CONTENT="â‹"/>
                  <SP HEIGHT="46" WIDTH="16" VPOS="1478" HPOS="2027"/>
                  <String HEIGHT="46"
                          WIDTH="99"
                          VPOS="1478"
                          HPOS="1961"
                          CONTENT="Ali"
                          SUBS_TYPE="HypPart1"
                          SUBS_CONTENT="Alius"/>
                  <HYP CONTENT="-"/>
               </TextLine>
               <TextLine ID="r1l72"
                         BASELINE="1556"
                         HEIGHT="42"
                         WIDTH="797"
                         VPOS="1514"
                         HPOS="1275">
                  <String HEIGHT="42"
                          WIDTH="82"
                          VPOS="1514"
                          HPOS="1261"
                          CONTENT="us"
                          SUBS_TYPE="HypPart2"
                          SUBS_CONTENT="Alius"/>
                  <SP HEIGHT="42" WIDTH="14" VPOS="1514" HPOS="1344"/>
                  <String HEIGHT="42"
                          WIDTH="137"
                          VPOS="1514"
                          HPOS="1302"
                          CONTENT="sensus"/>
                  <SP HEIGHT="42" WIDTH="14" VPOS="1514" HPOS="1440"/>
                  <String HEIGHT="42"
                          WIDTH="96"
                          VPOS="1514"
                          HPOS="1399"
                          CONTENT="est"/>
                  <SP HEIGHT="42" WIDTH="14" VPOS="1514" HPOS="1495"/>
                  <String HEIGHT="42"
                          WIDTH="110"
                          VPOS="1514"
                          HPOS="1454"
                          CONTENT="quod"/>
                  <SP HEIGHT="42" WIDTH="14" VPOS="1514" HPOS="1564"/>
                  <String HEIGHT="42"
                          WIDTH="137"
                          VPOS="1514"
                          HPOS="1522"
                          CONTENT="deuoti"/>
                  <SP HEIGHT="42" WIDTH="14" VPOS="1514" HPOS="1660"/>
                  <String HEIGHT="42"
                          WIDTH="165"
                          VPOS="1514"
                          HPOS="1619"
                          CONTENT="praesent"/>
                  <SP HEIGHT="42" WIDTH="14" VPOS="1514" HPOS="1783"/>
                  <String HEIGHT="42"
                          WIDTH="124"
                          VPOS="1514"
                          HPOS="1742"
                          CONTENT="orare"/>
                  <SP HEIGHT="42" WIDTH="14" VPOS="1514" HPOS="1866"/>
                  <String HEIGHT="42"
                          WIDTH="124"
                          VPOS="1514"
                          HPOS="1825"
                          CONTENT="deum:"/>
                  <SP HEIGHT="42" WIDTH="14" VPOS="1514" HPOS="1948"/>
                  <String HEIGHT="42" WIDTH="82" VPOS="1514" HPOS="1907" CONTENT="vt"/>
                  <SP HEIGHT="42" WIDTH="14" VPOS="1514" HPOS="1990"/>
                  <String HEIGHT="42"
                          WIDTH="110"
                          VPOS="1514"
                          HPOS="1948"
                          CONTENT="iste"/>
                  <SP HEIGHT="42" WIDTH="14" VPOS="1514" HPOS="2058"/>
                  <String HEIGHT="42"
                          WIDTH="69"
                          VPOS="1514"
                          HPOS="2003"
                          CONTENT="rex"/>
               </TextLine>
               <TextLine ID="r1l74"
                         BASELINE="1604"
                         HEIGHT="49"
                         WIDTH="794"
                         VPOS="1555"
                         HPOS="1269">
                  <String HEIGHT="49"
                          WIDTH="211"
                          VPOS="1555"
                          HPOS="1253"
                          CONTENT="continuet"/>
                  <SP HEIGHT="49" WIDTH="16" VPOS="1555" HPOS="1463"/>
                  <String HEIGHT="49"
                          WIDTH="146"
                          VPOS="1555"
                          HPOS="1415"
                          CONTENT="actum"/>
                  <SP HEIGHT="49" WIDTH="16" VPOS="1555" HPOS="1561"/>
                  <String HEIGHT="49"
                          WIDTH="130"
                          VPOS="1555"
                          HPOS="1512"
                          CONTENT="suum"/>
                  <SP HEIGHT="49" WIDTH="16" VPOS="1555" HPOS="1642"/>
                  <String HEIGHT="49"
                          WIDTH="162"
                          VPOS="1555"
                          HPOS="1593"
                          CONTENT="bonum:"/>
                  <SP HEIGHT="49" WIDTH="16" VPOS="1555" HPOS="1755"/>
                  <String HEIGHT="49" WIDTH="97" VPOS="1555" HPOS="1707" CONTENT="et"/>
                  <SP HEIGHT="49" WIDTH="16" VPOS="1555" HPOS="1804"/>
                  <String HEIGHT="49"
                          WIDTH="130"
                          VPOS="1555"
                          HPOS="1755"
                          CONTENT="quod"/>
                  <SP HEIGHT="49" WIDTH="16" VPOS="1555" HPOS="1885"/>
                  <String HEIGHT="49"
                          WIDTH="130"
                          VPOS="1555"
                          HPOS="1836"
                          CONTENT="deus"/>
                  <SP HEIGHT="49" WIDTH="16" VPOS="1555" HPOS="1966"/>
                  <String HEIGHT="49"
                          WIDTH="162"
                          VPOS="1555"
                          HPOS="1901"
                          CONTENT="speciali"/>
               </TextLine>
               <TextLine ID="r1l76"
                         BASELINE="1635"
                         HEIGHT="42"
                         WIDTH="797"
                         VPOS="1593"
                         HPOS="1269">
                  <String HEIGHT="42"
                          WIDTH="163"
                          VPOS="1593"
                          HPOS="1253"
                          CONTENT="numine"/>
                  <SP HEIGHT="42" WIDTH="16" VPOS="1593" HPOS="1415"/>
                  <String HEIGHT="42"
                          WIDTH="114"
                          VPOS="1593"
                          HPOS="1367"
                          CONTENT="eum"/>
                  <SP HEIGHT="42" WIDTH="16" VPOS="1593" HPOS="1480"/>
                  <String HEIGHT="42"
                          WIDTH="195"
                          VPOS="1593"
                          HPOS="1432"
                          CONTENT="protegat"/>
                  <SP HEIGHT="42" WIDTH="16" VPOS="1593" HPOS="1627"/>
                  <String HEIGHT="42" WIDTH="98" VPOS="1593" HPOS="1578" CONTENT="ab"/>
                  <SP HEIGHT="42" WIDTH="16" VPOS="1593" HPOS="1676"/>
                  <String HEIGHT="42"
                          WIDTH="211"
                          VPOS="1593"
                          HPOS="1627"
                          CONTENT="impetibus"/>
                  <SP HEIGHT="42" WIDTH="16" VPOS="1593" HPOS="1838"/>
                  <String HEIGHT="42"
                          WIDTH="195"
                          VPOS="1593"
                          HPOS="1789"
                          CONTENT="peccati:"/>
                  <SP HEIGHT="42" WIDTH="16" VPOS="1593" HPOS="1985"/>
                  <String HEIGHT="42" WIDTH="98" VPOS="1593" HPOS="1936" CONTENT="et"/>
                  <SP HEIGHT="42" WIDTH="16" VPOS="1593" HPOS="2033"/>
                  <String HEIGHT="42"
                          WIDTH="98"
                          VPOS="1593"
                          HPOS="1968"
                          CONTENT="quod"/>
               </TextLine>
               <TextLine ID="r1l77"
                         BASELINE="1674"
                         HEIGHT="48"
                         WIDTH="785"
                         VPOS="1626"
                         HPOS="1278">
                  <String HEIGHT="48"
                          WIDTH="102"
                          VPOS="1626"
                          HPOS="1263"
                          CONTENT="per"/>
                  <SP HEIGHT="48" WIDTH="15" VPOS="1626" HPOS="1365"/>
                  <String HEIGHT="48"
                          WIDTH="174"
                          VPOS="1626"
                          HPOS="1322"
                          CONTENT="proprios"/>
                  <SP HEIGHT="48" WIDTH="15" VPOS="1626" HPOS="1496"/>
                  <String HEIGHT="48"
                          WIDTH="131"
                          VPOS="1626"
                          HPOS="1452"
                          CONTENT="actus"/>
                  <SP HEIGHT="48" WIDTH="15" VPOS="1626" HPOS="1583"/>
                  <String HEIGHT="48"
                          WIDTH="189"
                          VPOS="1626"
                          HPOS="1540"
                          CONTENT="mereatur:"/>
                  <SP HEIGHT="48" WIDTH="15" VPOS="1626" HPOS="1729"/>
                  <String HEIGHT="48" WIDTH="87" VPOS="1626" HPOS="1685" CONTENT="et"/>
                  <SP HEIGHT="48" WIDTH="15" VPOS="1626" HPOS="1772"/>
                  <String HEIGHT="48"
                          WIDTH="116"
                          VPOS="1626"
                          HPOS="1729"
                          CONTENT="ille"/>
                  <SP HEIGHT="48" WIDTH="15" VPOS="1626" HPOS="1845"/>
                  <String HEIGHT="48"
                          WIDTH="145"
                          VPOS="1626"
                          HPOS="1801"
                          CONTENT="sensus"/>
                  <SP HEIGHT="48" WIDTH="15" VPOS="1626" HPOS="1947"/>
                  <String HEIGHT="48"
                          WIDTH="102"
                          VPOS="1626"
                          HPOS="1903"
                          CONTENT="est"/>
                  <SP HEIGHT="48" WIDTH="15" VPOS="1626" HPOS="2005"/>
                  <String HEIGHT="48"
                          WIDTH="116"
                          VPOS="1626"
                          HPOS="1947"
                          CONTENT="verus."/>
               </TextLine>
               <TextLine ID="r1l80"
                         BASELINE="1715"
                         HEIGHT="43"
                         WIDTH="791"
                         VPOS="1672"
                         HPOS="1275">
                  <String HEIGHT="43" WIDTH="69" VPOS="1672" HPOS="1261" CONTENT="â‹"/>
                  <SP HEIGHT="43" WIDTH="14" VPOS="1672" HPOS="1331"/>
                  <String HEIGHT="43"
                          WIDTH="97"
                          VPOS="1672"
                          HPOS="1289"
                          CONTENT="Sed"/>
                  <SP HEIGHT="43" WIDTH="14" VPOS="1672" HPOS="1386"/>
                  <String HEIGHT="43"
                          WIDTH="139"
                          VPOS="1672"
                          HPOS="1344"
                          CONTENT="contra"/>
                  <SP HEIGHT="43" WIDTH="14" VPOS="1672" HPOS="1483"/>
                  <String HEIGHT="43"
                          WIDTH="125"
                          VPOS="1672"
                          HPOS="1442"
                          CONTENT="istud"/>
                  <SP HEIGHT="43" WIDTH="14" VPOS="1672" HPOS="1566"/>
                  <String HEIGHT="43"
                          WIDTH="180"
                          VPOS="1672"
                          HPOS="1525"
                          CONTENT="arguitur."/>
                  <SP HEIGHT="43" WIDTH="14" VPOS="1672" HPOS="1705"/>
                  <String HEIGHT="43"
                          WIDTH="111"
                          VPOS="1672"
                          HPOS="1664"
                          CONTENT="quis"/>
                  <SP HEIGHT="43" WIDTH="14" VPOS="1672" HPOS="1775"/>
                  <String HEIGHT="43"
                          WIDTH="139"
                          VPOS="1672"
                          HPOS="1733"
                          CONTENT="potest"/>
                  <SP HEIGHT="43" WIDTH="14" VPOS="1672" HPOS="1872"/>
                  <String HEIGHT="43"
                          WIDTH="139"
                          VPOS="1672"
                          HPOS="1830"
                          CONTENT="alteri"/>
                  <SP HEIGHT="43" WIDTH="14" VPOS="1672" HPOS="1969"/>
                  <String HEIGHT="43"
                          WIDTH="153"
                          VPOS="1672"
                          HPOS="1913"
                          CONTENT="applicare"/>
               </TextLine>
               <TextLine ID="r1l83"
                         BASELINE="1749"
                         HEIGHT="45"
                         WIDTH="793"
                         VPOS="1704"
                         HPOS="1278">
                  <String HEIGHT="45"
                          WIDTH="108"
                          VPOS="1704"
                          HPOS="1265"
                          CONTENT="suum"/>
                  <SP HEIGHT="45" WIDTH="13" VPOS="1704" HPOS="1372"/>
                  <String HEIGHT="45"
                          WIDTH="148"
                          VPOS="1704"
                          HPOS="1332"
                          CONTENT="meritum"/>
                  <SP HEIGHT="45" WIDTH="13" VPOS="1704" HPOS="1480"/>
                  <String HEIGHT="45"
                          WIDTH="175"
                          VPOS="1704"
                          HPOS="1439"
                          CONTENT="proprium."/>
                  <SP HEIGHT="45" WIDTH="13" VPOS="1704" HPOS="1614"/>
                  <String HEIGHT="45"
                          WIDTH="121"
                          VPOS="1704"
                          HPOS="1574"
                          CONTENT="patet"/>
                  <SP HEIGHT="45" WIDTH="13" VPOS="1704" HPOS="1695"/>
                  <String HEIGHT="45" WIDTH="81" VPOS="1704" HPOS="1654" CONTENT="de"/>
                  <SP HEIGHT="45" WIDTH="13" VPOS="1704" HPOS="1735"/>
                  <String HEIGHT="45"
                          WIDTH="188"
                          VPOS="1704"
                          HPOS="1695"
                          CONTENT="celebrante"/>
                  <SP HEIGHT="45" WIDTH="13" VPOS="1704" HPOS="1883"/>
                  <String HEIGHT="45"
                          WIDTH="94"
                          VPOS="1704"
                          HPOS="1843"
                          CONTENT="pro"/>
                  <SP HEIGHT="45" WIDTH="13" VPOS="1704" HPOS="1937"/>
                  <String HEIGHT="45"
                          WIDTH="121"
                          VPOS="1704"
                          HPOS="1896"
                          CONTENT="alio."/>
                  <SP HEIGHT="45" WIDTH="13" VPOS="1704" HPOS="2017"/>
                  <String HEIGHT="45" WIDTH="67" VPOS="1704" HPOS="1977" CONTENT="â‹"/>
                  <SP HEIGHT="45" WIDTH="13" VPOS="1704" HPOS="2044"/>
                  <String HEIGHT="45"
                          WIDTH="81"
                          VPOS="1704"
                          HPOS="1990"
                          CONTENT="Item"/>
               </TextLine>
               <TextLine ID="r1l85"
                         BASELINE="1790"
                         HEIGHT="50"
                         WIDTH="790"
                         VPOS="1740"
                         HPOS="1272">
                  <String HEIGHT="50"
                          WIDTH="146"
                          VPOS="1740"
                          HPOS="1257"
                          CONTENT="potest"/>
                  <SP HEIGHT="50" WIDTH="15" VPOS="1740" HPOS="1404"/>
                  <String HEIGHT="50"
                          WIDTH="117"
                          VPOS="1740"
                          HPOS="1360"
                          CONTENT="esse"/>
                  <SP HEIGHT="50" WIDTH="15" VPOS="1740" HPOS="1477"/>
                  <String HEIGHT="50"
                          WIDTH="117"
                          VPOS="1740"
                          HPOS="1433"
                          CONTENT="quod"/>
                  <SP HEIGHT="50" WIDTH="15" VPOS="1740" HPOS="1550"/>
                  <String HEIGHT="50"
                          WIDTH="161"
                          VPOS="1740"
                          HPOS="1506"
                          CONTENT="aliquis"/>
                  <SP HEIGHT="50" WIDTH="15" VPOS="1740" HPOS="1667"/>
                  <String HEIGHT="50"
                          WIDTH="102"
                          VPOS="1740"
                          HPOS="1623"
                          CONTENT="pro"/>
                  <SP HEIGHT="50" WIDTH="15" VPOS="1740" HPOS="1726"/>
                  <String HEIGHT="50"
                          WIDTH="190"
                          VPOS="1740"
                          HPOS="1682"
                          CONTENT="dormiente"/>
                  <SP HEIGHT="50" WIDTH="15" VPOS="1740" HPOS="1872"/>
                  <String HEIGHT="50"
                          WIDTH="132"
                          VPOS="1740"
                          HPOS="1828"
                          CONTENT="plene"/>
                  <SP HEIGHT="50" WIDTH="15" VPOS="1740" HPOS="1960"/>
                  <String HEIGHT="50"
                          WIDTH="161"
                          VPOS="1740"
                          HPOS="1916"
                          CONTENT="purgato"/>
                  <SP HEIGHT="50" WIDTH="15" VPOS="1740" HPOS="2077"/>
                  <String HEIGHT="50" WIDTH="44" VPOS="1740" HPOS="2018" CONTENT="a"/>
               </TextLine>
               <TextLine ID="r1l87"
                         BASELINE="1826"
                         HEIGHT="45"
                         WIDTH="788"
                         VPOS="1781"
                         HPOS="1284">
                  <String HEIGHT="45"
                          WIDTH="175"
                          VPOS="1781"
                          HPOS="1269"
                          CONTENT="peccatis"/>
                  <SP HEIGHT="45" WIDTH="15" VPOS="1781" HPOS="1445"/>
                  <String HEIGHT="45"
                          WIDTH="102"
                          VPOS="1781"
                          HPOS="1401"
                          CONTENT="cui"/>
                  <SP HEIGHT="45" WIDTH="15" VPOS="1781" HPOS="1503"/>
                  <String HEIGHT="45"
                          WIDTH="131"
                          VPOS="1781"
                          HPOS="1459"
                          CONTENT="nulla"/>
                  <SP HEIGHT="45" WIDTH="15" VPOS="1781" HPOS="1590"/>
                  <String HEIGHT="45"
                          WIDTH="161"
                          VPOS="1781"
                          HPOS="1547"
                          CONTENT="debetur"/>
                  <SP HEIGHT="45" WIDTH="15" VPOS="1781" HPOS="1707"/>
                  <String HEIGHT="45"
                          WIDTH="117"
                          VPOS="1781"
                          HPOS="1663"
                          CONTENT="pena"/>
                  <SP HEIGHT="45" WIDTH="15" VPOS="1781" HPOS="1780"/>
                  <String HEIGHT="45" WIDTH="88" VPOS="1781" HPOS="1736" CONTENT="in"/>
                  <SP HEIGHT="45" WIDTH="15" VPOS="1781" HPOS="1824"/>
                  <String HEIGHT="45"
                          WIDTH="219"
                          VPOS="1781"
                          HPOS="1780"
                          CONTENT="purgatorio:"/>
                  <SP HEIGHT="45" WIDTH="15" VPOS="1781" HPOS="1999"/>
                  <String HEIGHT="45"
                          WIDTH="102"
                          VPOS="1781"
                          HPOS="1955"
                          CONTENT="qui"/>
                  <SP HEIGHT="45" WIDTH="15" VPOS="1781" HPOS="2057"/>
                  <String HEIGHT="45"
                          WIDTH="73"
                          VPOS="1781"
                          HPOS="1999"
                          CONTENT="sta"/>
               </TextLine>
               <TextLine ID="r1l89"
                         BASELINE="1862"
                         HEIGHT="45"
                         WIDTH="796"
                         VPOS="1817"
                         HPOS="1281">
                  <String HEIGHT="45"
                          WIDTH="94"
                          VPOS="1817"
                          HPOS="1268"
                          CONTENT="tim"/>
                  <SP HEIGHT="45" WIDTH="13" VPOS="1817" HPOS="1362"/>
                  <String HEIGHT="45"
                          WIDTH="108"
                          VPOS="1817"
                          HPOS="1321"
                          CONTENT="post"/>
                  <SP HEIGHT="45" WIDTH="13" VPOS="1817" HPOS="1429"/>
                  <String HEIGHT="45"
                          WIDTH="202"
                          VPOS="1817"
                          HPOS="1389"
                          CONTENT="dormitionem"/>
                  <SP HEIGHT="45" WIDTH="13" VPOS="1817" HPOS="1591"/>
                  <String HEIGHT="45"
                          WIDTH="148"
                          VPOS="1817"
                          HPOS="1551"
                          CONTENT="moritur"/>
                  <SP HEIGHT="45" WIDTH="13" VPOS="1817" HPOS="1699"/>
                  <String HEIGHT="45"
                          WIDTH="121"
                          VPOS="1817"
                          HPOS="1659"
                          CONTENT="oret:"/>
                  <SP HEIGHT="45" WIDTH="13" VPOS="1817" HPOS="1780"/>
                  <String HEIGHT="45"
                          WIDTH="108"
                          VPOS="1817"
                          HPOS="1740"
                          CONTENT="tunc"/>
                  <SP HEIGHT="45" WIDTH="13" VPOS="1817" HPOS="1848"/>
                  <String HEIGHT="45"
                          WIDTH="94"
                          VPOS="1817"
                          HPOS="1807"
                          CONTENT="sic"/>
                  <SP HEIGHT="45" WIDTH="13" VPOS="1817" HPOS="1902"/>
                  <String HEIGHT="45"
                          WIDTH="121"
                          VPOS="1817"
                          HPOS="1861"
                          CONTENT="orans"/>
                  <SP HEIGHT="45" WIDTH="13" VPOS="1817" HPOS="1983"/>
                  <String HEIGHT="45" WIDTH="81" VPOS="1817" HPOS="1942" CONTENT="ei"/>
                  <SP HEIGHT="45" WIDTH="13" VPOS="1817" HPOS="2023"/>
                  <String HEIGHT="45" WIDTH="81" VPOS="1817" HPOS="1983" CONTENT="in"/>
                  <SP HEIGHT="45" WIDTH="13" VPOS="1817" HPOS="2064"/>
                  <String HEIGHT="45"
                          WIDTH="67"
                          VPOS="1817"
                          HPOS="2010"
                          CONTENT="ali"/>
               </TextLine>
               <TextLine ID="r1l90"
                         BASELINE="1902"
                         HEIGHT="48"
                         WIDTH="793"
                         VPOS="1854"
                         HPOS="1279">
                  <String HEIGHT="48"
                          WIDTH="109"
                          VPOS="1854"
                          HPOS="1263"
                          CONTENT="quo"/>
                  <SP HEIGHT="48" WIDTH="16" VPOS="1854" HPOS="1372"/>
                  <String HEIGHT="48"
                          WIDTH="187"
                          VPOS="1854"
                          HPOS="1326"
                          CONTENT="valebit:"/>
                  <SP HEIGHT="48" WIDTH="16" VPOS="1854" HPOS="1512"/>
                  <String HEIGHT="48" WIDTH="93" VPOS="1854" HPOS="1466" CONTENT="et"/>
                  <SP HEIGHT="48" WIDTH="16" VPOS="1854" HPOS="1559"/>
                  <String HEIGHT="48"
                          WIDTH="109"
                          VPOS="1854"
                          HPOS="1512"
                          CONTENT="non"/>
                  <SP HEIGHT="48" WIDTH="16" VPOS="1854" HPOS="1621"/>
                  <String HEIGHT="48"
                          WIDTH="124"
                          VPOS="1854"
                          HPOS="1574"
                          CONTENT="nisi"/>
                  <SP HEIGHT="48" WIDTH="16" VPOS="1854" HPOS="1699"/>
                  <String HEIGHT="48" WIDTH="93" VPOS="1854" HPOS="1652" CONTENT="ad"/>
                  <SP HEIGHT="48" WIDTH="16" VPOS="1854" HPOS="1745"/>
                  <String HEIGHT="48"
                          WIDTH="202"
                          VPOS="1854"
                          HPOS="1699"
                          CONTENT="augmentum"/>
                  <SP HEIGHT="48" WIDTH="16" VPOS="1854" HPOS="1901"/>
                  <String HEIGHT="48"
                          WIDTH="171"
                          VPOS="1854"
                          HPOS="1854"
                          CONTENT="glorie."/>
                  <SP HEIGHT="48" WIDTH="16" VPOS="1854" HPOS="2025"/>
                  <String HEIGHT="48" WIDTH="78" VPOS="1854" HPOS="1979" CONTENT="â‹"/>
                  <SP HEIGHT="48" WIDTH="16" VPOS="1854" HPOS="2056"/>
                  <String HEIGHT="48"
                          WIDTH="78"
                          VPOS="1854"
                          HPOS="1994"
                          CONTENT="Re"
                          SUBS_TYPE="HypPart1"
                          SUBS_CONTENT="Respondetur"/>
                  <HYP CONTENT="-"/>
               </TextLine>
               <TextLine ID="r1l94"
                         BASELINE="1938"
                         HEIGHT="45"
                         WIDTH="779"
                         VPOS="1893"
                         HPOS="1281">
                  <String HEIGHT="45"
                          WIDTH="188"
                          VPOS="1893"
                          HPOS="1267"
                          CONTENT="spondetur"
                          SUBS_TYPE="HypPart2"
                          SUBS_CONTENT="Respondetur"/>
                  <SP HEIGHT="45" WIDTH="14" VPOS="1893" HPOS="1454"/>
                  <String HEIGHT="45"
                          WIDTH="115"
                          VPOS="1893"
                          HPOS="1411"
                          CONTENT="quod"/>
                  <SP HEIGHT="45" WIDTH="14" VPOS="1893" HPOS="1526"/>
                  <String HEIGHT="45"
                          WIDTH="115"
                          VPOS="1893"
                          HPOS="1483"
                          CONTENT="quis"/>
                  <SP HEIGHT="45" WIDTH="14" VPOS="1893" HPOS="1598"/>
                  <String HEIGHT="45"
                          WIDTH="144"
                          VPOS="1893"
                          HPOS="1555"
                          CONTENT="potest"/>
                  <SP HEIGHT="45" WIDTH="14" VPOS="1893" HPOS="1699"/>
                  <String HEIGHT="45"
                          WIDTH="188"
                          VPOS="1893"
                          HPOS="1656"
                          CONTENT="applicare"/>
                  <SP HEIGHT="45" WIDTH="14" VPOS="1893" HPOS="1844"/>
                  <String HEIGHT="45"
                          WIDTH="115"
                          VPOS="1893"
                          HPOS="1800"
                          CONTENT="suum"/>
                  <SP HEIGHT="45" WIDTH="14" VPOS="1893" HPOS="1916"/>
                  <String HEIGHT="45"
                          WIDTH="115"
                          VPOS="1893"
                          HPOS="1872"
                          CONTENT="opus"/>
                  <SP HEIGHT="45" WIDTH="14" VPOS="1893" HPOS="1988"/>
                  <String HEIGHT="45" WIDTH="87" VPOS="1893" HPOS="1945" CONTENT="ad"/>
                  <SP HEIGHT="45" WIDTH="14" VPOS="1893" HPOS="2031"/>
                  <String HEIGHT="45"
                          WIDTH="87"
                          VPOS="1893"
                          HPOS="1973"
                          CONTENT="libe"/>
               </TextLine>
               <TextLine ID="r1l96"
                         BASELINE="1974"
                         HEIGHT="43"
                         WIDTH="789"
                         VPOS="1931"
                         HPOS="1285">
                  <String HEIGHT="43"
                          WIDTH="155"
                          VPOS="1931"
                          HPOS="1272"
                          CONTENT="rationem"/>
                  <SP HEIGHT="43" WIDTH="13" VPOS="1931" HPOS="1427"/>
                  <String HEIGHT="43"
                          WIDTH="103"
                          VPOS="1931"
                          HPOS="1388"
                          CONTENT="pene"/>
                  <SP HEIGHT="43" WIDTH="13" VPOS="1931" HPOS="1492"/>
                  <String HEIGHT="43"
                          WIDTH="91"
                          VPOS="1931"
                          HPOS="1453"
                          CONTENT="pro"/>
                  <SP HEIGHT="43" WIDTH="13" VPOS="1931" HPOS="1544"/>
                  <String HEIGHT="43"
                          WIDTH="116"
                          VPOS="1931"
                          HPOS="1505"
                          CONTENT="alio:"/>
                  <SP HEIGHT="43" WIDTH="13" VPOS="1931" HPOS="1621"/>
                  <String HEIGHT="43"
                          WIDTH="91"
                          VPOS="1931"
                          HPOS="1582"
                          CONTENT="vel"/>
                  <SP HEIGHT="43" WIDTH="13" VPOS="1931" HPOS="1673"/>
                  <String HEIGHT="43" WIDTH="78" VPOS="1931" HPOS="1634" CONTENT="vt"/>
                  <SP HEIGHT="43" WIDTH="13" VPOS="1931" HPOS="1712"/>
                  <String HEIGHT="43"
                          WIDTH="116"
                          VPOS="1931"
                          HPOS="1673"
                          CONTENT="alter"/>
                  <SP HEIGHT="43" WIDTH="13" VPOS="1931" HPOS="1789"/>
                  <String HEIGHT="43"
                          WIDTH="181"
                          VPOS="1931"
                          HPOS="1751"
                          CONTENT="perseueret"/>
                  <SP HEIGHT="43" WIDTH="13" VPOS="1931" HPOS="1932"/>
                  <String HEIGHT="43" WIDTH="78" VPOS="1931" HPOS="1893" CONTENT="in"/>
                  <SP HEIGHT="43" WIDTH="13" VPOS="1931" HPOS="1971"/>
                  <String HEIGHT="43"
                          WIDTH="116"
                          VPOS="1931"
                          HPOS="1932"
                          CONTENT="bonis"/>
                  <SP HEIGHT="43" WIDTH="13" VPOS="1931" HPOS="2048"/>
                  <String HEIGHT="43"
                          WIDTH="78"
                          VPOS="1931"
                          HPOS="1996"
                          CONTENT="acti"/>
               </TextLine>
               <TextLine ID="r1l99"
                         BASELINE="2014"
                         HEIGHT="44"
                         WIDTH="790"
                         VPOS="1970"
                         HPOS="1282">
                  <String HEIGHT="44"
                          WIDTH="107"
                          VPOS="1970"
                          HPOS="1269"
                          CONTENT="bus:"/>
                  <SP HEIGHT="44" WIDTH="13" VPOS="1970" HPOS="1376"/>
                  <String HEIGHT="44" WIDTH="80" VPOS="1970" HPOS="1336" CONTENT="et"/>
                  <SP HEIGHT="44" WIDTH="13" VPOS="1970" HPOS="1416"/>
                  <String HEIGHT="44" WIDTH="80" VPOS="1970" HPOS="1376" CONTENT="vt"/>
                  <SP HEIGHT="44" WIDTH="13" VPOS="1970" HPOS="1456"/>
                  <String HEIGHT="44"
                          WIDTH="94"
                          VPOS="1970"
                          HPOS="1416"
                          CONTENT="non"/>
                  <SP HEIGHT="44" WIDTH="13" VPOS="1970" HPOS="1510"/>
                  <String HEIGHT="44"
                          WIDTH="161"
                          VPOS="1970"
                          HPOS="1469"
                          CONTENT="capiatur"/>
                  <SP HEIGHT="44" WIDTH="13" VPOS="1970" HPOS="1630"/>
                  <String HEIGHT="44" WIDTH="67" VPOS="1970" HPOS="1590" CONTENT="a"/>
                  <SP HEIGHT="44" WIDTH="13" VPOS="1970" HPOS="1657"/>
                  <String HEIGHT="44"
                          WIDTH="94"
                          VPOS="1970"
                          HPOS="1617"
                          CONTENT="deo"/>
                  <SP HEIGHT="44" WIDTH="13" VPOS="1970" HPOS="1710"/>
                  <String HEIGHT="44" WIDTH="80" VPOS="1970" HPOS="1670" CONTENT="in"/>
                  <SP HEIGHT="44" WIDTH="13" VPOS="1970" HPOS="1751"/>
                  <String HEIGHT="44"
                          WIDTH="107"
                          VPOS="1970"
                          HPOS="1710"
                          CONTENT="malo"/>
                  <SP HEIGHT="44" WIDTH="13" VPOS="1970" HPOS="1818"/>
                  <String HEIGHT="44"
                          WIDTH="134"
                          VPOS="1970"
                          HPOS="1777"
                          CONTENT="statu:"/>
                  <SP HEIGHT="44" WIDTH="13" VPOS="1970" HPOS="1911"/>
                  <String HEIGHT="44"
                          WIDTH="94"
                          VPOS="1970"
                          HPOS="1871"
                          CONTENT="Sed"/>
                  <SP HEIGHT="44" WIDTH="13" VPOS="1970" HPOS="1965"/>
                  <String HEIGHT="44"
                          WIDTH="94"
                          VPOS="1970"
                          HPOS="1925"
                          CONTENT="set"/>
                  <SP HEIGHT="44" WIDTH="13" VPOS="1970" HPOS="2018"/>
                  <String HEIGHT="44"
                          WIDTH="107"
                          VPOS="1970"
                          HPOS="1965"
                          CONTENT="vellet"/>
               </TextLine>
               <TextLine ID="r1l101"
                         BASELINE="2052"
                         HEIGHT="44"
                         WIDTH="798"
                         VPOS="2008"
                         HPOS="1278">
                  <String HEIGHT="44" WIDTH="74" VPOS="2008" HPOS="1266" CONTENT="ei"/>
                  <SP HEIGHT="44" WIDTH="12" VPOS="2008" HPOS="1339"/>
                  <String HEIGHT="44"
                          WIDTH="160"
                          VPOS="2008"
                          HPOS="1303"
                          CONTENT="applicare"/>
                  <SP HEIGHT="44" WIDTH="12" VPOS="2008" HPOS="1462"/>
                  <String HEIGHT="44"
                          WIDTH="110"
                          VPOS="2008"
                          HPOS="1425"
                          CONTENT="totam"/>
                  <SP HEIGHT="44" WIDTH="12" VPOS="2008" HPOS="1536"/>
                  <String HEIGHT="44"
                          WIDTH="98"
                          VPOS="2008"
                          HPOS="1499"
                          CONTENT="suam"/>
                  <SP HEIGHT="44" WIDTH="12" VPOS="2008" HPOS="1597"/>
                  <String HEIGHT="44"
                          WIDTH="135"
                          VPOS="2008"
                          HPOS="1560"
                          CONTENT="gratiam"/>
                  <SP HEIGHT="44" WIDTH="12" VPOS="2008" HPOS="1695"/>
                  <String HEIGHT="44" WIDTH="74" VPOS="2008" HPOS="1659" CONTENT="et"/>
                  <SP HEIGHT="44" WIDTH="12" VPOS="2008" HPOS="1732"/>
                  <String HEIGHT="44"
                          WIDTH="110"
                          VPOS="2008"
                          HPOS="1695"
                          CONTENT="omnia"/>
                  <SP HEIGHT="44" WIDTH="12" VPOS="2008" HPOS="1806"/>
                  <String HEIGHT="44"
                          WIDTH="86"
                          VPOS="2008"
                          HPOS="1769"
                          CONTENT="sua"/>
                  <SP HEIGHT="44" WIDTH="12" VPOS="2008" HPOS="1855"/>
                  <String HEIGHT="44"
                          WIDTH="110"
                          VPOS="2008"
                          HPOS="1818"
                          CONTENT="opera"/>
                  <SP HEIGHT="44" WIDTH="12" VPOS="2008" HPOS="1929"/>
                  <String HEIGHT="44"
                          WIDTH="123"
                          VPOS="2008"
                          HPOS="1892"
                          CONTENT="perper"/>
                  <SP HEIGHT="44" WIDTH="12" VPOS="2008" HPOS="2015"/>
                  <String HEIGHT="44"
                          WIDTH="110"
                          VPOS="2008"
                          HPOS="1966"
                          CONTENT="ordinem"/>
               </TextLine>
               <TextLine ID="r1l103"
                         BASELINE="2090"
                         HEIGHT="45"
                         WIDTH="793"
                         VPOS="2045"
                         HPOS="1284">
                  <String HEIGHT="45"
                          WIDTH="216"
                          VPOS="2045"
                          HPOS="1270"
                          CONTENT="charitatis:"/>
                  <SP HEIGHT="45" WIDTH="14" VPOS="2045" HPOS="1486"/>
                  <String HEIGHT="45"
                          WIDTH="115"
                          VPOS="2045"
                          HPOS="1443"
                          CONTENT="deus"/>
                  <SP HEIGHT="45" WIDTH="14" VPOS="2045" HPOS="1558"/>
                  <String HEIGHT="45"
                          WIDTH="101"
                          VPOS="2045"
                          HPOS="1515"
                          CONTENT="non"/>
                  <SP HEIGHT="45" WIDTH="14" VPOS="2045" HPOS="1616"/>
                  <String HEIGHT="45"
                          WIDTH="101"
                          VPOS="2045"
                          HPOS="1572"
                          CONTENT="sic"/>
                  <SP HEIGHT="45" WIDTH="14" VPOS="2045" HPOS="1673"/>
                  <String HEIGHT="45"
                          WIDTH="202"
                          VPOS="2045"
                          HPOS="1630"
                          CONTENT="acceptaret"/>
                  <SP HEIGHT="45" WIDTH="14" VPOS="2045" HPOS="1832"/>
                  <String HEIGHT="45"
                          WIDTH="130"
                          VPOS="2045"
                          HPOS="1789"
                          CONTENT="Iuxta"/>
                  <SP HEIGHT="45" WIDTH="14" VPOS="2045" HPOS="1918"/>
                  <String HEIGHT="45"
                          WIDTH="130"
                          VPOS="2045"
                          HPOS="1875"
                          CONTENT="illud"/>
                  <SP HEIGHT="45" WIDTH="14" VPOS="2045" HPOS="2005"/>
                  <String HEIGHT="45"
                          WIDTH="130"
                          VPOS="2045"
                          HPOS="1947"
                          CONTENT="secunde"/>
               </TextLine>
               <TextLine ID="r1l104"
                         BASELINE="2128"
                         HEIGHT="40"
                         WIDTH="797"
                         VPOS="2088"
                         HPOS="1284">
                  <String HEIGHT="40" WIDTH="82" VPOS="2088" HPOS="1270" CONTENT="ad"/>
                  <SP HEIGHT="40" WIDTH="14" VPOS="2088" HPOS="1353"/>
                  <String HEIGHT="40"
                          WIDTH="165"
                          VPOS="2088"
                          HPOS="1311"
                          CONTENT="corinth."/>
                  <SP HEIGHT="40" WIDTH="14" VPOS="2088" HPOS="1476"/>
                  <String HEIGHT="40" WIDTH="82" VPOS="2088" HPOS="1435" CONTENT="v."/>
                  <SP HEIGHT="40" WIDTH="14" VPOS="2088" HPOS="1518"/>
                  <String HEIGHT="40"
                          WIDTH="124"
                          VPOS="2088"
                          HPOS="1476"
                          CONTENT="omnes"/>
                  <SP HEIGHT="40" WIDTH="14" VPOS="2088" HPOS="1600"/>
                  <String HEIGHT="40"
                          WIDTH="96"
                          VPOS="2088"
                          HPOS="1559"
                          CONTENT="nos"/>
                  <SP HEIGHT="40" WIDTH="14" VPOS="2088" HPOS="1655"/>
                  <String HEIGHT="40"
                          WIDTH="206"
                          VPOS="2088"
                          HPOS="1614"
                          CONTENT="manifestari"/>
                  <SP HEIGHT="40" WIDTH="14" VPOS="2088" HPOS="1820"/>
                  <String HEIGHT="40"
                          WIDTH="151"
                          VPOS="2088"
                          HPOS="1779"
                          CONTENT="oportet"/>
                  <SP HEIGHT="40" WIDTH="14" VPOS="2088" HPOS="1930"/>
                  <String HEIGHT="40"
                          WIDTH="110"
                          VPOS="2088"
                          HPOS="1889"
                          CONTENT="ante"/>
                  <SP HEIGHT="40" WIDTH="14" VPOS="2088" HPOS="1999"/>
                  <String HEIGHT="40"
                          WIDTH="137"
                          VPOS="2088"
                          HPOS="1944"
                          CONTENT="tribunat"/>
               </TextLine>
               <TextLine ID="r1l107"
                         BASELINE="2160"
                         HEIGHT="40"
                         WIDTH="787"
                         VPOS="2120"
                         HPOS="1284">
                  <String HEIGHT="40"
                          WIDTH="152"
                          VPOS="2120"
                          HPOS="1271"
                          CONTENT="christi:"/>
                  <SP HEIGHT="40" WIDTH="13" VPOS="2120" HPOS="1424"/>
                  <String HEIGHT="40" WIDTH="76" VPOS="2120" HPOS="1386" CONTENT="vt"/>
                  <SP HEIGHT="40" WIDTH="13" VPOS="2120" HPOS="1462"/>
                  <String HEIGHT="40"
                          WIDTH="152"
                          VPOS="2120"
                          HPOS="1424"
                          CONTENT="recipiat"/>
                  <SP HEIGHT="40" WIDTH="13" VPOS="2120" HPOS="1576"/>
                  <String HEIGHT="40"
                          WIDTH="178"
                          VPOS="2120"
                          HPOS="1538"
                          CONTENT="vnusquique"/>
                  <SP HEIGHT="40" WIDTH="13" VPOS="2120" HPOS="1716"/>
                  <String HEIGHT="40"
                          WIDTH="89"
                          VPOS="2120"
                          HPOS="1678"
                          CONTENT="que"/>
                  <SP HEIGHT="40" WIDTH="13" VPOS="2120" HPOS="1766"/>
                  <String HEIGHT="40"
                          WIDTH="140"
                          VPOS="2120"
                          HPOS="1728"
                          CONTENT="gessit."/>
                  <SP HEIGHT="40" WIDTH="13" VPOS="2120" HPOS="1868"/>
                  <String HEIGHT="40" WIDTH="76" VPOS="2120" HPOS="1830" CONTENT="et"/>
                  <SP HEIGHT="40" WIDTH="13" VPOS="2120" HPOS="1906"/>
                  <String HEIGHT="40"
                          WIDTH="114"
                          VPOS="2120"
                          HPOS="1868"
                          CONTENT="prime"/>
                  <SP HEIGHT="40" WIDTH="13" VPOS="2120" HPOS="1982"/>
                  <String HEIGHT="40" WIDTH="76" VPOS="2120" HPOS="1944" CONTENT="ad"/>
                  <SP HEIGHT="40" WIDTH="13" VPOS="2120" HPOS="2020"/>
                  <String HEIGHT="40"
                          WIDTH="102"
                          VPOS="2120"
                          HPOS="1969"
                          CONTENT="corim."/>
               </TextLine>
               <TextLine ID="r1l109"
                         BASELINE="2202"
                         HEIGHT="41"
                         WIDTH="796"
                         VPOS="2161"
                         HPOS="1282">
                  <String HEIGHT="41"
                          WIDTH="116"
                          VPOS="2161"
                          HPOS="1268"
                          CONTENT="iii."/>
                  <SP HEIGHT="41" WIDTH="14" VPOS="2161" HPOS="1383"/>
                  <String HEIGHT="41"
                          WIDTH="217"
                          VPOS="2161"
                          HPOS="1340"
                          CONTENT="vnusquisque"/>
                  <SP HEIGHT="41" WIDTH="14" VPOS="2161" HPOS="1557"/>
                  <String HEIGHT="41"
                          WIDTH="174"
                          VPOS="2161"
                          HPOS="1514"
                          CONTENT="propriam"/>
                  <SP HEIGHT="41" WIDTH="14" VPOS="2161" HPOS="1687"/>
                  <String HEIGHT="41"
                          WIDTH="174"
                          VPOS="2161"
                          HPOS="1644"
                          CONTENT="mercedem"/>
                  <SP HEIGHT="41" WIDTH="14" VPOS="2161" HPOS="1817"/>
                  <String HEIGHT="41"
                          WIDTH="188"
                          VPOS="2161"
                          HPOS="1774"
                          CONTENT="accipiet."/>
                  <SP HEIGHT="41" WIDTH="14" VPOS="2161" HPOS="1962"/>
                  <String HEIGHT="41" WIDTH="72" VPOS="2161" HPOS="1919" CONTENT="â‹"/>
                  <SP HEIGHT="41" WIDTH="14" VPOS="2161" HPOS="1991"/>
                  <String HEIGHT="41" WIDTH="87" VPOS="2161" HPOS="1948" CONTENT="Ad"/>
                  <SP HEIGHT="41" WIDTH="14" VPOS="2161" HPOS="2035"/>
                  <String HEIGHT="41"
                          WIDTH="116"
                          VPOS="2161"
                          HPOS="1991"
                          CONTENT="alid"/>
                  <SP HEIGHT="41" WIDTH="14" VPOS="2161" HPOS="2107"/>
                  <String HEIGHT="41" WIDTH="29" VPOS="2161" HPOS="2049" CONTENT=""/>
               </TextLine>
               <TextLine ID="r1l110"
                         BASELINE="2239"
                         HEIGHT="44"
                         WIDTH="797"
                         VPOS="2195"
                         HPOS="1275">
                  <String HEIGHT="44"
                          WIDTH="105"
                          VPOS="2195"
                          HPOS="1262"
                          CONTENT="nego"/>
                  <SP HEIGHT="44" WIDTH="13" VPOS="2195" HPOS="1366"/>
                  <String HEIGHT="44"
                          WIDTH="105"
                          VPOS="2195"
                          HPOS="1327"
                          CONTENT="quod"/>
                  <SP HEIGHT="44" WIDTH="13" VPOS="2195" HPOS="1432"/>
                  <String HEIGHT="44"
                          WIDTH="144"
                          VPOS="2195"
                          HPOS="1393"
                          CONTENT="aliquis"/>
                  <SP HEIGHT="44" WIDTH="13" VPOS="2195" HPOS="1536"/>
                  <String HEIGHT="44"
                          WIDTH="157"
                          VPOS="2195"
                          HPOS="1497"
                          CONTENT="mereatur"/>
                  <SP HEIGHT="44" WIDTH="13" VPOS="2195" HPOS="1654"/>
                  <String HEIGHT="44"
                          WIDTH="105"
                          VPOS="2195"
                          HPOS="1615"
                          CONTENT="illi"/>
                  <SP HEIGHT="44" WIDTH="13" VPOS="2195" HPOS="1719"/>
                  <String HEIGHT="44"
                          WIDTH="170"
                          VPOS="2195"
                          HPOS="1680"
                          CONTENT="dormienti"/>
                  <SP HEIGHT="44" WIDTH="13" VPOS="2195" HPOS="1850"/>
                  <String HEIGHT="44"
                          WIDTH="144"
                          VPOS="2195"
                          HPOS="1811"
                          CONTENT="gratiam"/>
                  <SP HEIGHT="44" WIDTH="13" VPOS="2195" HPOS="1954"/>
                  <String HEIGHT="44" WIDTH="78" VPOS="2195" HPOS="1915" CONTENT="et"/>
                  <SP HEIGHT="44" WIDTH="13" VPOS="2195" HPOS="1994"/>
                  <String HEIGHT="44"
                          WIDTH="131"
                          VPOS="2195"
                          HPOS="1941"
                          CONTENT="gerliam."/>
               </TextLine>
               <TextLine ID="r1l112"
                         BASELINE="2276"
                         HEIGHT="43"
                         WIDTH="787"
                         VPOS="2233"
                         HPOS="1281">
                  <String HEIGHT="43" WIDTH="69" VPOS="2233" HPOS="1267" CONTENT="â‹"/>
                  <SP HEIGHT="43" WIDTH="14" VPOS="2233" HPOS="1336"/>
                  <String HEIGHT="43"
                          WIDTH="152"
                          VPOS="2233"
                          HPOS="1295"
                          CONTENT="Secundo"/>
                  <SP HEIGHT="43" WIDTH="14" VPOS="2233" HPOS="1447"/>
                  <String HEIGHT="43"
                          WIDTH="179"
                          VPOS="2233"
                          HPOS="1405"
                          CONTENT="arguitur:"/>
                  <SP HEIGHT="43" WIDTH="14" VPOS="2233" HPOS="1585"/>
                  <String HEIGHT="43"
                          WIDTH="138"
                          VPOS="2233"
                          HPOS="1543"
                          CONTENT="beatus"/>
                  <SP HEIGHT="43" WIDTH="14" VPOS="2233" HPOS="1681"/>
                  <String HEIGHT="43"
                          WIDTH="152"
                          VPOS="2233"
                          HPOS="1640"
                          CONTENT="august."/>
                  <SP HEIGHT="43" WIDTH="14" VPOS="2233" HPOS="1792"/>
                  <String HEIGHT="43" WIDTH="83" VPOS="2233" HPOS="1750" CONTENT="in"/>
                  <SP HEIGHT="43" WIDTH="14" VPOS="2233" HPOS="1833"/>
                  <String HEIGHT="43"
                          WIDTH="124"
                          VPOS="2233"
                          HPOS="1792"
                          CONTENT="libro"/>
                  <SP HEIGHT="43" WIDTH="14" VPOS="2233" HPOS="1916"/>
                  <String HEIGHT="43" WIDTH="83" VPOS="2233" HPOS="1875" CONTENT="de"/>
                  <SP HEIGHT="43" WIDTH="14" VPOS="2233" HPOS="1958"/>
                  <String HEIGHT="43"
                          WIDTH="110"
                          VPOS="2233"
                          HPOS="1916"
                          CONTENT="vita"/>
                  <SP HEIGHT="43" WIDTH="14" VPOS="2233" HPOS="2027"/>
                  <String HEIGHT="43"
                          WIDTH="97"
                          VPOS="2233"
                          HPOS="1971"
                          CONTENT="beata"/>
               </TextLine>
               <TextLine ID="r1l114"
                         BASELINE="2312"
                         HEIGHT="41"
                         WIDTH="789"
                         VPOS="2271"
                         HPOS="1277">
                  <String HEIGHT="41"
                          WIDTH="180"
                          VPOS="2271"
                          HPOS="1263"
                          CONTENT="capitulo."/>
                  <SP HEIGHT="41" WIDTH="14" VPOS="2271" HPOS="1443"/>
                  <String HEIGHT="41"
                          WIDTH="125"
                          VPOS="2271"
                          HPOS="1402"
                          CONTENT="iiii."/>
                  <SP HEIGHT="41" WIDTH="14" VPOS="2271" HPOS="1526"/>
                  <String HEIGHT="41"
                          WIDTH="152"
                          VPOS="2271"
                          HPOS="1485"
                          CONTENT="meritis"/>
                  <SP HEIGHT="41" WIDTH="14" VPOS="2271" HPOS="1637"/>
                  <String HEIGHT="41"
                          WIDTH="138"
                          VPOS="2271"
                          HPOS="1595"
                          CONTENT="matris"/>
                  <SP HEIGHT="41" WIDTH="14" VPOS="2271" HPOS="1734"/>
                  <String HEIGHT="41"
                          WIDTH="97"
                          VPOS="2271"
                          HPOS="1692"
                          CONTENT="mee"/>
                  <SP HEIGHT="41" WIDTH="14" VPOS="2271" HPOS="1789"/>
                  <String HEIGHT="41"
                          WIDTH="125"
                          VPOS="2271"
                          HPOS="1748"
                          CONTENT="viuo."/>
                  <SP HEIGHT="41" WIDTH="14" VPOS="2271" HPOS="1872"/>
                  <String HEIGHT="41" WIDTH="83" VPOS="2271" HPOS="1831" CONTENT="et"/>
                  <SP HEIGHT="41" WIDTH="14" VPOS="2271" HPOS="1914"/>
                  <String HEIGHT="41" WIDTH="83" VPOS="2271" HPOS="1872" CONTENT="in"/>
                  <SP HEIGHT="41" WIDTH="14" VPOS="2271" HPOS="1955"/>
                  <String HEIGHT="41"
                          WIDTH="111"
                          VPOS="2271"
                          HPOS="1914"
                          CONTENT="lib."/>
                  <SP HEIGHT="41" WIDTH="14" VPOS="2271" HPOS="2024"/>
                  <String HEIGHT="41"
                          WIDTH="97"
                          VPOS="2271"
                          HPOS="1969"
                          CONTENT="iiii."/>
               </TextLine>
               <TextLine ID="r1l116"
                         BASELINE="2351"
                         HEIGHT="44"
                         WIDTH="795"
                         VPOS="2307"
                         HPOS="1277">
                  <String HEIGHT="44"
                          WIDTH="137"
                          VPOS="2307"
                          HPOS="1263"
                          CONTENT="contra"/>
                  <SP HEIGHT="44" WIDTH="14" VPOS="2307" HPOS="1400"/>
                  <String HEIGHT="44"
                          WIDTH="178"
                          VPOS="2307"
                          HPOS="1359"
                          CONTENT="iulianum."/>
                  <SP HEIGHT="44" WIDTH="14" VPOS="2307" HPOS="1537"/>
                  <String HEIGHT="44"
                          WIDTH="110"
                          VPOS="2307"
                          HPOS="1496"
                          CONTENT="orat"/>
                  <SP HEIGHT="44" WIDTH="14" VPOS="2307" HPOS="1606"/>
                  <String HEIGHT="44"
                          WIDTH="164"
                          VPOS="2307"
                          HPOS="1565"
                          CONTENT="ecclesia"/>
                  <SP HEIGHT="44" WIDTH="14" VPOS="2307" HPOS="1729"/>
                  <String HEIGHT="44" WIDTH="82" VPOS="2307" HPOS="1688" CONTENT="vt"/>
                  <SP HEIGHT="44" WIDTH="14" VPOS="2307" HPOS="1770"/>
                  <String HEIGHT="44"
                          WIDTH="123"
                          VPOS="2307"
                          HPOS="1729"
                          CONTENT="detur"/>
                  <SP HEIGHT="44" WIDTH="14" VPOS="2307" HPOS="1853"/>
                  <String HEIGHT="44"
                          WIDTH="123"
                          VPOS="2307"
                          HPOS="1812"
                          CONTENT="malis"/>
                  <SP HEIGHT="44" WIDTH="14" VPOS="2307" HPOS="1935"/>
                  <String HEIGHT="44"
                          WIDTH="123"
                          VPOS="2307"
                          HPOS="1894"
                          CONTENT="prima"/>
                  <SP HEIGHT="44" WIDTH="14" VPOS="2307" HPOS="2017"/>
                  <String HEIGHT="44"
                          WIDTH="110"
                          VPOS="2307"
                          HPOS="1962"
                          CONTENT="gratia"/>
               </TextLine>
               <TextLine ID="r1l118"
                         BASELINE="2394"
                         HEIGHT="47"
                         WIDTH="797"
                         VPOS="2347"
                         HPOS="1281">
                  <String HEIGHT="47"
                          WIDTH="105"
                          VPOS="2347"
                          HPOS="1266"
                          CONTENT="sed"/>
                  <SP HEIGHT="47" WIDTH="15" VPOS="2347" HPOS="1371"/>
                  <String HEIGHT="47"
                          WIDTH="105"
                          VPOS="2347"
                          HPOS="1326"
                          CONTENT="non"/>
                  <SP HEIGHT="47" WIDTH="15" VPOS="2347" HPOS="1431"/>
                  <String HEIGHT="47"
                          WIDTH="211"
                          VPOS="2347"
                          HPOS="1386"
                          CONTENT="semperorat"/>
                  <SP HEIGHT="47" WIDTH="15" VPOS="2347" HPOS="1597"/>
                  <String HEIGHT="47"
                          WIDTH="135"
                          VPOS="2347"
                          HPOS="1552"
                          CONTENT="vane."/>
                  <SP HEIGHT="47" WIDTH="15" VPOS="2347" HPOS="1687"/>
                  <String HEIGHT="47"
                          WIDTH="120"
                          VPOS="2347"
                          HPOS="1642"
                          CONTENT="ergo"/>
                  <SP HEIGHT="47" WIDTH="15" VPOS="2347" HPOS="1762"/>
                  <String HEIGHT="47"
                          WIDTH="150"
                          VPOS="2347"
                          HPOS="1717"
                          CONTENT="alteri"/>
                  <SP HEIGHT="47" WIDTH="15" VPOS="2347" HPOS="1867"/>
                  <String HEIGHT="47"
                          WIDTH="165"
                          VPOS="2347"
                          HPOS="1822"
                          CONTENT="meretur"/>
                  <SP HEIGHT="47" WIDTH="15" VPOS="2347" HPOS="1988"/>
                  <String HEIGHT="47" WIDTH="90" VPOS="2347" HPOS="1943" CONTENT="vt"/>
                  <SP HEIGHT="47" WIDTH="15" VPOS="2347" HPOS="2033"/>
                  <String HEIGHT="47"
                          WIDTH="105"
                          VPOS="2347"
                          HPOS="1973"
                          CONTENT="detur"/>
               </TextLine>
               <TextLine ID="r1l120"
                         BASELINE="2433"
                         HEIGHT="47"
                         WIDTH="796"
                         VPOS="2386"
                         HPOS="1285">
                  <String HEIGHT="47" WIDTH="82" VPOS="2386" HPOS="1271" CONTENT="ei"/>
                  <SP HEIGHT="47" WIDTH="14" VPOS="2386" HPOS="1354"/>
                  <String HEIGHT="47"
                          WIDTH="124"
                          VPOS="2386"
                          HPOS="1312"
                          CONTENT="prima"/>
                  <SP HEIGHT="47" WIDTH="14" VPOS="2386" HPOS="1436"/>
                  <String HEIGHT="47"
                          WIDTH="151"
                          VPOS="2386"
                          HPOS="1395"
                          CONTENT="gratia."/>
                  <SP HEIGHT="47" WIDTH="14" VPOS="2386" HPOS="1546"/>
                  <String HEIGHT="47" WIDTH="82" VPOS="2386" HPOS="1505" CONTENT="Et"/>
                  <SP HEIGHT="47" WIDTH="14" VPOS="2386" HPOS="1587"/>
                  <String HEIGHT="47"
                          WIDTH="124"
                          VPOS="2386"
                          HPOS="1546"
                          CONTENT="istud"/>
                  <SP HEIGHT="47" WIDTH="14" VPOS="2386" HPOS="1669"/>
                  <String HEIGHT="47"
                          WIDTH="137"
                          VPOS="2386"
                          HPOS="1628"
                          CONTENT="potest"/>
                  <SP HEIGHT="47" WIDTH="14" VPOS="2386" HPOS="1765"/>
                  <String HEIGHT="47"
                          WIDTH="165"
                          VPOS="2386"
                          HPOS="1724"
                          CONTENT="colorari"/>
                  <SP HEIGHT="47" WIDTH="14" VPOS="2386" HPOS="1889"/>
                  <String HEIGHT="47"
                          WIDTH="96"
                          VPOS="2386"
                          HPOS="1848"
                          CONTENT="per"/>
                  <SP HEIGHT="47" WIDTH="14" VPOS="2386" HPOS="1944"/>
                  <String HEIGHT="47"
                          WIDTH="137"
                          VPOS="2386"
                          HPOS="1903"
                          CONTENT="beatum"/>
                  <SP HEIGHT="47" WIDTH="14" VPOS="2386" HPOS="2040"/>
                  <String HEIGHT="47"
                          WIDTH="96"
                          VPOS="2386"
                          HPOS="1985"
                          CONTENT="augu."/>
               </TextLine>
               <TextLine ID="r1l122"
                         BASELINE="2469"
                         HEIGHT="46"
                         WIDTH="799"
                         VPOS="2423"
                         HPOS="1281">
                  <String HEIGHT="46"
                          WIDTH="116"
                          VPOS="2423"
                          HPOS="1266"
                          CONTENT="xxi."/>
                  <SP HEIGHT="46" WIDTH="15" VPOS="2423" HPOS="1383"/>
                  <String HEIGHT="46" WIDTH="87" VPOS="2423" HPOS="1339" CONTENT="de"/>
                  <SP HEIGHT="46" WIDTH="15" VPOS="2423" HPOS="1426"/>
                  <String HEIGHT="46"
                          WIDTH="174"
                          VPOS="2423"
                          HPOS="1383"
                          CONTENT="ciuitate"/>
                  <SP HEIGHT="46" WIDTH="15" VPOS="2423" HPOS="1557"/>
                  <String HEIGHT="46"
                          WIDTH="102"
                          VPOS="2423"
                          HPOS="1513"
                          CONTENT="dei"/>
                  <SP HEIGHT="46" WIDTH="15" VPOS="2423" HPOS="1615"/>
                  <String HEIGHT="46"
                          WIDTH="145"
                          VPOS="2423"
                          HPOS="1572"
                          CONTENT="capit."/>
                  <SP HEIGHT="46" WIDTH="15" VPOS="2423" HPOS="1717"/>
                  <String HEIGHT="46"
                          WIDTH="145"
                          VPOS="2423"
                          HPOS="1673"
                          CONTENT="vltoin"/>
                  <SP HEIGHT="46" WIDTH="15" VPOS="2423" HPOS="1819"/>
                  <String HEIGHT="46"
                          WIDTH="203"
                          VPOS="2423"
                          HPOS="1775"
                          CONTENT="allegantem"/>
                  <SP HEIGHT="46" WIDTH="15" VPOS="2423" HPOS="1978"/>
                  <String HEIGHT="46"
                          WIDTH="116"
                          VPOS="2423"
                          HPOS="1935"
                          CONTENT="illu"/>
                  <SP HEIGHT="46" WIDTH="15" VPOS="2423" HPOS="2051"/>
                  <String HEIGHT="46"
                          WIDTH="87"
                          VPOS="2423"
                          HPOS="1993"
                          CONTENT="Mat"
                          SUBS_TYPE="HypPart1"
                          SUBS_CONTENT="Matthi."/>
                  <HYP CONTENT="-"/>
               </TextLine>
               <TextLine ID="r1l125"
                         BASELINE="2505"
                         HEIGHT="46"
                         WIDTH="793"
                         VPOS="2459"
                         HPOS="1287">
                  <String HEIGHT="46"
                          WIDTH="113"
                          VPOS="2459"
                          HPOS="1273"
                          CONTENT="thi."
                          SUBS_TYPE="HypPart2"
                          SUBS_CONTENT="Matthi."/>
                  <SP HEIGHT="46" WIDTH="14" VPOS="2459" HPOS="1386"/>
                  <String HEIGHT="46" WIDTH="85" VPOS="2459" HPOS="1344" CONTENT="x."/>
                  <SP HEIGHT="46" WIDTH="14" VPOS="2459" HPOS="1429"/>
                  <String HEIGHT="46"
                          WIDTH="99"
                          VPOS="2459"
                          HPOS="1386"
                          CONTENT="qui"/>
                  <SP HEIGHT="46" WIDTH="14" VPOS="2459" HPOS="1485"/>
                  <String HEIGHT="46"
                          WIDTH="156"
                          VPOS="2459"
                          HPOS="1443"
                          CONTENT="recipit"/>
                  <SP HEIGHT="46" WIDTH="14" VPOS="2459" HPOS="1599"/>
                  <String HEIGHT="46"
                          WIDTH="184"
                          VPOS="2459"
                          HPOS="1556"
                          CONTENT="prophetam"/>
                  <SP HEIGHT="46" WIDTH="14" VPOS="2459" HPOS="1740"/>
                  <String HEIGHT="46" WIDTH="85" VPOS="2459" HPOS="1698" CONTENT="in"/>
                  <SP HEIGHT="46" WIDTH="14" VPOS="2459" HPOS="1783"/>
                  <String HEIGHT="46"
                          WIDTH="127"
                          VPOS="2459"
                          HPOS="1740"
                          CONTENT="noine"/>
                  <SP HEIGHT="46" WIDTH="14" VPOS="2459" HPOS="1868"/>
                  <String HEIGHT="46"
                          WIDTH="170"
                          VPOS="2459"
                          HPOS="1825"
                          CONTENT="prophete"/>
                  <SP HEIGHT="46" WIDTH="14" VPOS="2459" HPOS="1995"/>
                  <String HEIGHT="46"
                          WIDTH="142"
                          VPOS="2459"
                          HPOS="1938"
                          CONTENT="mercedem"/>
               </TextLine>
               <TextLine ID="r1l127"
                         BASELINE="2545"
                         HEIGHT="48"
                         WIDTH="797"
                         VPOS="2497"
                         HPOS="1280">
                  <String HEIGHT="48"
                          WIDTH="191"
                          VPOS="2497"
                          HPOS="1264"
                          CONTENT="prophete"/>
                  <SP HEIGHT="48" WIDTH="16" VPOS="2497" HPOS="1455"/>
                  <String HEIGHT="48"
                          WIDTH="207"
                          VPOS="2497"
                          HPOS="1408"
                          CONTENT="accipiet."/>
                  <SP HEIGHT="48" WIDTH="16" VPOS="2497" HPOS="1615"/>
                  <String HEIGHT="48" WIDTH="96" VPOS="2497" HPOS="1567" CONTENT="et"/>
                  <SP HEIGHT="48" WIDTH="16" VPOS="2497" HPOS="1663"/>
                  <String HEIGHT="48" WIDTH="96" VPOS="2497" HPOS="1615" CONTENT="ad"/>
                  <SP HEIGHT="48" WIDTH="16" VPOS="2497" HPOS="1710"/>
                  <String HEIGHT="48"
                          WIDTH="112"
                          VPOS="2497"
                          HPOS="1663"
                          CONTENT="hoc"/>
                  <SP HEIGHT="48" WIDTH="16" VPOS="2497" HPOS="1774"/>
                  <String HEIGHT="48"
                          WIDTH="175"
                          VPOS="2497"
                          HPOS="1726"
                          CONTENT="maronem"/>
                  <SP HEIGHT="48" WIDTH="16" VPOS="2497" HPOS="1902"/>
                  <String HEIGHT="48"
                          WIDTH="143"
                          VPOS="2497"
                          HPOS="1854"
                          CONTENT="sexto"/>
                  <SP HEIGHT="48" WIDTH="16" VPOS="2497" HPOS="1997"/>
                  <String HEIGHT="48"
                          WIDTH="143"
                          VPOS="2497"
                          HPOS="1934"
                          CONTENT="eneidos"/>
               </TextLine>
               <TextLine ID="r1l128"
                         BASELINE="2580"
                         HEIGHT="40"
                         WIDTH="781"
                         VPOS="2540"
                         HPOS="1290">
                  <String HEIGHT="40"
                          WIDTH="138"
                          VPOS="2540"
                          HPOS="1275"
                          CONTENT="citat"/>
                  <SP HEIGHT="40" WIDTH="15" VPOS="2540" HPOS="1413"/>
                  <String HEIGHT="40"
                          WIDTH="107"
                          VPOS="2540"
                          HPOS="1367"
                          CONTENT="sic"/>
                  <SP HEIGHT="40" WIDTH="15" VPOS="2540" HPOS="1474"/>
                  <String HEIGHT="40"
                          WIDTH="184"
                          VPOS="2540"
                          HPOS="1428"
                          CONTENT="inquens:"/>
                  <SP HEIGHT="40" WIDTH="15" VPOS="2540" HPOS="1612"/>
                  <String HEIGHT="40"
                          WIDTH="107"
                          VPOS="2540"
                          HPOS="1566"
                          CONTENT="nam"/>
                  <SP HEIGHT="40" WIDTH="15" VPOS="2540" HPOS="1673"/>
                  <String HEIGHT="40"
                          WIDTH="107"
                          VPOS="2540"
                          HPOS="1627"
                          CONTENT="cum"/>
                  <SP HEIGHT="40" WIDTH="15" VPOS="2540" HPOS="1734"/>
                  <String HEIGHT="40"
                          WIDTH="168"
                          VPOS="2540"
                          HPOS="1688"
                          CONTENT="elisios"/>
                  <SP HEIGHT="40" WIDTH="15" VPOS="2540" HPOS="1857"/>
                  <String HEIGHT="40"
                          WIDTH="230"
                          VPOS="2540"
                          HPOS="1811"
                          CONTENT="campospoeta"/>
                  <SP HEIGHT="40" WIDTH="15" VPOS="2540" HPOS="2040"/>
                  <String HEIGHT="40"
                          WIDTH="92"
                          VPOS="2540"
                          HPOS="1979"
                          CONTENT="ille"/>
               </TextLine>
               <TextLine ID="r1l131"
                         BASELINE="2622"
                         HEIGHT="48"
                         WIDTH="787"
                         VPOS="2574"
                         HPOS="1291">
                  <String HEIGHT="48"
                          WIDTH="197"
                          VPOS="2574"
                          HPOS="1277"
                          CONTENT="desciberet"/>
                  <SP HEIGHT="48" WIDTH="14" VPOS="2574" HPOS="1474"/>
                  <String HEIGHT="48"
                          WIDTH="98"
                          VPOS="2574"
                          HPOS="1432"
                          CONTENT="vbi"/>
                  <SP HEIGHT="48" WIDTH="14" VPOS="2574" HPOS="1530"/>
                  <String HEIGHT="48"
                          WIDTH="141"
                          VPOS="2574"
                          HPOS="1488"
                          CONTENT="putant"/>
                  <SP HEIGHT="48" WIDTH="14" VPOS="2574" HPOS="1628"/>
                  <String HEIGHT="48"
                          WIDTH="169"
                          VPOS="2574"
                          HPOS="1586"
                          CONTENT="habitare"/>
                  <SP HEIGHT="48" WIDTH="14" VPOS="2574" HPOS="1755"/>
                  <String HEIGHT="48"
                          WIDTH="141"
                          VPOS="2574"
                          HPOS="1713"
                          CONTENT="animas"/>
                  <SP HEIGHT="48" WIDTH="14" VPOS="2574" HPOS="1853"/>
                  <String HEIGHT="48"
                          WIDTH="197"
                          VPOS="2574"
                          HPOS="1811"
                          CONTENT="sanctorum:"/>
                  <SP HEIGHT="48" WIDTH="14" VPOS="2574" HPOS="2008"/>
                  <String HEIGHT="48"
                          WIDTH="98"
                          VPOS="2574"
                          HPOS="1966"
                          CONTENT="non"/>
                  <SP HEIGHT="48" WIDTH="14" VPOS="2574" HPOS="2064"/>
                  <String HEIGHT="48"
                          WIDTH="70"
                          VPOS="2574"
                          HPOS="2008"
                          CONTENT="so"
                          SUBS_TYPE="HypPart1"
                          SUBS_CONTENT="solum"/>
                  <HYP CONTENT="-"/>
               </TextLine>
               <TextLine ID="r1l133"
                         BASELINE="2649"
                         HEIGHT="40"
                         WIDTH="799"
                         VPOS="2609"
                         HPOS="1279">
                  <String HEIGHT="40"
                          WIDTH="104"
                          VPOS="2609"
                          HPOS="1264"
                          CONTENT="lum"
                          SUBS_TYPE="HypPart2"
                          SUBS_CONTENT="solum"/>
                  <SP HEIGHT="40" WIDTH="15" VPOS="2609" HPOS="1368"/>
                  <String HEIGHT="40"
                          WIDTH="104"
                          VPOS="2609"
                          HPOS="1323"
                          CONTENT="ibi"/>
                  <SP HEIGHT="40" WIDTH="15" VPOS="2609" HPOS="1427"/>
                  <String HEIGHT="40"
                          WIDTH="148"
                          VPOS="2609"
                          HPOS="1383"
                          CONTENT="posuit"/>
                  <SP HEIGHT="40" WIDTH="15" VPOS="2609" HPOS="1531"/>
                  <String HEIGHT="40"
                          WIDTH="104"
                          VPOS="2609"
                          HPOS="1486"
                          CONTENT="eos"/>
                  <SP HEIGHT="40" WIDTH="15" VPOS="2609" HPOS="1590"/>
                  <String HEIGHT="40"
                          WIDTH="104"
                          VPOS="2609"
                          HPOS="1545"
                          CONTENT="qui"/>
                  <SP HEIGHT="40" WIDTH="15" VPOS="2609" HPOS="1649"/>
                  <String HEIGHT="40"
                          WIDTH="178"
                          VPOS="2609"
                          HPOS="1605"
                          CONTENT="propriis"/>
                  <SP HEIGHT="40" WIDTH="15" VPOS="2609" HPOS="1782"/>
                  <String HEIGHT="40"
                          WIDTH="163"
                          VPOS="2609"
                          HPOS="1738"
                          CONTENT="meritis"/>
                  <SP HEIGHT="40" WIDTH="15" VPOS="2609" HPOS="1900"/>
                  <String HEIGHT="40" WIDTH="89" VPOS="2609" HPOS="1856" CONTENT="ad"/>
                  <SP HEIGHT="40" WIDTH="15" VPOS="2609" HPOS="1945"/>
                  <String HEIGHT="40"
                          WIDTH="133"
                          VPOS="2609"
                          HPOS="1900"
                          CONTENT="illas"/>
                  <SP HEIGHT="40" WIDTH="15" VPOS="2609" HPOS="2034"/>
                  <String HEIGHT="40"
                          WIDTH="104"
                          VPOS="2609"
                          HPOS="1974"
                          CONTENT="sedes"/>
               </TextLine>
               <TextLine ID="r1l135"
                         BASELINE="2705"
                         HEIGHT="57"
                         WIDTH="785"
                         VPOS="2648"
                         HPOS="1289">
                  <String HEIGHT="57"
                          WIDTH="189"
                          VPOS="2648"
                          HPOS="1274"
                          CONTENT="peruenire"/>
                  <SP HEIGHT="57" WIDTH="15" VPOS="2648" HPOS="1463"/>
                  <String HEIGHT="57"
                          WIDTH="204"
                          VPOS="2648"
                          HPOS="1420"
                          CONTENT="meruerunt:"/>
                  <SP HEIGHT="57" WIDTH="15" VPOS="2648" HPOS="1623"/>
                  <String HEIGHT="57"
                          WIDTH="102"
                          VPOS="2648"
                          HPOS="1580"
                          CONTENT="sed"/>
                  <SP HEIGHT="57" WIDTH="15" VPOS="2648" HPOS="1682"/>
                  <String HEIGHT="57"
                          WIDTH="160"
                          VPOS="2648"
                          HPOS="1638"
                          CONTENT="adiecit"/>
                  <SP HEIGHT="57" WIDTH="15" VPOS="2648" HPOS="1798"/>
                  <String HEIGHT="57"
                          WIDTH="131"
                          VPOS="2648"
                          HPOS="1754"
                          CONTENT="atque"/>
                  <SP HEIGHT="57" WIDTH="15" VPOS="2648" HPOS="1885"/>
                  <String HEIGHT="57"
                          WIDTH="116"
                          VPOS="2648"
                          HPOS="1841"
                          CONTENT="ait."/>
                  <SP HEIGHT="57" WIDTH="15" VPOS="2648" HPOS="1958"/>
                  <String HEIGHT="57"
                          WIDTH="145"
                          VPOS="2648"
                          HPOS="1914"
                          CONTENT="Quique"/>
                  <SP HEIGHT="57" WIDTH="15" VPOS="2648" HPOS="2059"/>
                  <String HEIGHT="57"
                          WIDTH="73"
                          VPOS="2648"
                          HPOS="2001"
                          CONTENT="sui"/>
               </TextLine>
            </TextBlock>
         </PrintSpace>
      </Page>
   </Layout>
</alto>
