2368 3296
414 214 155 55 beata:
523 214 109 55 sed
585 214 171 55 incepit
710 214 124 55 esse
787 214 155 55 beata.
896 214 109 55 hoc
958 214 155 55 inquam
1067 214 109 55 non
1113 214 109 55 valet

410 259 99 48 qui
467 259 114 48 tunc
538 259 99 48 per
594 259 156 48 instans
708 259 114 48 erat
779 259 114 48 illa
850 259 185 48 benedicta
992 259 128 48 anima
1077 259 99 48 non
1120 259 99 48 beata

427 295 85 52 et
469 295 99 52 per
526 295 156 52 aliquod
639 295 142 52 tempus
738 295 113 52 erat
809 295 127 52 minus
894 295 142 52 beata:
993 295 85 52 et
1036 295 142 52 postea
1121 295 99 52 magis

418 334 151 47 beata:
524 334 121 47 quia
599 334 121 47 tunc
675 334 121 47 illa
751 334 197 47 beatitudo
902 334 212 47 successiue
1054 334 166 47 augebatur

426 370 73 51 ⁋
456 370 87 51 Ex
499 370 117 51 illa
572 370 189 51 solutione
718 370 131 51 probo
805 370 117 51 quod
878 370 233 51 consequenter
1068 370 146 51 dicere
1155 370 73 51 ha-

424 414 132 44 beant
512 414 117 44 quod
585 414 161 44 aliquis
702 414 175 44 discedit
834 414 88 44 in
877 414 161 44 peccato
994 414 161 44 mortali
1111 414 102 44 vel
1155 414 73 44 mor

412 445 162 45 talibus
530 445 88 45 et
574 445 88 45 in
618 445 132 45 primo
706 445 176 45 instanti
838 445 103 45 non
897 445 117 45 esse
970 445 103 45 non
1029 445 103 45 est
1073 445 147 45 damnatus

419 485 84 47 et
461 485 195 47 successiue
614 485 153 47 augetur
726 485 112 47 eius
796 485 126 47 pena:
879 485 112 47 quod
949 485 195 47 nullatenus
1102 485 98 47 est
1158 485 98 47 ad¬

424 523 206 43 mittendum.
586 523 88 43 Si
631 523 147 43 aliqui
734 523 88 43 ad
778 523 103 43 hoc
837 523 147 43 volant
940 523 88 43 de
984 523 177 43 potentia
1117 523 103 43 dei
1161 523 74 43 ab-

416 560 157 44 soluta:
530 560 171 44 creatura
658 560 143 44 potest
758 560 86 44 in
801 560 157 44 aliquem
915 560 171 44 effectum
1044 560 128 44 exire
1129 560 86 44 in
1158 560 71 44 in-

419 599 138 44 stanti:
520 599 88 44 sed
570 599 88 44 non
620 599 75 44 de
658 599 151 44 potentia
771 599 88 44 dei
821 599 163 44 ordinata:
947 599 88 44 iam
997 599 138 44 habetur
1097 599 100 44 quod
1148 599 75 44 nul-

418 636 155 47 latenus
531 636 170 47 creature
658 636 170 47 repugnet
785 636 170 47 effectum
912 636 113 47 suum
983 636 127 47 hatre
1068 636 85 47 in
1096 636 127 47 instan-

419 678 89 44 ti:
470 678 76 44 et
508 678 89 44 non
559 678 102 44 esse
622 678 140 44 priorem
724 678 89 44 suo
775 678 152 44 effectu.
889 678 114 44 sicut
965 678 102 44 enim
1029 678 102 44 bene
1092 678 114 44 dicit
1156 678 63 44 Au-

419 711 101 49 gu.
476 711 144 49 contra
577 711 159 49 Arrium.
693 711 87 49 si
736 711 130 49 ignis
822 711 159 49 fuisset
938 711 87 49 ab
981 711 159 49 eterno:
1082 711 144 49 splendor

414 755 131 49 ignis
502 755 160 49 fuisset
618 755 87 49 ab
661 755 160 49 eterno.
778 755 116 49 immo
850 755 160 49 habetur
967 755 116 49 quod
1039 755 145 49 centum
1126 755 102 49 mille

414 800 185 40 creature
552 800 231 40 produxerunt
738 800 123 40 suos
815 800 185 40 effectus
954 800 170 40 subito:
1077 800 139 40 patet
1154 800 62 40 de

421 827 157 44 omnibus
535 827 228 44 morientibus.
720 827 86 44 si
763 827 185 44 saluentur
905 827 185 44 euestigio
1048 827 143 44 habent
1133 827 86 44 beat

418 867 151 45 tatem:
524 867 91 45 si
569 867 197 45 damnentur
721 867 91 45 in
766 867 166 45 inferno
887 867 106 45 vel
947 867 212 45 purgatorio
1114 867 91 45 id
1144 867 91 45 idem

423 903 197 44 sequitur.
574 903 76 44 ⁋
605 903 106 44 Sed
665 903 136 44 dices
756 903 152 44 (sicut
862 903 167 44 Ecltam)
984 903 182 44 beatitas
1120 903 76 44 a
1135 903 91 44 solo

418 942 97 40 deo
474 942 208 40 producitur.
640 942 69 40 ⁋
668 942 97 40 hoc
723 942 97 40 in.
778 942 125 40 xlix.
862 942 152 40 distin.
973 942 125 40 iiii.
1042 942 180 40 reprobamus.

426 975 79 51 ⁋
458 975 158 51 Quinto
568 975 190 51 arguitur
711 975 126 51 sic.
790 975 190 51 infinita
932 975 190 51 grauitas
1058 975 174 51 intensiue

420 1016 106 46 vni
480 1016 136 46 corpi
571 1016 181 46 inherens
707 1016 136 46 facit
797 1016 136 46 ipsum
888 1016 211 46 descendere
1054 1016 91 46 in
1084 1016 151 46 instanti

417 1053 130 51 igitur.
512 1053 154 51 Atecedens
630 1053 119 51 patet:
713 1053 95 51 quia
773 1053 95 51 nisi
832 1053 95 51 sic:
891 1053 119 51 finita
974 1053 142 51 grauitas
1081 1053 71 51 et
1104 1053 119 51 infinita

417 1094 178 43 grauitas
551 1094 89 43 in
596 1094 149 43 duobus
700 1094 208 43 corporibus
863 1094 193 43 equalibus
1012 1094 164 43 faciunt
1116 1094 104 43 motus

424 1133 176 37 equales.
556 1133 117 37 quod
629 1133 102 37 non
688 1133 102 37 est
746 1133 190 37 dicendum.
893 1133 88 37 et
936 1133 146 37 facile
1039 1133 102 37 est
1083 1133 146 37 deducere

430 1168 189 45 consequentiam.
588 1168 105 45 finiti
662 1168 95 45 etnim
725 1168 63 45 ad
757 1168 116 45 finitum
841 1168 74 45 est
883 1168 137 45 proortio:
988 1168 95 45 detur
1052 1168 105 45 itaque
1125 1168 84 45 quod
1167 1168 53 45 in-

417 1203 155 44 finita
525 1203 186 44 grauitas
664 1203 155 44 faciat
773 1203 124 44 suum
850 1203 201 44 subiectum
1005 1203 217 44 descendere
1160 1203 62 44 ve

417 1244 151 40 locius
522 1244 121 40 quam
598 1244 106 40 hec
658 1244 151 40 finita
764 1244 181 40 grauitas
899 1244 106 40 per
960 1244 151 40 decem:
1065 1244 121 40 tunc
1126 1244 90 40 auge

418 1277 133 49 bitur
507 1277 207 49 successiue
669 1277 177 49 grauitas
802 1277 148 49 finita
906 1277 89 49 et
950 1277 163 49 manebit
1068 1277 163 49 finita.
1172 1277 44 49 e

411 1324 148 38 faciet
515 1324 118 38 suum
589 1324 192 38 subiectum
737 1324 148 38 citius
840 1324 207 38 descendere
1003 1324 118 38 quam
1062 1324 163 38 infinita.

415 1358 96 44 qui
470 1358 137 44 quando
566 1358 109 44 eque
634 1358 109 44 cito
702 1358 150 44 addemus
812 1358 123 44 solum
894 1358 150 44 finitos
1003 1358 150 44 gradus:
1113 1358 82 44 et
1140 1358 82 44 tunc

414 1393 146 44 citius
517 1393 190 44 descendet
663 1393 117 44 quam
736 1393 146 44 antea.
838 1393 88 44 Sr
882 1393 117 44 deus
955 1393 146 44 potest
1057 1393 146 44 facere
1144 1393 88 44 infi

416 1440 149 36 nitam
516 1440 231 36 grauitatem
697 1440 182 36 patebit
830 1440 99 36 in
879 1440 182 36 materia
1011 1440 99 36 de
1044 1440 182 36 infinito.

415 1474 84 41 ⁋
449 1474 152 41 Sexto
550 1474 236 41 argumentor
736 1474 135 41 sic.
820 1474 152 41 datur
921 1474 186 41 minimum
1039 1474 186 41 naturale.

422 1507 76 46 vt
460 1507 114 46 alibi
536 1507 126 46 patet.
624 1507 76 46 et
662 1507 114 46 illud
738 1507 177 46 producetur
876 1507 139 46 subito:
977 1507 114 46 alias
1053 1507 139 46 aliquid
1141 1507 76 46 esse

416 1546 148 41 minus
514 1546 180 41 minimo.
645 1546 82 41 ⁋
678 1546 180 41 Septimo
809 1546 131 41 sic.
891 1546 131 41 tunc
973 1546 180 41 aliquis
1088 1546 131 41 posset

417 1589 183 38 naturaliter
563 1589 158 38 assentire
685 1589 158 38 primissis
806 1589 73 38 et
843 1589 146 38 bonitati
952 1589 183 38 consequene:
1098 1589 85 38 non
1135 1589 85 38 assen

415 1619 151 47 tiendo
520 1619 226 47 conclusioni
701 1619 151 47 contra
806 1619 226 47 Aristotelem
987 1619 136 47 primo
1062 1619 166 47 Posterio-

420 1660 122 45 rum.
496 1660 182 45 cognitis
633 1660 152 45 maiore
739 1660 76 45 a
769 1660 152 45 minore
876 1660 137 45 simul
967 1660 167 45 tempore
1073 1660 152 45 cognosci

418 1695 98 44 tur
474 1695 153 44 conclo.
585 1695 125 44 patet
669 1695 125 44 dando
752 1695 153 44 instans
864 1695 84 44 in
906 1695 139 44 quibus
1003 1695 167 44 assentit
1115 1695 111 44 illis.

426 1737 65 44 ⁋
452 1737 143 44 Dicetur
556 1737 104 44 quod
621 1737 117 44 habet
699 1737 143 44 illarum
803 1737 156 44 assensum
920 1737 91 44 per
972 1737 143 44 vltimum
1076 1737 143 44 instans
1167 1737 65 44 non

415 1773 121 44 esse
491 1773 121 44 tunc
566 1773 106 44 vel
627 1773 106 44 ita
687 1773 121 44 cito
763 1773 166 44 habebit
884 1773 182 44 assensum
1005 1773 227 44 conclusionis.

426 1811 88 43 et
470 1811 118 43 tunc
544 1811 103 43 non
603 1811 206 43 inconuenit
765 1811 177 43 effectum
897 1811 118 43 esse
971 1811 147 43 coeuum
1074 1811 103 43 sue
1118 1811 103 43 cause

418 1855 179 41 naturali.
556 1855 69 41 ⁋
583 1855 137 41 Qctauo
679 1855 110 41 sic.
748 1855 110 41 tunc
817 1855 124 41 anima
899 1855 151 41 christi
1009 1855 96 41 non
1064 1855 137 41 posset
1147 1855 82 41 pri-

417 1886 88 39 mo
461 1886 132 39 velle
549 1886 117 39 esse
622 1886 88 39 in
666 1886 176 39 instanti
798 1886 205 39 terminante
959 1886 117 39 veba
1018 1886 205 39 prolationis:

424 1923 102 42 hoc
483 1923 102 42 est
541 1923 146 42 corpus
643 1923 116 42 meum
716 1923 116 42 esse
788 1923 102 42 sub
847 1923 189 42 speciebus
992 1923 146 42 panis:
1094 1923 102 42 set
1138 1923 87 42 Hol-

426 1960 92 44 kot
479 1960 79 44 at
518 1960 132 44 aliqui
610 1960 79 44 id
650 1960 171 44 admittant
782 1960 145 44 praeter
887 1960 158 44 rationem
1006 1960 92 44 hoc
1059 1960 92 44 est
1098 1960 132 44 inconue-

417 2001 145 44 niens.
519 2001 73 44 ⁋
548 2001 145 44 Contra
650 2001 145 44 primam
751 2001 218 44 probationem
926 2001 174 44 arguitur
1056 2001 116 44 sic.
1129 2001 87 44 Ex
1158 2001 58 44 es

422 2036 161 44 sequitur
542 2036 107 44 quod
609 2036 121 44 graue
689 2036 174 44 descendit
823 2036 134 44 subito
917 2036 80 44 in
957 2036 134 44 pleno:
1051 2036 107 44 quod
1118 2036 94 44 est
1158 2036 67 44 fal

425 2071 110 49 sum.
494 2071 82 49 Et
535 2071 110 49 quod
603 2071 164 49 sequatur
727 2071 164 49 arguitur
850 2071 110 49 sic.
919 2071 151 49 ponatur
1028 2071 137 49 vacuum
1110 2071 110 49 bipeda

424 2112 132 39 liter
512 2112 132 39 latum
600 2112 132 39 acelo
688 2112 88 39 ad
732 2112 146 39 terram
834 2112 146 39 vsque:
936 2112 161 39 ponatur
1053 2112 146 39 marmor
1141 2112 88 39 par-

421 2151 102 40 uum
480 2151 87 40 in
523 2151 102 40 quo
582 2151 131 40 nihil
669 2151 189 40 leuitatis
814 2151 102 40 sit
873 2151 102 40 vel
931 2151 102 40 sit
989 2151 131 40 terra
1076 2151 160 40 simplex
1178 2151 44 40 i

416 2188 110 48 idem
485 2188 138 48 redit:
582 2188 97 48 iam
637 2188 124 48 illud
720 2188 138 48 corpus
816 2188 179 48 descendet
954 2188 83 48 in
996 2188 166 48 instanti
1120 2188 97 48 per
1161 2188 69 48 te.

434 2229 107 44 ergo
500 2229 120 44 totum
580 2229 120 44 illud
661 2229 107 44 erit
727 2229 147 44 plenum:
834 2229 107 44 ergo
901 2229 93 44 non
954 2229 147 44 fecisti
1061 2229 107 44 quod
1114 2229 107 44 descem

426 2262 131 46 deret
514 2262 145 46 subito
615 2262 102 46 per
674 2262 160 46 vacuum.
790 2262 73 46 ⁋
819 2262 160 46 Insuper
935 2262 102 46 vel
993 2262 189 46 quodlibet
1124 2262 102 46 agens

421 2301 97 47 non
477 2301 139 47 habens
574 2301 222 47 resistentiam
754 2301 167 47 producit
879 2301 111 47 suum
948 2301 167 47 effectum
1073 2301 83 47 in
1101 2301 125 47 instan-

435 2338 87 43 ti.
484 2338 87 43 vel
534 2338 136 43 aliquod
633 2338 87 43 sic
683 2338 74 43 at
720 2338 136 43 aliquod
819 2338 99 43 non:
881 2338 149 43 secundum
992 2338 87 43 non
1042 2338 87 43 est
1092 2338 124 43 dandum
1166 2338 62 43 nec

422 2380 173 44 primum.
548 2380 126 44 tunc
627 2380 126 44 enim
706 2380 157 44 remoto
816 2380 157 44 calore
926 2380 94 44 ab
973 2380 126 44 aqua
1052 2380 142 44 forma
1131 2380 94 44 aque

423 2419 178 40 producet
556 2419 148 40 frigus
660 2419 148 40 summum
763 2419 89 40 in
808 2419 192 40 instanti:
956 2419 118 40 quia
1030 2419 89 40 ad
1074 2419 104 40 hoc
1118 2419 104 40 summe

433 2457 207 42 inclinatur
596 2457 133 42 aqua.
684 2457 74 42 ⁋
714 2457 89 42 Ad
758 2457 148 42 primum
862 2457 118 42 nego
936 2457 192 42 sequelam:
1083 2457 118 42 quia
1142 2457 89 42 ple-

421 2488 123 42 nitas
504 2488 192 42 attenditur
654 2488 82 42 ab
695 2488 110 42 alio
764 2488 110 42 quam
832 2488 82 42 ab
873 2488 110 42 ipso
942 2488 123 42 corpe
1024 2488 123 42 moto:
1106 2488 82 42 si
1134 2488 82 42 enim

432 2525 138 50 istud
524 2525 154 50 corpus
631 2525 184 50 repleret
770 2525 169 50 vndique
893 2525 154 50 latera
1000 2525 138 50 vacui
1093 2525 92 50 ad
1123 2525 108 50 aerem

430 2565 124 44 vsque
513 2565 234 44 circundantem:
706 2565 110 44 stat
775 2565 110 44 quod
843 2565 193 44 successiue
995 2565 165 44 moueatur
1105 2565 124 44 propter

425 2606 140 38 aerem
519 2606 249 38 resistentem.
721 2606 78 38 ⁋
752 2606 109 38 Sed
814 2606 140 38 dicis
908 2606 124 38 tunc
986 2606 140 38 gleba
1079 2606 140 38 terre
1157 2606 62 38 de

426 2641 192 63 scenderet
574 2641 103 63 ita
633 2641 118 63 cito
707 2641 89 63 in
751 2641 133 63 vacuo
839 2641 133 63 sicut
928 2641 118 63 tota
1002 2641 148 63 terra:
1105 2641 103 63 vel
1149 2641 74 63 cor

1286 211 98 57 pus
1342 211 182 57 infinitam
1482 211 196 57 grauitatem
1636 211 182 57 intensiue
1777 211 154 57 habens.
1889 211 98 57 hoc
1945 211 126 57 autem
2015 211 70 57 est

1281 262 258 47 inconueniens:
1493 262 106 47 cum
1554 262 182 47 secundum
1690 262 152 47 subito
1796 262 197 47 descendat
1947 262 91 47 in
1978 262 121 47 pleno:

1281 298 87 44 et
1325 298 131 44 aliud
1413 298 146 44 tarde.
1515 298 87 44 et
1558 298 102 44 sic
1617 298 146 44 corpus
1719 298 190 44 quadratum
1865 298 219 44 descenderet
2025 298 73 44 ita

1288 339 185 42 velociter
1430 339 128 42 sicut
1515 339 142 42 corpus
1615 339 171 42 rotundum
1743 339 85 42 in
1785 339 142 42 vacuo.
1885 339 71 42 ⁋
1899 339 185 42 Respondetur

1279 369 200 60 concedendo
1436 369 171 60 illatum:
1564 369 100 60 cum
1621 369 128 60 nulla
1706 369 100 60 est
1763 369 228 60 resistentia.
1949 369 128 60 secus
2020 369 71 60 est

1277 412 86 52 in
1320 412 129 52 medio
1406 412 100 52 vbi
1463 412 100 52 est
1520 412 229 52 resistentia.
1706 412 100 52 Sed
1764 412 143 52 dices:
1864 412 115 52 deus
1935 412 100 52 non
1978 412 115 52 potest

1282 448 148 46 citius
1386 448 148 46 mutare
1489 448 163 46 corpus.
1607 448 103 46 hoc
1666 448 207 46 conceditur
1829 448 89 46 in
1873 448 118 46 illo
1947 448 148 46 vacuo.
2036 448 44 46 s

1282 492 158 39 agentia
1396 492 186 39 relinquat
1539 492 115 39 suis
1611 492 286 39 dispositionibus:
1855 492 86 39 et
1898 492 186 39 concurrat
2026 492 72 39 cum

1283 528 89 39 sua
1334 528 179 39 influentia
1475 528 166 39 generali.
1602 528 128 39 potest
1692 528 115 39 tamen
1768 528 102 39 deus
1832 528 128 39 facere
1921 528 102 39 quod
1985 528 89 39 non
2023 528 64 39 mo-

1279 567 157 46 ueatur:
1393 567 128 46 neque
1478 567 157 46 mutetur
1592 567 86 46 in
1635 567 143 46 vacuo:
1735 567 100 46 vel
1792 567 143 46 mutare
1892 567 143 46 potest
1977 567 114 46 subito

1288 596 199 48 quodlibet
1441 596 153 48 corpus
1548 596 92 48 in
1594 596 153 48 pleno.
1701 596 77 48 ⁋
1732 596 107 48 Quo
1793 596 107 48 fit
1854 596 123 48 quod
1931 596 92 48 si
1961 596 123 48 mouere

1284 643 150 38 corpus
1389 643 105 38 per
1449 643 165 38 aliquod
1570 643 150 38 tempus
1675 643 90 38 in
1720 643 105 38 hoc
1780 643 135 38 medio
1870 643 150 38 arguit
1961 643 135 38 aliquam

1275 681 220 51 actuitatem:
1451 681 147 51 mouere
1554 681 117 51 idem
1627 681 147 51 corpus
1730 681 103 51 per
1789 681 132 51 illud
1877 681 147 51 medium
1980 681 88 51 in
2009 681 88 51 sub-

1281 716 111 43 duplo
1355 716 136 43 tempore
1453 716 123 43 arguit
1540 716 136 43 maiorem
1638 716 185 43 actuitatem:
1787 716 74 43 et
1824 716 86 43 sic
1873 716 210 43 consequenter.
2033 716 62 43 er-

1284 754 94 41 go
1331 754 157 41 mouere
1441 754 141 41 illud
1535 754 157 41 subito
1645 754 110 41 per
1707 754 125 41 idem
1786 754 157 41 medium
1895 754 157 41 arguit
1989 754 110 41 infi-

1282 794 128 39 nitam
1367 794 228 39 actiuitatem.
1553 794 100 39 hoc
1610 794 128 39 locum
1696 794 100 39 non
1753 794 128 39 habet
1838 794 86 39 in
1881 794 186 39 proposito
2010 794 71 39 nec

1280 826 77 50 in
1319 826 115 50 vacuo
1395 826 89 50 cum
1446 826 115 50 nulla
1523 826 89 50 est
1574 826 204 50 resistentis.
1740 826 64 50 ⁋
1766 826 77 50 Ad
1804 826 153 50 secundum
1919 826 192 50 respondetur

1290 871 110 42 quod
1359 871 110 42 quod
1428 871 124 42 libet
1511 871 124 42 agens
1594 871 165 42 naturale
1718 871 138 42 nullam
1814 871 138 42 habens
1897 871 193 42 resistentiam

1278 908 202 40 extrinsecam
1439 908 134 40 quando
1533 908 121 40 ipsum
1614 908 121 40 agens
1694 908 94 40 est
1748 908 188 40 inclinatum
1896 908 81 40 ad
1936 908 121 40 talem
2003 908 81 40 effc

1276 942 113 47 ctum
1346 942 127 47 ipsum
1431 942 169 47 producit
1558 942 85 47 in
1600 942 183 47 instanti:
1741 942 113 47 nisi
1811 942 113 47 suus
1882 942 169 47 effectus
1994 942 99 47 habe-

1280 979 87 48 at
1323 979 202 48 contrarium
1481 979 202 48 corperale.
1640 979 101 48 hoc
1698 979 159 48 additur
1813 979 159 48 prpoter
1914 979 173 48 argumentum

1281 1019 146 46 medium
1384 1019 233 46 extrinsecum:
1573 1019 131 46 etiam
1661 1019 161 46 aliquid
1778 1019 131 46 facit
1865 1019 88 46 ad
1909 1019 146 46 frigus
1996 1019 88 46 aque

1279 1057 98 48 quo
1335 1057 84 48 ad
1377 1057 225 48 intensionem.
1560 1057 112 48 aqua
1630 1057 112 48 enim
1700 1057 98 48 est
1756 1057 182 48 frigidior
1897 1057 84 48 in
1939 1057 126 48 hyeme
2009 1057 84 48 quam

1271 1097 94 49 in
1318 1097 171 49 estate:
1443 1097 109 49 set
1505 1097 140 49 forma
1599 1097 125 49 aque
1677 1097 218 49 introducat
1848 1097 171 49 aliquos
1957 1097 125 49 grodus

1282 1131 162 51 frigoris
1404 1131 81 51 in
1445 1131 162 51 seipsam:
1567 1131 95 51 non
1621 1131 122 51 tamen
1702 1131 135 51 summum
1796 1131 81 51 in
1837 1131 189 51 praesentia
1972 1131 122 51 puicalo

1287 1172 93 50 ris
1340 1172 80 50 vt
1380 1172 80 50 in
1419 1172 146 50 estate.
1525 1172 66 50 ⁋
1552 1172 93 50 Sed
1605 1172 159 50 quicquid
1724 1172 106 50 sit:
1790 1172 133 50 nullum
1883 1172 133 50 gradum
1963 1172 119 50 frigori

1284 1210 89 39 vt
1329 1210 118 39 puto
1403 1210 178 39 producit
1536 1210 163 39 subito:
1654 1210 118 39 siue
1729 1210 89 39 in
1773 1210 133 39 summo
1862 1210 118 39 siue
1921 1210 163 39 citrasum.

1274 1243 96 43 mum
1329 1243 233 43 agensnaturale
1521 1243 96 43 vel
1575 1243 164 43 liberum:
1698 1243 137 43 spuale
1794 1243 123 43 autem
1876 1243 137 43 potest
1972 1243 109 43 suum
2027 1243 68 43 ef-

1288 1283 136 52 fectum
1383 1283 68 52 (
1410 1283 108 52 esto
1478 1283 108 52 quod
1546 1283 136 52 habeat
1641 1283 203 52 contrarium)
1803 1283 136 52 statim
1898 1283 190 52 producere.
2034 1283 54 52 vt

1289 1317 113 46 atet
1360 1317 85 46 de
1402 1317 198 46 intellectu
1558 1317 85 46 et
1600 1317 184 46 volutate.
1742 1317 71 46 ⁋
1770 1317 99 46 Sed
1826 1317 127 46 dices
1911 1317 85 46 id
1954 1317 113 46 esse
2010 1317 71 46 vo-

1287 1363 161 40 luntarie
1407 1363 134 40 dictum
1501 1363 80 40 in
1541 1363 214 40 corpuralibus
1715 1363 107 40 pius
1782 1363 107 40 quam
1849 1363 80 40 in
1876 1363 214 40 spiritualibus.

1277 1401 73 42 ⁋
1307 1401 102 42 hoc
1365 1401 160 42 negatur
1481 1401 87 42 et
1525 1401 233 42 auctoritates
1714 1401 87 42 et
1757 1401 175 42 rationes
1888 1401 102 42 cum
1932 1401 160 42 experien-

1270 1435 125 46 tiis
1349 1435 94 46 ad
1396 1435 125 46 vnum
1474 1435 235 46 manuducunt:
1662 1435 94 46 et
1708 1435 110 46 non
1771 1435 94 46 ad
1818 1435 156 46 aliud.
1928 1435 78 46 ⁋
1959 1435 110 46 Sed
2006 1435 78 46 di-

1275 1472 102 43 ces
1334 1472 117 43 quid
1407 1472 131 43 cause
1494 1472 102 43 est
1552 1472 131 43 quare
1640 1472 175 43 voluntas
1771 1472 102 43 non
1830 1472 175 43 producit
1961 1472 131 43 totum
2034 1472 58 43 a-

1277 1511 101 43 ctum
1340 1511 101 43 quem
1403 1511 126 43 potest
1492 1511 164 43 producere
1618 1511 76 43 in
1655 1511 164 43 instanti:
1782 1511 88 43 cum
1832 1511 113 43 nulla
1908 1511 88 43 sit
1945 1511 139 43 resisten-

1273 1547 114 49 tia:
1344 1547 143 49 posito
1444 1547 114 49 quod
1516 1547 171 49 voluntas
1644 1547 129 49 velit
1730 1547 100 49 hoc
1787 1547 171 49 efficere
1916 1547 129 49 sicut
1987 1547 100 49 agens

1283 1589 176 42 naturale:
1419 1589 163 42 producit
1541 1589 122 42 totum
1623 1589 163 42 effectum
1745 1589 109 42 quem
1813 1589 136 42 potest
1908 1589 176 42 producere
2030 1589 54 42 in

1286 1625 158 44 instanti
1404 1625 79 44 in
1444 1625 105 44 tali
1510 1625 119 44 situm
1589 1625 92 44 vel
1641 1625 224 44 dispositione:
1826 1625 105 44 pono
1892 1625 92 44 hoc
1944 1625 132 44 protur
2023 1625 66 44 cor

1279 1666 95 45 pus
1334 1666 177 45 luminosum
1470 1666 109 45 quod
1538 1666 82 45 in
1579 1666 95 45 vno
1634 1666 123 45 situm
1715 1666 163 45 producit
1838 1666 123 45 totum
1920 1666 109 45 quod
1974 1666 109 45 potest

1276 1704 177 41 producere
1413 1704 136 41 stante
1508 1704 109 41 tali
1576 1704 218 41 dispositione
1753 1704 82 41 in
1794 1704 123 41 nubem
1876 1704 163 41 producit
1985 1704 95 41 lumen

1271 1742 79 41 in
1310 1742 171 41 instanti:
1442 1742 92 41 sed
1494 1742 105 41 ipsa
1560 1742 171 41 rarefacra
1691 1742 105 41 pius
1757 1742 171 41 producit.
1888 1742 66 41 ⁋
1914 1742 197 41 Respondetur

1280 1776 106 41 quod
1346 1776 159 41 voluntas
1466 1776 133 41 potest
1559 1776 120 41 totum
1638 1776 120 41 actum
1718 1776 186 41 voluntatis
1864 1776 173 41 producere
1997 1776 80 41 in
2024 1776 66 41 in-

1275 1816 122 46 stanti
1360 1816 122 46 stante
1445 1816 97 46 tali
1506 1816 194 46 dispositione
1664 1816 73 46 et
1700 1816 182 46 cognitione:
1846 1816 85 46 sed
1895 1816 85 46 non
1943 1816 122 46 semper
2016 1816 61 46 tam

1284 1852 92 52 tum
1336 1852 144 52 conatur
1441 1852 144 52 quantum
1546 1852 131 52 conari
1638 1852 144 52 potest.
1742 1852 65 52 ⁋
1769 1852 118 52 Etiam
1847 1852 118 52 forte
1926 1852 92 52 est
1965 1852 131 52 probabi-

1277 1886 68 44 le
1311 1886 91 44 quod
1368 1886 136 44 voluntas
1470 1886 80 44 non
1515 1886 114 44 potest
1595 1886 114 44 tantum
1675 1886 148 44 producere
1788 1886 68 44 in
1822 1886 136 44 instanti
1925 1886 125 44 quantum
2004 1886 80 44 praet

1272 1928 210 43 producere:
1437 1928 135 43 sicut
1527 1928 195 43 luminosum
1677 1928 180 43 producit
1813 1928 165 43 aliquid
1933 1928 165 43 luminis
2038 1928 45 43 i

1276 1969 136 45 partes
1372 1969 150 45 remotas
1480 1969 82 45 si
1521 1969 136 45 subito
1616 1969 231 45 produceretur:
1807 1969 82 45 et
1847 1969 82 45 in
1888 1969 122 45 nullo
1956 1969 136 45 instanti

1279 2008 166 38 sequenti
1403 2008 152 38 aliquid
1514 2008 152 38 luminis
1624 2008 166 38 producit
1749 2008 83 38 in
1790 2008 124 38 illas
1873 2008 152 38 partes:
1984 2008 83 38 et
2011 2008 83 38 for-

1276 2040 84 43 te
1318 2040 84 43 si
1360 2040 70 43 a
1388 2040 98 43 deo
1444 2040 237 43 conseruaretur
1639 2040 126 43 illud
1723 2040 140 43 lumen:
1821 2040 84 43 et
1863 2040 84 43 in
1904 2040 126 43 mille
1974 2040 112 43 instan

1277 2080 131 49 tibus
1365 2080 146 49 corpus
1467 2080 160 49 lucidum
1583 2080 262 49 reproduceretur
1802 2080 87 49 et
1845 2080 248 49 corrumperetur
2035 2080 58 49 in

1278 2121 147 41 variis
1381 2121 177 41 partibus
1514 2121 147 41 illius
1617 2121 133 41 medii
1705 2121 221 41 illuminati:
1882 2121 133 41 nihil
1956 2121 133 41 luminis

1271 2156 190 45 producet
1414 2156 95 45 de
1461 2156 143 45 nouo.
1557 2156 127 45 bene
1636 2156 159 45 quidem
1747 2156 159 45 potest
1858 2156 206 45 producere
2001 2156 95 45 suc-

1275 2199 174 41 cessiue.
1406 2199 73 41 ⁋
1435 2199 102 41 Sed
1493 2199 131 41 dicis
1580 2199 116 41 quod
1653 2199 131 41 sicut
1740 2199 203 41 successiue
1899 2199 174 41 mouetur:
2015 2199 73 41 ita

1274 2233 194 48 successiue
1427 2233 125 48 illud
1510 2233 125 48 lumem
1593 2233 180 48 producit:
1732 2233 97 48 sed
1788 2233 83 48 si
1829 2233 111 48 deus
1899 2233 97 48 mox
1954 2233 125 48 ipsum
2024 2233 69 48 po-

1273 2269 132 37 neret
1361 2269 132 37 super
1449 2269 132 37 aliud
1537 2269 161 37 punctum
1655 2269 132 37 medii
1743 2269 147 37 tantum
1846 2269 88 37 in
1890 2269 176 37 instanti
2007 2269 88 37 pro-

1279 2305 163 43 duceret
1397 2305 89 43 de
1442 2305 118 43 nouo
1516 2305 163 43 quantum
1634 2305 148 43 antea:
1737 2305 103 43 sed
1796 2305 177 43 voluntas
1929 2305 148 43 semper
2018 2305 74 43 est

1283 2344 168 41 equaliter
1412 2344 155 41 praesens
1528 2344 103 41 ipsi
1593 2344 116 41 passo
1670 2344 90 41 (vt
1722 2344 90 41 ita
1773 2344 155 41 dixerim)
1890 2344 77 41 et
1928 2344 116 41 nulla
2006 2344 90 41 est
2044 2344 52 41 re

1281 2381 180 56 sistentia:
1422 2381 103 56 ergo
1487 2381 128 56 potest
1576 2381 116 56 totum
1653 2381 103 56 suum
1718 2381 154 56 effectum
1833 2381 167 56 producere
1962 2381 77 56 in
1987 2381 103 56 instan

1277 2420 101 43 ti:
1334 2420 115 43 iste
1406 2420 187 43 discursus
1550 2420 101 43 non
1608 2420 101 43 est
1666 2420 173 43 euidens.
1795 2420 72 43 ⁋
1824 2420 144 43 Contra
1911 2420 187 43 probationem

1285 2451 155 46 quenti
1393 2451 201 46 argumenti
1548 2451 232 46 argumentor.
1734 2451 186 46 probando
1873 2451 108 46 non
1920 2451 170 46 inconueni

1279 2494 90 49 re
1324 2494 211 49 grauitatem
1490 2494 166 49 finitam
1611 2494 106 49 ita
1671 2494 196 49 velociter
1822 2494 136 49 posse
1912 2494 151 49 mouere
2003 2494 90 49 suum

1281 2530 203 51 subiectum
1438 2530 110 51 cum
1500 2530 203 51 grauitate
1657 2530 203 51 infinita:
1813 2530 94 51 et
1860 2530 110 51 hoc
1923 2530 125 51 sic.
1985 2530 110 51 signo

1276 2574 120 38 vnum
1351 2574 149 38 mixtum
1455 2574 75 38 a
1485 2574 105 38 quo
1545 2574 194 38 descendit
1694 2574 105 38 per
1754 2574 149 38 medium
1859 2574 164 38 aliquod
1978 2574 90 38 in
2008 2574 75 38 de-

1278 2610 102 40 cem
1337 2610 131 40 horis
1424 2610 88 40 ad
1468 2610 146 40 terram
1570 2610 146 40 vsque:
1673 2610 161 40 addamus
1789 2610 117 40 illi
1862 2610 131 40 mixto
1950 2610 131 40 decem
2023 2610 73 40 gra

1278 2644 110 57 dus
1341 2644 220 57 grauitatis
1514 2644 110 57 iam
1577 2644 79 57 a
1609 2644 157 57 mixtum
1719 2644 189 57 velocius
1861 2644 205 57 descendet
2003 2644 94 57 quam
