2357 3308
235 223 151 52 prius:
340 223 90 52 et
386 223 211 52 diminuetur
551 223 151 52 tempus
657 223 226 52 descendendi
837 223 151 52 illius
928 223 105 52 mixti

237 260 85 51 sic
286 260 146 51 scilicet
395 260 97 51 quod
456 260 158 51 descendet
578 260 146 51 velocius
687 260 97 51 quam
748 260 183 51 descenderet
894 260 61 51 /
918 260 97 51 sine
967 260 61 51 his

227 304 124 44 decem
310 304 193 44 gradibest.
462 304 83 44 et
503 304 97 44 sit
559 304 97 44 ita
614 304 110 44 quod
683 304 179 44 descendet
821 304 97 44 iam
876 304 83 44 in
918 304 110 44 octo
973 304 55 44 ho

220 343 101 48 ris
277 343 101 48 vel
335 343 87 48 in
378 343 217 48 quantolibet
552 343 173 48 breuiori
682 343 159 48 tempore
797 343 188 48 volueris.
927 343 101 48 tunmc

223 376 121 49 sic:
299 376 121 49 quia
374 376 136 49 decem
465 376 151 49 gradus
571 376 212 49 grauitatis
737 376 121 49 duas
813 376 136 49 horas
889 376 136 49 tempor-

234 414 224 47 abstulerunt
413 414 104 47 quo
473 414 90 47 ad
518 414 209 47 descensum:
682 414 119 47 tunc
756 414 119 47 alii
831 414 134 47 decem
921 414 134 47 gradu

220 452 202 53 tantundem
376 452 187 53 temporis
516 452 187 53 tollent:
656 452 93 53 et
703 452 109 53 sic
765 452 202 53 sexaginta
905 452 125 53 gradus

233 496 207 43 supadditi
393 496 176 43 facient
520 496 144 43 illud
616 496 160 43 corpus
728 496 80 43 a
760 496 160 43 subito
855 496 176 43 descende-

235 526 105 49 re:
295 526 105 49 sed
355 526 180 49 grauitas
489 526 180 49 infinita
624 526 105 49 non
684 526 150 49 citius
789 526 135 49 mouet
878 526 90 49 se
923 526 75 49 a
938 526 90 49 suum

232 566 197 52 subiectum.
387 566 155 52 igitur.
499 566 70 52 ⁋
527 566 84 52 Si
570 566 141 52 dicas:
668 566 113 52 quod
739 566 155 52 secundi
851 566 127 52 decem
921 566 113 52 gradus

231 602 104 47 non
290 602 192 47 diminuent
438 602 89 47 de
483 602 163 47 tempore
601 602 251 47 Arithimetice:
808 602 104 47 sed
852 602 178 47 Geometrice

232 640 83 54 ⁋
266 640 182 54 Contra:
398 640 182 54 secundi
530 640 149 54 decem
630 640 166 54 gradus
746 640 132 54 sunt
828 640 149 54 agens
911 640 116 54 natu-

224 683 110 42 rale
293 683 110 42 quod
361 683 110 42 agit
430 683 164 42 secundum
553 683 164 42 extremum
676 683 96 42 sue
731 683 192 42 potentiae:
882 683 110 42 ergo
937 683 82 42 equa

227 716 144 54 liter
323 716 176 54 faciunt
452 716 96 54 ad
500 716 209 54 descensum
660 716 144 54 sicut
756 716 144 54 primi
853 716 176 54 gradus:
965 716 64 54 et

225 753 194 48 equaliter
374 753 89 48 de
419 753 164 48 tempore
538 753 208 48 diminuent.
701 753 74 48 ⁋
731 753 179 48 Insuper:
865 753 149 48 qualis
955 753 74 48 est

221 789 164 57 pportio
340 789 209 57 grauitatis
504 789 179 57 infinite
638 789 194 57 intensiue
788 789 89 57 ad
832 789 194 57 subiectum
966 789 60 57 in

225 836 148 44 finite
329 836 193 44 extensum:
478 836 134 44 talis
567 836 104 44 est
626 836 178 44 prportio
760 836 208 44 grauitatis
908 836 119 44 finita

223 871 85 47 ad
265 871 184 47 subiectum
407 871 142 47 finite
506 871 156 47 magnum:
619 871 113 47 ergo
690 871 85 47 si
733 871 170 47 grauitas
860 871 170 47 infinita
973 871 57 47 fa

229 907 102 46 cit
288 907 205 46 descendere
449 907 190 46 subiectum
595 907 190 46 infinitum
741 907 88 46 in
785 907 190 46 instanti:
917 907 117 46 graui-

229 942 102 52 tas
288 942 146 52 finita
390 942 146 52 faciet
492 942 189 52 subiectum
638 942 160 52 finitum
754 942 219 52 instantanee
914 942 117 52 descem

225 980 146 48 dere.
322 980 81 48 ⁋
355 980 98 48 Ad
404 980 163 48 primum
518 980 179 48 admitto
648 980 146 48 casum
745 980 130 48 quod
827 980 211 48 descendit
973 980 65 48 in

224 1020 133 49 octo
308 1020 150 49 horis
407 1020 116 49 per
474 1020 233 49 additionem
657 1020 150 49 decem
756 1020 200 49 graduum:
906 1020 116 49 sed
956 1020 83 49 non

224 1061 181 44 oportet
355 1061 99 44 si
404 1061 148 44 decem
503 1061 164 44 gradus
618 1061 131 44 duas
700 1061 148 44 horas
798 1061 197 44 temporis
930 1061 99 44 sub-

217 1101 173 34 trahant:
347 1101 116 34 quod
419 1101 159 34 totidem
534 1101 144 34 gradus
636 1101 188 34 tantundem
780 1101 173 34 temporis
896 1101 144 34 tollent.

224 1131 113 44 vnum
295 1131 127 44 agens
380 1131 142 44 deiter
479 1131 127 44 duple
564 1131 170 44 virtutis
691 1131 85 44 ad
734 1131 127 44 aliud
819 1131 113 44 quod
889 1131 142 44 potest
974 1131 57 44 in

215 1172 159 41 equali
327 1172 175 41 tempore
454 1172 159 41 duplum
566 1172 191 41 effectum
709 1172 223 41 producere:
885 1172 112 41 vel
932 1172 96 41 cor-

217 1204 182 53 rumpere.
353 1204 197 53 velocitas
504 1204 121 53 enim
580 1204 197 53 descensus
731 1204 197 53 prouenit:
883 1204 91 53 et
928 1204 76 53 a
943 1204 91 53 sub-

229 1248 203 46 tiliatione
389 1248 131 46 medii
476 1248 87 46 et
520 1248 73 46 a
549 1248 189 46 grauitate
694 1248 131 46 ipsa.
782 1248 116 46 modo
854 1248 145 46 quando
941 1248 102 46 esset

234 1281 186 51 infinita
373 1281 186 51 grauitas
512 1281 201 51 intensiue
667 1281 124 51 ipsa
744 1281 232 51 descenderet
914 1281 124 51 subito

237 1324 92 43 vel
290 1324 79 43 si
329 1324 132 43 nullum
421 1324 119 43 esset
501 1324 145 43 medium:
606 1324 92 43 sed
659 1324 119 43 citra
738 1324 119 43 illud
817 1324 145 43 nunquam
923 1324 105 43 erit
975 1324 53 43 de

233 1361 191 47 scensus
372 1361 296 47 instantaneus.
615 1361 87 47 ⁋
650 1361 122 47 Sed
720 1361 104 47 ad
772 1361 174 47 formam
876 1361 157 47 argumer

236 1395 81 49 ti
276 1395 67 49 (
303 1395 108 49 quod
370 1395 94 49 est
424 1395 161 49 nodosum)
545 1395 108 49 dico
612 1395 108 49 quod
680 1395 94 49 non
733 1395 148 49 oportet
841 1395 161 49 secundos
949 1395 94 49 decem

230 1433 162 54 gradus
343 1433 227 54 grauitatis
521 1433 210 54 tantundem
683 1433 194 54 temporis
829 1433 178 54 tollere
942 1433 97 54 quam

238 1468 104 53 tum
298 1468 148 53 primos
401 1468 148 53 decem:
505 1468 119 53 esto
580 1468 119 53 quod
654 1468 119 53 sint
728 1468 134 53 agens
817 1468 193 53 naturale.
951 1468 89 53 vigi

234 1507 98 54 ti
283 1507 164 54 gradus
398 1507 230 54 grauitatis
578 1507 115 54 non
644 1507 131 54 sunt
725 1507 148 54 agens
824 1507 164 54 duplum
939 1507 98 54 ad
971 1507 66 54 di

239 1545 220 51 minutionem
412 1545 188 51 temporis
553 1545 94 51 ad
600 1545 141 51 decem
695 1545 173 51 gradus:
820 1545 110 51 sed
883 1545 141 51 agens
962 1545 79 51 est

230 1585 144 47 duplum
331 1585 87 47 in
374 1585 188 47 proposito
518 1585 115 47 quod
590 1585 130 47 facit
677 1585 144 47 mobile
778 1585 202 47 descendere
937 1585 87 47 in
966 1585 72 47 sub

233 1625 142 51 duplo
328 1625 158 51 tempor
438 1625 95 51 e.
485 1625 126 51 vnum
564 1625 158 51 mobile
675 1625 110 51 non
738 1625 205 51 descendit
895 1625 95 51 in
927 1625 110 51 duplo

238 1660 175 50 velocius
370 1660 117 50 quam
442 1660 146 50 altera
544 1660 175 50 medietas
676 1660 131 50 eius:
763 1660 102 50 non
821 1660 146 50 stando
923 1660 87 50 in
953 1660 87 50 reff

245 1703 146 46 stentia
351 1703 133 46 medii:
444 1703 93 46 sed
497 1703 120 46 solum
577 1703 106 46 quod
644 1703 93 46 sit
697 1703 146 46 equalis
804 1703 200 46 resistentia
963 1703 80 46 vt
990 1703 53 46 fa

239 1736 120 49 cile
314 1736 135 49 fieri
404 1736 150 49 potest
508 1736 90 49 in
553 1736 165 49 corpore
673 1736 135 49 longo
763 1736 239 49 descendente.
957 1736 75 49 ⁋
972 1736 75 49 Sen

242 1773 111 56 per
305 1773 174 56 concedo
432 1773 127 56 quod
511 1773 142 56 maior
606 1773 190 56 grauitas
748 1773 142 56 facit
843 1773 158 56 mobile
938 1773 95 56 velo

232 1816 112 46 cius
302 1816 210 46 descendere:
470 1816 98 46 sed
526 1816 98 46 non
582 1816 154 46 oportet
695 1816 168 46 secundum
821 1816 224 46 proportionem
989 1816 56 46 vt

233 1849 179 48 tangitur
367 1849 90 48 in
412 1849 209 48 argumento:
576 1849 119 48 esto
651 1849 119 48 quod
726 1849 104 48 sit
785 1849 134 48 agens
860 1849 164 48 naturale.

249 1895 111 39 Sed
312 1895 95 39 de
360 1895 111 39 hoc
423 1895 158 39 alias:
534 1895 111 39 cum
597 1895 190 39 loquemur
739 1895 95 39 de
786 1895 190 39 potentia
913 1895 126 39 motiua

237 1925 130 52 super
323 1925 230 52 resistentiam
510 1925 144 52 passi.
611 1925 72 52 ⁋
640 1925 86 52 Ad
683 1925 173 52 secundum
813 1925 115 52 nego
870 1925 173 52 assumptum:

241 1962 112 50 esto
311 1962 112 50 quod
381 1962 154 50 ponatur
493 1962 98 50 aer
549 1962 98 50 vel
605 1962 140 50 medium
703 1962 182 50 infinitum
843 1962 182 50 resistens
969 1962 70 50 ex-

249 2001 180 49 tensiue.
384 2001 75 49 ⁋
414 2001 165 49 Secundo
534 2001 210 49 argumentor
698 2001 120 49 sic:
773 2001 150 49 aliqua
878 2001 135 49 visio
953 2001 90 49 cau-

252 2035 105 55 satur
323 2035 94 55 pure
381 2035 199 55 pertibiliter:
545 2035 94 55 ergo
604 2035 59 55 e
627 2035 164 55 quaelibet.
756 2035 105 55 tenet
826 2035 187 55 consequentia
967 2035 70 55 quia

252 2078 87 50 est
301 2078 137 50 equalis
401 2078 125 50 ratio.
488 2078 112 50 patet
563 2078 187 50 antecedens:
713 2078 137 50 ponendo
812 2078 100 50 vnum
875 2078 150 50 visibile
987 2078 62 50 a
999 2078 50 50 in

240 2119 162 47 minima
353 2119 210 47 distantia
515 2119 113 47 qua
580 2119 113 47 non
644 2119 162 47 potest
758 2119 162 47 videri
871 2119 81 47 a
887 2119 162 47 potentia

242 2157 138 45 visiua
339 2157 138 45 sortis
436 2157 83 45 in
477 2157 97 45 hoc
533 2157 180 45 instanti:
671 2157 83 45 et
713 2157 166 45 incipiat
837 2157 69 45 a
865 2157 166 45 visibile
976 2157 55 45 ap

249 2200 222 43 propinquare
427 2200 178 43 potentie
560 2200 148 43 visiue
664 2200 163 43 sortis:
782 2200 104 43 iam
842 2200 148 43 illius
931 2200 118 43 visio-

251 2235 92 45 nis
304 2235 145 45 dabitur
409 2235 145 45 vltimum
515 2235 145 45 instans
620 2235 92 45 non
673 2235 119 45 esse.
753 2235 79 45 et
792 2235 106 45 illa
858 2235 119 45 visio
937 2235 92 45 per
977 2235 66 45 acu

250 2263 147 51 cessum
353 2263 88 51 ad
398 2263 147 51 sortem
501 2263 221 51 intenditur.
678 2263 88 51 et
722 2263 103 51 hoc
781 2263 147 51 semper
869 2263 177 51 successiue

250 2305 133 46 sicut
339 2305 148 46 semper
443 2305 163 46 augetur
561 2305 133 46 eodem
650 2305 118 46 modo
724 2305 207 46 successiue
871 2305 178 46 remittitur

246 2340 103 56 per
305 2340 251 56 elongationem.
512 2340 74 56 ⁋
541 2340 221 56 Respondetur
718 2340 162 56 negando
821 2340 221 56 consequentiam

247 2388 105 41 qui
307 2388 105 41 non
367 2388 105 41 est
427 2388 165 41 equalis
547 2388 135 41 ratio
637 2388 90 41 cu
683 2388 120 41 vnum
758 2388 180 41 visibile
878 2388 165 41 successiu

259 2423 180 42 accedat:
394 2423 105 42 sed
454 2423 90 42 si
499 2423 120 42 deus
574 2423 90 42 in
619 2423 105 42 hoc
679 2423 180 42 instanti
814 2423 210 42 produceret
964 2423 90 42 vnum

261 2456 178 47 visibile:
398 2456 123 47 ipsum
481 2456 192 47 produceret
632 2456 165 47 visionem
755 2456 82 47 in
796 2456 110 47 illo
865 2456 165 47 instanti
974 2456 69 47 que

268 2496 211 48 producitur:
437 2496 155 48 concedo
549 2496 84 48 id
592 2496 113 48 quod
662 2496 141 48 dictum
761 2496 99 48 est
817 2496 84 48 de
859 2496 197 48 intensione
1000 2496 42 48 e

266 2536 222 43 remissione
440 2536 143 43 inter
535 2536 222 43 arguendum:
710 2536 127 43 nolo
789 2536 127 43 enim
868 2536 158 43 negare
963 2536 95 43 quin

263 2569 121 49 visio
343 2569 134 49 potest
437 2569 188 49 successiue
585 2569 161 49 produci:
706 2569 81 49 vt
746 2569 81 49 si
786 2569 121 49 color
867 2569 81 49 in
894 2569 161 49 praesentia

263 2613 111 38 mea
326 2613 190 38 continue
469 2613 237 38 intendatur:
659 2613 142 38 eodem
753 2613 127 38 modo
833 2613 95 38 de
864 2613 190 38 remissione

264 2645 170 60 sicolor
387 2645 216 60 successiue
557 2645 232 60 remittatur.
742 2645 77 60 ⁋
773 2645 154 60 Tertio
866 2645 185 60 argumentor

1080 217 87 49 si
1124 217 102 49 sol
1182 217 233 49 produceretur
1371 217 145 49 subito
1473 217 204 49 produceret
1633 217 116 49 suum
1706 217 131 49 lumen
1793 217 87 49 in
1822 217 73 49 in-

1085 261 159 43 stanti:
1200 261 101 43 vel
1258 261 87 43 si
1301 261 159 43 candela
1416 261 115 43 fixa
1488 261 87 43 in
1532 261 101 43 hoc
1589 261 130 43 medio
1661 261 231 43 illuminaretur:

1080 301 119 47 nunc
1155 301 149 47 primo:
1259 301 104 47 non
1318 301 149 47 citius
1423 301 208 47 produceret
1586 301 134 47 lumen
1676 301 89 47 in
1720 301 149 47 partem
1810 301 89 47 pro-

1084 338 156 49 pinquam
1197 338 113 49 quam
1268 338 170 49 vicinam.
1396 338 113 49 ergo
1467 338 113 49 erit
1538 338 184 49 infinitum
1679 338 128 49 lumen
1750 338 142 49 intensum

1092 381 157 40 productum
1213 381 73 40 ab
1249 381 85 40 hoc
1298 381 145 40 luminoso
1407 381 194 40 naturaliter:
1564 381 194 40 consequentia
1721 381 109 40 patet
1794 381 61 40 a
1806 381 85 40 cade-

1083 413 95 42 la
1131 413 111 42 ita
1194 413 126 42 cito
1273 413 190 42 producit
1415 413 190 42 remissum
1557 413 142 42 lumen
1652 413 95 42 in
1699 413 158 42 octaua
1794 413 95 42 peda

1080 450 152 41 litate
1186 450 76 41 a
1217 450 167 41 candela
1338 450 182 41 distante
1475 450 137 41 sicut
1566 450 182 41 intensum
1703 450 91 41 in
1733 450 152 41 pedalita

1090 490 93 41 te
1136 490 170 41 vicina:
1259 490 108 41 sit
1321 490 139 41 lumen
1414 490 201 41 productum
1568 490 93 41 in
1614 490 154 41 octaua
1707 490 185 41 pedalitate

1088 525 154 45 vnius
1191 525 171 45 gradus
1310 525 120 45 per
1379 525 257 45 reductionem
1584 525 222 45 difformis
1738 525 154 45 luminis

1086 563 96 44 ad
1134 563 191 44 vniforme
1277 563 191 44 moueatur
1420 563 191 44 continuo
1564 563 80 44 a
1596 563 175 44 candela
1723 563 143 44 illud
1802 563 96 44 octa

1098 603 96 38 um
1146 603 160 38 pedale
1258 603 176 38 versus:
1386 603 112 38 iam
1450 603 96 38 in
1498 603 192 38 quolibet
1642 603 192 38 instanti
1770 603 128 38 sequen

1090 639 87 48 ti
1134 639 174 48 producit
1265 639 145 48 tantum
1366 639 160 48 luminis
1482 639 160 48 quantum
1599 639 87 48 in
1642 639 145 48 primo:
1744 639 87 48 et
1773 639 116 48 inter-

1085 677 145 42 cipitur
1190 677 132 42 tempus
1282 677 158 42 antequam
1401 677 92 42 est
1454 677 79 42 in
1493 677 132 42 vltimo
1585 677 105 42 illo
1651 677 145 42 pedali:
1756 677 79 42 et
1796 677 79 42 in
1822 677 66 42 quo

1087 714 139 39 libet
1179 714 170 39 tempore
1303 714 262 39 quantuncunque
1519 714 139 39 paruo
1611 714 123 39 sunt
1688 714 185 39 infinita
1812 714 77 39 in-

1085 750 165 48 stantia:
1209 750 110 48 ergo
1277 750 110 48 erit
1346 750 124 48 lumen
1428 750 178 48 infinitum
1566 750 178 48 productum
1703 750 165 48 antequam
1813 750 82 48 erit

1095 790 93 45 in
1141 790 154 45 octaua
1249 790 232 45 pedalitate.
1434 790 77 45 ⁋
1465 790 139 45 Dices
1558 790 108 45 (et
1620 790 108 45 sic
1681 790 185 45 dicendum
1805 790 77 45 est

1085 829 101 39 non
1142 829 172 39 sequitur
1271 829 115 39 quod
1343 829 115 39 erit
1415 829 187 39 infinitum
1559 829 129 39 lumen
1645 829 187 39 intensiue
1788 829 86 39 in
1817 829 72 39 me-

1096 865 119 39 dio:
1171 865 119 39 quia
1245 865 89 39 in
1290 865 134 39 primo
1379 865 179 39 instanti
1513 865 179 39 producit
1647 865 134 39 lumen
1736 865 74 39 a
1751 865 134 39 remotis

1092 904 144 42 subito:
1196 904 91 42 sed
1249 904 117 42 patet
1327 904 78 42 ad
1366 904 131 42 sensum
1457 904 157 42 secundum
1575 904 104 42 quod
1640 904 183 42 successiue
1771 904 117 42 mouetur

1087 939 184 39 reliquum
1225 939 169 39 luminis
1348 939 154 39 sensim
1456 939 200 39 producit.
1609 939 138 39 ratio
1702 939 77 39 a
1732 939 154 39 sensus
1825 939 61 39 ac

1091 976 114 47 hoc
1156 976 277 47 manuductionem
1384 976 147 47 nobis
1482 976 244 47 ministrant.
1677 976 98 47 in
1726 976 147 47 primo
1808 976 81 47 ter

1094 1020 136 39 mino
1179 1020 187 39 manendo
1316 1020 153 39 nihil
1418 1020 187 39 amplius
1554 1020 187 39 luminis
1673 1020 222 39 produceret.

1086 1053 90 44 Et
1131 1053 135 44 causa
1221 1053 120 44 est.
1296 1053 120 44 quia
1370 1053 105 44 iam
1430 1053 150 44 medium
1535 1053 150 44 tantum
1640 1053 224 44 illuminauit
1804 1053 90 44 quam

1084 1091 106 44 tum
1145 1091 167 44 poterat
1266 1091 91 44 in
1311 1091 121 44 tali
1387 1091 152 44 situm.
1494 1091 76 44 ⁋
1524 1091 167 44 Contra.
1645 1091 106 44 est
1706 1091 137 44 agens
1782 1091 106 44 natu-

1087 1133 129 40 rale.
1173 1133 115 40 ergo
1244 1133 86 40 in
1287 1133 172 40 quolibet
1416 1133 172 40 instanti
1545 1133 172 40 sequenti
1674 1133 143 40 tantum
1774 1133 129 40 debet
1846 1133 57 40 a-

1078 1170 136 48 gere
1163 1170 187 48 quantum
1299 1170 102 48 in
1350 1170 153 48 primo
1452 1170 221 48 instanti.
1622 1170 85 48 ⁋
1656 1170 119 48 hoc
1707 1170 187 48 concedis:

1087 1205 101 45 qui
1144 1205 188 45 conseruat
1289 1205 173 45 effectum
1419 1205 101 45 iam
1476 1205 202 45 productum.
1635 1205 87 45 et
1678 1205 101 45 hoc
1736 1205 101 45 est
1780 1205 115 45 causa-

1095 1243 93 43 re.
1148 1243 93 43 sed
1201 1243 107 43 quod
1268 1243 80 43 de
1308 1243 107 43 nouo
1375 1243 120 43 debet
1455 1243 133 43 tantum
1548 1243 147 43 causare
1655 1243 133 43 semper
1735 1243 160 43 posterius:

1096 1281 122 46 nulla
1178 1281 95 46 est
1232 1281 203 46 apparentia:
1394 1281 95 46 sic
1448 1281 108 46 enim
1516 1281 162 46 probares
1637 1281 108 46 quod
1705 1281 122 46 ignis
1786 1281 135 46 produ-

1092 1315 144 43 ceret
1188 1315 207 43 infinitum
1347 1315 192 43 calorem:
1491 1315 96 43 et
1539 1315 255 43 demonstratio
1730 1315 176 43 infinitam

1097 1355 188 46 scientiam
1241 1355 202 46 intensiue.
1400 1355 101 46 Sed
1458 1355 87 46 si
1501 1355 130 46 lumen
1588 1355 130 46 illud
1675 1355 130 46 esset
1747 1355 159 46 corruptsi

1093 1392 142 41 tantum
1192 1392 199 41 produceret
1348 1392 85 41 de
1391 1392 128 41 nouo.
1476 1392 85 41 et
1518 1392 128 41 illud
1603 1392 227 41 conseruaret.
1788 1392 113 41 Stat
1844 1392 57 41 vo

1089 1430 190 46 luntatem
1232 1430 143 46 actum
1327 1430 174 46 aliquem
1454 1430 222 46 meritorium
1628 1430 111 46 vel
1676 1430 222 46 demeritorium

1091 1468 169 49 producere
1221 1468 78 49 in
1260 1468 169 49 instanti:
1389 1468 78 49 et
1428 1468 117 49 tamen
1506 1468 91 49 non
1558 1468 130 49 potest
1649 1468 78 49 in
1688 1468 156 49 quolibet
1791 1468 104 49 instan

1096 1508 75 45 ti
1133 1508 150 45 sequenti
1245 1508 125 45 tantum
1333 1508 162 45 producere
1458 1508 75 45 de
1495 1508 112 45 nouo.
1570 1508 87 45 sed
1620 1508 150 45 reliquam
1733 1508 125 45 partem
1808 1508 87 45 praet

1099 1542 213 42 successiue
1266 1542 213 42 intendere.
1434 1542 76 42 ⁋
1464 1542 107 42 Sed
1525 1542 152 42 contra
1632 1542 137 42 istud
1708 1542 183 42 argumentor

1098 1580 103 44 qui
1157 1580 118 44 tunc
1231 1580 147 44 corpus
1334 1580 147 44 densum
1436 1580 103 44 non
1495 1580 118 44 pius
1569 1580 147 44 lumini
1672 1580 206 44 resisteret
1819 1580 88 44 quam

1095 1624 129 36 rarum:
1186 1624 103 36 quia
1250 1624 78 36 si
1289 1624 91 36 sic
1341 1624 91 36 ita
1393 1624 103 36 cito
1457 1624 220 36 illuminabitur
1638 1624 103 36 aqua
1703 1624 91 36 vel
1755 1624 129 36 vitrum
1832 1624 65 36 si-

1093 1657 100 48 cut
1150 1657 100 48 aer
1207 1657 128 48 ignis
1292 1657 100 48 vel
1349 1657 142 48 celum:
1449 1657 114 48 quod
1520 1657 213 48 inconuenire
1691 1657 171 48 videtur.
1819 1657 71 48 ⁋
1833 1657 71 48 In-

1098 1695 143 42 super
1194 1695 80 42 a
1225 1695 191 42 producit
1369 1695 143 42 lumen
1464 1695 239 42 vniformiter
1655 1695 239 42 difformiter
1830 1695 80 42 cir

1097 1733 84 44 ca
1139 1733 98 44 se:
1195 1733 84 44 et
1237 1733 112 44 plus
1307 1733 154 44 luminis
1419 1733 168 44 producit
1545 1733 112 44 proe
1615 1733 84 44 se
1657 1733 112 44 quam
1727 1733 140 44 remote
1825 1733 70 44 a
1839 1733 70 44 se:

1103 1770 98 45 sit
1159 1770 98 45 ita
1215 1770 112 45 quod
1285 1770 168 45 producat
1412 1770 112 45 lume
1482 1770 84 45 in
1524 1770 197 45 pedalitate
1678 1770 140 45 vicina
1777 1770 84 45 in
1819 1770 70 45 a
1833 1770 70 45 pum

1105 1810 116 40 cto:
1177 1810 116 40 ergo
1249 1810 87 40 in
1293 1810 145 40 puncto
1394 1810 87 40 in
1438 1810 130 40 duplo
1524 1810 217 40 proinquiori
1698 1810 130 40 corpi
1771 1810 130 40 lumino-

1100 1842 80 48 so
1140 1842 106 48 quam
1206 1842 66 48 a
1233 1842 186 48 producetur
1379 1842 80 48 in
1419 1842 120 48 duplo
1498 1842 173 48 intensius
1631 1842 133 48 lumen:
1724 1842 80 48 et
1764 1842 80 48 in
1790 1842 120 48 puncto-

1101 1880 88 48 in
1145 1880 146 48 triplo
1247 1880 219 48 proinquiori
1422 1880 204 48 producetur
1583 1880 161 48 triplum
1700 1880 146 48 lumen:
1802 1880 88 48 et
1831 1880 73 48 ita

1094 1921 78 40 in
1133 1921 181 40 infinitum.
1275 1921 103 40 ergo
1340 1921 129 40 semper
1430 1921 142 40 habetur
1533 1921 103 40 quod
1598 1921 155 40 producit
1714 1921 168 40 infinitum
1830 1921 65 40 lui

1101 1957 87 47 men
1150 1957 175 47 intensiue.
1288 1957 75 47 et
1325 1957 87 47 per
1375 1957 162 47 infinitum
1500 1957 137 47 spatiu:
1600 1957 100 47 quia
1663 1957 75 47 in
1700 1957 100 47 fine
1763 1957 125 47 quarte
1838 1957 62 47 pe-

1099 1995 165 46 dalitatis
1226 1995 177 46 producitur
1366 1995 114 46 lumem
1442 1995 76 46 vt
1480 1995 152 46 quatuor:
1594 1995 101 46 ergo
1657 1995 76 46 in
1695 1995 127 46 puncto
1784 1995 76 46 in
1809 1995 89 46 duplo

1107 2031 218 46 distantiori
1282 2031 174 46 producet
1412 2031 189 46 subduplum
1558 2031 131 46 lumen
1645 2031 116 46 puta
1717 2031 87 46 in
1761 2031 145 46 octaua
1848 2031 58 46 pe

1094 2067 202 56 dalitate.
1250 2067 93 56 Et
1296 2067 93 56 in
1343 2067 155 56 puncto
1451 2067 140 56 adhuc
1544 2067 93 56 in
1591 2067 140 56 duplo
1684 2067 124 56 pius
1746 2067 155 56 distante

1112 2110 179 45 subduplum
1250 2110 124 45 lumen
1332 2110 206 45 producetur:
1497 2110 82 45 et
1538 2110 96 45 sic
1593 2110 110 45 sine
1662 2110 137 45 statu.
1758 2110 69 45 ⁋
1785 2110 82 45 Ad
1813 2110 82 45 pri-

1102 2148 86 44 mum
1151 2148 173 44 conceditur
1287 2148 99 44 quod
1349 2148 86 44 ita
1398 2148 99 44 cito
1460 2148 148 44 producit
1571 2148 111 44 lumem
1645 2148 74 44 in
1682 2148 111 44 parte
1756 2148 111 44 densa
1818 2148 86 44 sicut

1099 2182 120 45 rara.
1179 2182 160 45 densitas
1298 2182 106 45 enim
1365 2182 120 45 passi
1445 2182 93 45 non
1498 2182 160 45 resistit
1617 2182 133 45 lumini
1711 2182 106 45 quod
1777 2182 93 45 est
1817 2182 93 45 acci-

1104 2220 105 48 dens
1169 2220 183 48 speiueale.
1314 2220 66 48 ⁋
1340 2220 92 48 Sed
1392 2220 92 48 non
1445 2220 92 48 est
1497 2220 157 48 visimile
1615 2220 105 48 quod
1680 2220 157 48 producat
1798 2220 92 48 ita
1838 2220 66 48 in-

1098 2257 146 54 tensum
1201 2257 131 54 lumen
1288 2257 88 54 in
1332 2257 131 54 nubem
1419 2257 102 54 vel
1478 2257 88 54 in
1522 2257 175 54 materiam
1653 2257 233 54 indispositam
1828 2257 73 54 si-

1099 2299 106 46 cut
1160 2299 91 46 in
1205 2299 182 46 pulchrum
1342 2299 152 46 aerem:
1448 2299 121 46 quia
1524 2299 121 46 tunc
1600 2299 167 46 candela
1721 2299 182 46 apposita
1842 2299 61 46 a-

1098 2335 106 49 que
1158 2335 106 49 vel
1219 2335 136 49 vitro
1309 2335 151 49 tantum
1415 2335 136 49 ipsum
1505 2335 226 49 illuminaret
1687 2335 166 49 quantum
1792 2335 121 49 aerem.

1107 2377 89 41 et
1152 2377 104 41 sol
1211 2377 148 41 tantum
1315 2377 223 41 illuminaret
1493 2377 163 41 grossam
1612 2377 134 41 nubem
1701 2377 163 41 quantum
1805 2377 89 41 aeri

1108 2409 159 48 mundum
1220 2409 159 48 contra
1331 2409 271 48 experientiam.
1554 2409 207 48 vtrobique
1713 2409 159 48 passum
1808 2409 96 48 bene

1098 2449 205 45 dispositum
1259 2449 117 45 pius
1333 2449 176 45 actionis
1465 2449 176 45 suscipit
1596 2449 88 45 ab
1640 2449 146 45 agente
1743 2449 117 45 quam
1801 2449 103 45 minus

1105 2483 215 51 dispositum.
1276 2483 157 51 nolumus
1391 2483 129 51 tamen
1477 2483 143 51 dicere
1577 2483 114 51 quod
1648 2483 143 51 quanto
1749 2483 143 51 medium
1834 2483 72 51 vel

1102 2525 137 48 passum
1198 2525 96 48 est
1253 2525 151 48 rarius:
1362 2525 123 48 tanto
1445 2525 110 48 plus
1513 2525 151 48 luminis
1623 2525 192 48 suscipiat.
1773 2525 110 48 tunc
1828 2525 82 48 enim

1100 2567 146 43 numquam
1206 2567 172 43 luminosum
1339 2567 133 43 tantum
1431 2567 186 43 produceret
1577 2567 146 43 quantum
1683 2567 172 43 producere
1803 2567 106 43 praet.

1111 2600 69 46 ⁋
1139 2600 82 46 Ad
1180 2600 164 46 secundum
1303 2600 96 46 non
1358 2600 178 46 sequitur.
1495 2600 82 46 si
1536 2600 137 46 corpus
1632 2600 178 46 luminosum
1755 2600 151 46 producens

1099 2636 137 55 lumem
1190 2636 228 55 vniformiter
1372 2636 228 55 difformiter
1554 2636 106 55 ab.
1615 2636 137 55 viii.
1706 2636 137 55 vsque
1797 2636 91 55 ad
1827 2636 76 55 non
