2313 3265
254 185 99 54 ere
310 185 113 54 suum
381 185 127 54 actum
466 185 113 54 nisi
536 185 85 54 in
578 185 169 54 instanti
705 185 198 54 terminante
861 185 127 54 illud
931 185 127 54 tempus.

264 237 75 42 et
301 237 75 42 si
338 237 112 42 ipsum
413 237 162 42 continuet
538 237 75 42 in
575 237 100 42 illo
638 237 150 42 instanti
750 237 100 42 tunc
812 237 137 42 necesse
912 237 87 42 est
949 237 100 42 conti-

258 274 132 43 nuare
346 274 132 43 actum
434 274 102 43 ita
493 274 102 43 diu
551 274 132 43 sicut
639 274 132 43 pius.
727 274 73 43 ⁋
756 274 117 43 Adam
829 274 132 43 dicit
917 274 117 43 quod
976 274 73 43 non

258 308 206 44 requiritur
420 308 220 44 continuatio
596 308 132 44 tanti
684 308 191 44 temporis:
831 308 103 44 sed
890 308 147 44 causam
978 308 73 44 nul

262 348 85 42 lam
310 348 121 42 affert
395 348 85 42 sui
443 348 121 42 dicti:
528 348 157 42 propterea
649 348 133 42 dicitur
746 348 97 42 quod
806 348 73 42 si
842 348 121 42 maneat
927 348 109 42 actus
988 348 60 42 ita

255 379 163 47 intensus
377 379 81 47 in
418 379 163 47 instanti
540 379 190 47 terminante
689 379 136 47 tempus
784 379 81 47 in
825 379 95 47 quo
879 379 81 47 de
906 379 136 47 necessi-

263 421 110 44 tate
332 421 179 44 continuat
470 421 152 44 durabit
580 421 97 44 per
635 421 97 44 ita
691 421 138 44 magnum
787 421 138 44 tempus
884 421 83 44 de
911 421 138 44 necessi-

248 460 105 43 tate
314 460 132 43 nature
406 460 119 43 sicut
485 460 105 43 erat
551 460 132 43 tempus
643 460 184 43 praecedens
788 460 92 43 hoc
840 460 158 43 instans:
959 460 79 43 si
985 460 66 43 po-

254 496 135 42 nantur
348 496 135 42 cetera
442 496 121 42 paria
523 496 94 42 cum
577 496 229 42 continuatione
766 496 148 42 priori:
874 496 81 42 et
915 496 108 42 tunc
969 496 94 42 dicen

248 531 94 43 dum
301 531 121 43 esset
382 531 107 43 quod
448 531 80 43 in
489 531 107 43 illo
556 531 161 43 instanti
676 531 121 43 medio
756 531 134 43 tantum
850 531 134 43 peccat
930 531 121 43 quantum

247 571 87 40 in
290 571 130 40 primo
376 571 187 40 instanti:
521 571 87 40 et
564 571 202 40 aggregatum
722 571 87 40 ex
766 571 173 40 instanti
895 571 87 40 et
924 571 130 40 tempore

252 604 88 44 in
296 604 103 44 quo
355 604 88 44 de
399 604 220 44 necessitate
575 604 191 44 continuat
722 604 103 44 non
781 604 132 44 ponit
869 604 117 44 pius
928 604 117 44 peccat

257 641 118 48 quam
331 641 133 48 prima
420 641 193 48 productio
568 641 237 48 instantanea:
761 641 89 48 et
805 641 178 48 secundum
939 641 104 48 hoc
983 641 74 48 non

263 684 134 40 potest
357 684 148 40 cessare
464 684 81 40 ab
504 684 107 40 actu
571 684 107 40 nisi
639 684 81 40 in
679 684 161 40 instanti
800 684 188 40 terminante
934 684 121 40 tempus.

277 716 70 52 ⁋
305 716 98 52 Vel
361 716 98 52 sic
417 716 98 52 (et
473 716 252 52 rationabilius)
684 716 168 52 postquam
810 716 126 52 actus
880 716 168 52 producitur

249 755 73 45 in
285 755 145 45 instanti
394 755 97 45 ille
455 755 109 45 durat
527 755 73 45 de
564 755 182 45 necessitate
709 755 85 45 per
757 755 121 45 tempus
842 755 157 45 secundum.
963 755 73 45 se
987 755 61 45 vel

248 798 151 33 aliquid
358 798 110 33 sui:
427 798 96 33 hoc
482 798 96 33 est
537 798 82 33 si
578 798 206 33 relinquatur
743 798 96 33 sue
798 798 192 33 remissioni
935 798 110 33 natura

247 826 84 45 li
289 826 155 45 labetur
402 826 141 45 tempus
500 826 169 45 antequam
627 826 113 45 ille
697 826 127 45 actus
782 826 183 45 totaliter
908 826 141 45 syncate-

247 865 200 47 gorematice
404 865 200 47 euanescet:
561 865 128 47 palam
646 865 114 47 enim
718 865 100 47 est
775 865 100 47 rem
832 865 243 47 corruptibilem

248 910 142 40 vltimum
351 910 142 40 instans
454 910 103 40 esse
518 910 193 40 incompletum
673 910 90 40 sui
724 910 142 40 habere:
827 910 103 40 dato
892 910 103 40 quod
956 910 90 40 sit
995 910 51 40 na

238 944 111 38 ture
308 944 222 38 permanentis:
488 944 83 38 et
530 944 97 38 sic
585 944 125 38 actus
668 944 180 38 intensior
807 944 111 38 pius
876 944 167 38 temporis
987 944 56 38 oc

253 978 153 46 cupabit
364 978 167 46 antequam
490 978 209 46 remittatur:
657 978 111 46 quam
726 978 125 46 actus
810 978 181 46 remissus.
949 978 70 46 ⁋
976 978 97 46 Sed

247 1016 136 41 contra
343 1016 122 41 istud
424 1016 177 41 arguitur:
560 1016 109 41 quia
628 1016 109 41 tunc
696 1016 149 41 aliquis
804 1016 136 41 inuite
900 1016 136 41 vellet
981 1016 68 41 ali

257 1053 121 44 quid.
337 1053 121 44 patet
418 1053 81 44 de
459 1053 108 44 isto
526 1053 94 44 qui
580 1053 135 44 inuite
674 1053 175 44 continuat
809 1053 108 44 suum
877 1053 135 44 actum:
958 1053 94 44 pona-

252 1089 89 49 mus
303 1089 102 49 quod
367 1089 178 49 intendebat
506 1089 64 49 a
532 1089 165 49 principio
659 1089 114 49 solum
735 1089 102 49 suum
799 1089 114 49 actum
875 1089 152 49 tenuisse
976 1089 64 49 per

243 1125 149 39 instans:
355 1125 87 39 per
404 1125 75 39 te
442 1125 112 39 vltra
516 1125 124 39 tenet:
603 1125 100 39 ergo
666 1125 137 39 inuitus
765 1125 87 39 eum
815 1125 124 39 tenet:
902 1125 75 39 et
939 1125 87 39 sic
977 1125 62 39 an-

244 1164 126 41 gelus
328 1164 140 41 habens
426 1164 112 41 vnum
495 1164 126 41 actum
579 1164 154 41 volendo
691 1164 70 41 a
719 1164 112 41 fore
789 1164 209 41 conformiter
956 1164 84 41 ad
984 1164 56 41 vo

248 1198 163 43 luntatem
371 1198 95 43 dei
425 1198 95 43 non
480 1198 136 43 potest
575 1198 150 43 elicere
683 1198 190 43 oppositum:
833 1198 177 43 supposito
955 1198 82 43 quod

240 1237 121 38 deus
315 1237 181 38 protinus
451 1237 136 38 velit
542 1237 211 38 oppositum:
708 1237 106 38 hoc
768 1237 121 38 modo
844 1237 166 38 aliquis
949 1237 91 38 erit

248 1276 115 39 extra
325 1276 128 39 statum
415 1276 154 39 salutis.
530 1276 128 39 patet:
620 1276 103 39 quia
684 1276 77 39 si
723 1276 115 39 circa
799 1276 115 39 finem
876 1276 103 39 vite
928 1276 115 39 eliciat

250 1310 98 46 vnum
311 1310 122 46 actum:
397 1310 98 46 ille
458 1310 86 46 per
507 1310 73 46 te
543 1310 135 46 durabit
641 1310 86 46 per
690 1310 135 46 tempus:
788 1310 98 46 ergo
849 1310 86 46 non
898 1310 122 46 potest
972 1310 73 46 pone

241 1350 83 43 re
283 1350 167 43 remedium
408 1350 97 43 suo
463 1350 167 43 peccato:
588 1350 139 43 contra
685 1350 180 43 doctrinam
824 1350 180 43 sanctorum
949 1350 97 43 tenen

248 1387 114 44 tium
319 1387 114 44 quod
390 1387 85 44 de
432 1387 128 44 nullo
518 1387 156 44 penitus
631 1387 99 44 est
688 1387 213 44 desperandum
858 1387 85 44 in
901 1387 99 44 hac
944 1387 99 44 vita.

262 1423 72 45 ⁋
290 1423 217 45 Respondetur
464 1423 159 45 negando
580 1423 188 45 sequelam:
725 1423 217 45 simpliciter
898 1423 116 45 enim
956 1423 87 45 pote

255 1462 88 41 rat
306 1462 63 41 a
331 1462 164 41 principio
457 1462 88 41 non
507 1462 113 41 velle
583 1462 76 41 in
621 1462 88 41 hoc
671 1462 164 41 instanti:
797 1462 88 41 sed
847 1462 76 41 si
885 1462 113 41 velit
961 1462 76 41 in
986 1462 63 41 il-

252 1496 76 41 lo
290 1496 151 41 instanti
404 1496 139 41 oportet
504 1496 126 41 postea
593 1496 126 41 velle:
681 1496 76 41 et
718 1496 88 41 sic
769 1496 88 41 non
819 1496 176 41 inconuenit
958 1496 88 41 hoc
996 1496 50 41 mo

243 1534 81 40 do
283 1534 135 40 inuite
377 1534 135 40 velle:
471 1534 94 40 vel
525 1534 148 40 negatur
633 1534 108 40 quod
700 1534 135 40 inuite
795 1534 135 40 velit:
889 1534 108 40 immo
943 1534 94 40 volun

250 1567 134 47 tarie
340 1567 134 47 vult:
429 1567 104 47 hoc
489 1567 104 47 est
548 1567 104 47 per
608 1567 134 47 actum
697 1567 179 47 volendi.
831 1567 75 47 ⁋
861 1567 89 47 Ad
906 1567 134 47 aliud
980 1567 60 47 de

248 1605 149 43 angelo:
357 1605 149 43 concedo
466 1605 109 43 quod
534 1605 149 43 angelus
642 1605 95 43 non
697 1605 136 43 potest
792 1605 136 43 subito
887 1605 122 43 velle
955 1605 81 43 opi-

251 1645 148 46 positum
358 1645 108 46 nisi
426 1645 108 46 deus
493 1645 202 46 specialiter
654 1645 121 46 actum
735 1645 162 46 resecet:
856 1645 94 46 nec
910 1645 108 46 deus
964 1645 81 46 pre-

240 1689 149 38 cipiet
344 1689 89 38 ei
389 1689 149 38 facere
493 1689 193 38 oppositum
642 1689 119 38 nisi
716 1689 164 38 angelum
835 1689 149 38 beatum
939 1689 89 38 ad
969 1689 74 38 hoc

240 1722 149 45 iuuet.
344 1722 134 45 etiam
434 1722 134 45 multo
523 1722 134 45 minus
613 1722 179 45 temporis
747 1722 179 45 sufficit
881 1722 149 45 angelo
985 1722 89 45 ad

251 1759 198 39 resecandum
406 1759 113 39 suum
477 1759 127 39 actum
562 1759 184 39 productum
704 1759 113 39 quam
774 1759 127 39 anime
859 1759 141 39 beate:
958 1759 85 39 et
986 1759 57 39 mi

253 1797 101 39 nus
310 1797 172 39 temporis
439 1797 172 39 sufficit
569 1797 129 39 anime
655 1797 129 39 beate
741 1797 115 39 quam
813 1797 129 39 anime
885 1797 158 39 viatoris.

254 1834 67 40 ⁋
280 1834 81 40 Ad
321 1834 148 40 tertium
428 1834 188 40 argumentum
576 1834 148 40 dicitur
684 1834 108 40 quod
751 1834 94 40 est
805 1834 148 40 equalis
899 1834 135 40 ponderis

254 1868 147 44 contra
357 1868 235 44 aduersarios.
548 1868 191 44 Probatio.
694 1868 132 44 sicut
782 1868 176 44 secundum
914 1868 103 44 eos
958 1868 88 44 homo

259 1907 85 45 non
307 1907 121 45 potest
392 1907 109 45 actum
465 1907 133 45 elicere
562 1907 73 45 in
598 1907 145 45 instanti
707 1907 85 45 ita
755 1907 109 45 etiam
828 1907 109 45 ipsum
901 1907 85 45 non
937 1907 97 45 potest

256 1946 176 36 remittere
392 1946 81 36 in
432 1946 176 36 instanti:
567 1946 95 36 sed
621 1946 108 36 ille
689 1946 122 36 actus
770 1946 122 36 durat
851 1946 95 36 per
905 1946 135 36 tempus
986 1946 54 36 de

247 1980 225 42 necessitate:
430 1980 85 42 et
472 1980 99 42 sic
529 1980 127 42 eodem
613 1980 113 42 modo
684 1980 141 42 potest
782 1980 141 42 deduci
867 1980 169 42 argumentum

246 2013 145 49 contra
348 2013 116 49 eos.
421 2013 73 49 ⁋
450 2013 160 49 Secundo
566 2013 116 49 dico
639 2013 116 49 quod
712 2013 131 49 istud
799 2013 145 49 tempus
901 2013 102 49 est
944 2013 102 49 breue

254 2054 82 44 et
295 2054 190 44 breuissima
445 2054 136 44 morula
540 2054 163 44 sufficit
662 2054 82 44 ad
703 2054 190 44 resecandum
853 2054 136 44 actum:
948 2054 82 44 si
975 2054 68 44 vo-

244 2093 144 47 luntas
344 2093 187 47 conuertat
488 2093 86 47 se
531 2093 86 47 ad
574 2093 129 47 aliud
660 2093 100 47 vel
717 2093 172 47 elaboret
846 2093 86 47 ad
875 2093 158 47 oppositum

247 2130 71 40 ⁋
275 2130 142 40 Tertio
375 2130 114 40 dico
446 2130 114 40 quod
517 2130 114 40 iste
588 2130 99 40 non
644 2130 185 40 repugnant
786 2130 114 40 volo
857 2130 170 40 occidere
971 2130 71 40 ho-

253 2167 120 43 minem
332 2167 80 43 et
372 2167 106 43 nolo
439 2167 186 43 offendisse
585 2167 120 43 deum:
665 2167 80 43 et
705 2167 93 43 sic
758 2167 106 43 stat
824 2167 106 43 quod
891 2167 106 43 homo
944 2167 93 43 peni-

253 2204 118 44 teat
327 2204 148 44 libere
431 2204 104 44 pro
490 2204 163 44 tempore
608 2204 104 44 quo
667 2204 89 44 de
712 2204 222 44 necessitate
874 2204 163 44 continuat

253 2243 122 43 actum
335 2243 95 43 qui
389 2243 95 43 est
443 2243 176 43 peccatum:
579 2243 81 43 et
620 2243 95 43 sic
674 2243 163 43 peccatum
796 2243 190 43 continuat:
945 2243 81 43 et
972 2243 68 43 pe-

251 2279 126 40 nitet
335 2279 84 40 de
377 2279 140 40 eodem.
474 2279 98 40 sed
530 2279 98 40 non
586 2279 182 40 continuat
726 2279 182 40 peccatum.
865 2279 98 40 hoc
921 2279 98 40 est
963 2279 70 40 non

247 2315 192 38 imputatur
395 2315 88 38 ei
439 2315 162 38 amplius
557 2315 88 38 ad
601 2315 133 38 penam
689 2315 177 38 postquam
822 2315 206 38 formaliter
969 2315 74 38 pe-

250 2352 137 46 nitet:
346 2352 82 46 et
387 2352 164 46 elaborat
510 2352 150 46 quantum
619 2352 82 46 in
660 2352 82 46 se
701 2352 96 46 est
756 2352 82 46 ad
797 2352 205 46 exonerandum
961 2352 82 46 se
988 2352 55 46 ab

247 2388 118 39 illo
321 2388 133 39 actu.
410 2388 74 39 ⁋
439 2388 104 39 Sed
499 2388 89 39 si
543 2388 89 39 ex
587 2388 163 39 malitia
706 2388 133 39 ponas
794 2388 192 39 elicuisse
927 2388 104 39 tales

259 2426 133 43 actus
348 2426 118 43 volo
422 2426 192 43 offendere
570 2426 133 43 deum:
659 2426 89 43 et
703 2426 148 43 placet
806 2426 118 43 mihi
866 2426 177 43 offendisse

260 2463 129 44 deum.
346 2463 100 44 Iam
403 2463 158 44 priores
518 2463 100 44 vie
575 2463 201 44 sufficiunt
733 2463 100 44 pro
790 2463 172 44 remedio:
919 2463 86 44 et
948 2463 86 44 iste

263 2498 122 46 inter
345 2498 81 46 se
385 2498 95 46 non
440 2498 190 46 repugnant:
589 2498 108 46 volo
657 2498 176 46 offendere
792 2498 108 46 deum
860 2498 81 46 et
887 2498 149 46 displicet

259 2535 118 48 mihi
333 2535 207 48 offendisse
496 2535 133 48 deum.
585 2535 74 48 ⁋
614 2535 89 48 De
659 2535 133 48 anima
747 2535 163 48 Christi
866 2535 104 48 que
910 2535 133 48 habebat

256 2570 98 53 hoc
312 2570 126 53 velle
396 2570 126 53 circa
480 2570 154 53 instans
592 2570 154 53 mortis:
703 2570 112 53 volo
773 2570 112 53 mori
843 2570 98 53 pro
885 2570 154 53 redemptio

254 2614 85 56 ne
296 2614 155 56 generis
409 2614 155 56 humani:
522 2614 99 56 hoc
578 2614 99 56 est
634 2614 169 56 dissolui
761 2614 70 56 a
789 2614 169 56 corpore:
916 2614 99 56 non
958 2614 85 56 con

1115 184 156 56 tinuauit
1232 184 117 56 illum
1310 184 117 56 actum
1387 184 104 56 post
1452 184 207 56 separationem
1621 184 117 56 anime
1699 184 65 56 a
1724 184 156 56 corpore:
1828 184 78 56 quia

1118 235 202 46 specialiter
1279 235 108 46 deus
1347 235 94 46 non
1401 235 202 46 concurrebat
1563 235 81 46 ad
1603 235 243 46 conseruationem
1792 235 108 46 illius

1106 271 130 40 actus
1192 271 101 40 nec
1250 271 159 40 decuit.
1366 271 72 40 ⁋
1394 271 101 40 Sed
1452 271 144 40 contra
1553 271 116 40 vnum
1626 271 116 40 quod
1698 271 130 40 inter
1770 271 130 40 arguen-

1105 309 96 43 dum
1160 309 179 43 dicebatur
1298 309 165 43 arguitur
1422 309 110 43 sic.
1491 309 83 43 Si
1532 309 165 43 voluntas
1656 309 138 43 potest
1753 309 110 43 vnum
1808 309 96 43 actum

1107 347 238 39 impertinentem
1303 347 154 39 elicere
1415 347 154 39 tempore
1526 347 98 39 quo
1582 347 84 39 de
1624 347 210 39 necessitate
1778 347 126 39 alterum

1119 384 120 42 actum
1199 384 173 42 continuat
1332 384 106 42 puta
1398 384 80 42 b:
1438 384 93 42 sic
1491 384 133 42 potest
1585 384 106 42 duos
1651 384 80 42 et
1691 384 106 42 tres
1744 384 160 42 impertinen

1107 418 94 48 tes
1160 418 160 48 elicere:
1280 418 80 48 et
1320 418 94 48 sic
1374 418 94 48 non
1427 418 160 48 euaditur
1548 418 174 48 infinitas
1681 418 134 48 meriti
1775 418 94 48 vel
1815 418 80 48 deme

1114 462 128 40 riti.
1199 462 71 40 ⁋
1227 462 128 40 Etiam
1313 462 128 40 forte
1398 462 128 40 dices
1483 462 213 40 continuatio
1654 462 185 40 naturalis
1796 462 99 40 non
1838 462 57 40 re

1109 493 144 46 pugnat
1209 493 129 46 actui
1295 493 158 46 libero:
1410 493 129 46 sicut
1496 493 215 46 sensualitas
1668 493 86 46 et
1711 493 129 46 actus
1783 493 115 46 liber.

1115 532 67 46 ⁋
1141 532 80 46 Ad
1181 532 134 46 primum
1275 532 200 46 respondetur
1435 532 187 46 concedendo
1582 532 107 46 quod
1649 532 134 46 potest
1743 532 134 46 habere
1823 532 80 46 duos

1105 570 98 40 vel
1161 570 112 40 tres
1231 570 140 40 actus:
1329 570 84 40 et
1371 570 98 40 tot
1427 570 168 40 quousque
1553 570 182 40 capacitas
1693 570 140 40 actiua
1777 570 112 40 volun-

1109 607 118 39 tatis
1188 607 183 39 impleatur:
1332 607 79 39 et
1371 607 118 39 tales
1450 607 118 39 actus
1528 607 105 39 sunt
1594 607 118 39 solum
1672 607 144 39 finiti.
1777 607 66 39 ⁋
1803 607 79 39 Ad
1829 607 66 39 se-

1112 643 126 40 cundum
1201 643 139 40 dicitur
1301 643 101 40 quod
1365 643 101 40 immo
1428 643 88 40 est
1478 643 189 40 repugnantia
1629 643 164 40 formalis:
1755 643 101 40 quia
1806 643 88 40 velle

1110 681 138 41 liberum
1211 681 150 41 repugnat
1324 681 113 41 nolle
1399 681 138 41 libero:
1499 681 75 41 et
1537 681 100 41 idem
1600 681 113 41 velle
1675 681 100 41 quod
1738 681 88 41 est
1775 681 113 41 liberum

1106 719 79 37 in
1145 719 105 37 illo
1211 719 157 37 instanti
1328 719 131 37 postea
1420 719 170 37 efficitur
1551 719 170 37 naturale:
1682 719 105 37 modo
1747 719 131 37 quando
1826 719 79 37 ali-

1103 755 126 42 quid
1182 755 157 42 alicui
1292 755 189 42 repugnat
1433 755 157 42 semper
1543 755 141 42 illud
1638 755 141 42 eidem
1716 755 173 42 repugnat.

1097 790 76 42 ⁋
1127 790 107 42 Sed
1188 790 137 42 petes
1279 790 167 42 quomodo
1401 790 137 42 actus
1492 790 213 42 voluntatis
1660 790 107 42 est
1705 790 183 42 naturalis:

1100 830 90 37 cum
1152 830 116 37 nihil
1229 830 90 37 sit
1281 830 90 37 tam
1333 830 78 37 in
1371 830 168 37 potestate
1501 830 181 37 voluntatis
1643 830 103 37 quam
1707 830 103 37 ipsa
1759 830 129 37 voluntas

1104 867 154 39 secundum
1220 867 103 39 Aug.
1284 867 77 39 in
1323 867 103 39 lib.
1387 867 77 39 de
1425 867 129 39 libero
1515 867 167 39 arbitrio:
1644 867 90 39 vbi
1695 867 116 39 capit
1760 867 129 39 volunta-

1092 903 103 43 tem
1151 903 103 43 pro
1210 903 118 43 actu
1283 903 176 43 volendi.
1416 903 73 43 ⁋
1445 903 220 43 Respondetur
1621 903 118 43 quod
1695 903 176 43 voluntas
1813 903 73 43 est

1094 941 128 38 libera
1184 941 90 38 non
1235 941 102 38 quod
1299 941 128 38 potest
1389 941 115 38 actum
1465 941 102 38 suum
1530 941 77 38 ad
1568 941 115 38 nutum
1645 941 102 38 suum
1709 941 166 38 secludere
1824 941 64 38 vel

1098 976 124 45 habere
1184 976 112 45 actum
1259 976 223 45 qualitercumque
1445 976 124 45 optat:
1532 976 87 45 sed
1582 976 137 45 dicitur
1681 976 99 45 quod
1743 976 112 45 actus
1805 976 87 45 volun

1103 1014 115 40 tatis
1180 1014 153 40 dicuntur
1295 1014 128 40 liberi
1384 1014 89 40 pro
1435 1014 128 40 quanto
1525 1014 153 40 voluntas
1640 1014 217 40 conprincipiat
1806 1014 89 40 actus

1093 1052 122 40 suos:
1175 1052 82 40 et
1216 1052 122 40 ipsos
1297 1052 190 40 continuat:
1447 1052 95 40 sed
1501 1052 95 40 non
1555 1052 149 40 possunt
1664 1052 163 40 reseceri
1786 1052 82 40 ad
1813 1052 82 40 eius

1106 1089 182 42 arbitrium:
1249 1089 78 42 vt
1288 1089 78 42 de
1328 1089 117 42 actum
1406 1089 182 42 beatifico:
1549 1089 78 42 et
1588 1089 78 42 de
1627 1089 104 42 actu
1692 1089 182 42 damnatorum
1823 1089 65 42 con

1097 1125 140 40 tingit.
1199 1125 64 40 ⁋
1225 1125 89 40 Sed
1276 1125 128 40 contra
1365 1125 115 40 istud
1442 1125 153 40 arguitur
1557 1125 102 40 sic:
1621 1125 102 40 deus
1685 1125 128 40 potest
1761 1125 128 40 destrue-

1100 1161 77 45 re
1139 1161 116 45 illum
1216 1161 116 45 actum
1293 1161 193 45 inmedietate
1448 1161 129 45 illius
1538 1161 167 45 temporis:
1667 1161 103 45 ergo
1731 1161 103 45 male
1783 1161 103 45 dictum

1099 1200 112 42 est.
1169 1200 70 42 ⁋
1197 1200 98 42 Sed
1254 1200 126 42 dices
1338 1200 141 42 (sicut
1436 1200 169 42 dicendum
1563 1200 112 42 est)
1633 1200 112 42 quod
1703 1200 98 42 hoc
1760 1200 98 42 non
1802 1200 84 42 nega

1094 1238 98 42 tur
1150 1238 84 42 de
1192 1238 167 42 potentia
1317 1238 111 42 dei.
1387 1238 70 42 ⁋
1414 1238 98 42 Sed
1470 1238 153 42 contra:
1582 1238 139 42 posito
1679 1238 111 42 quod
1735 1238 153 42 subiectum

1107 1273 179 39 destruatur
1248 1273 192 39 inmedietate
1402 1273 128 39 illius
1491 1273 166 39 temporis:
1619 1273 90 39 iam
1670 1273 102 39 ille
1734 1273 115 39 actus
1798 1273 90 39 desi-

1102 1311 97 47 net
1158 1311 111 47 esse
1227 1311 195 47 totaliter.
1380 1311 70 47 ⁋
1408 1311 111 47 Item
1478 1311 167 47 cuilibet
1603 1311 153 47 iudicio
1714 1311 125 47 recte
1784 1311 111 47 ratio-

1097 1348 101 46 nis
1154 1348 174 46 voluntas
1285 1348 145 46 potest
1386 1348 87 46 se
1429 1348 217 46 conformare:
1603 1348 101 46 sed
1661 1348 217 46 intellectus
1820 1348 72 46 po-

1097 1387 106 44 test
1163 1387 133 44 habere
1256 1387 159 44 iudicium
1375 1387 119 44 recte
1455 1387 159 44 rationis
1574 1387 106 44 quod
1640 1387 106 44 ille
1707 1387 119 44 actus
1786 1387 93 44 non
1826 1387 53 44 es

1096 1421 163 42 vlterius
1218 1421 231 42 continuandus.
1408 1421 68 42 ⁋
1435 1421 81 42 Et
1476 1421 81 42 si
1517 1421 163 42 voluntas
1639 1421 136 42 potest
1734 1421 81 42 se
1761 1421 122 42 confor-

1103 1460 107 45 mare
1170 1460 107 45 illi
1236 1460 147 45 iudicio
1343 1460 174 45 euestigio
1477 1460 120 45 actum
1558 1460 174 45 abolebit.
1691 1460 67 45 ⁋
1718 1460 201 45 Respondetur

1100 1495 100 48 quod
1163 1495 75 48 si
1201 1495 163 48 subiectum
1326 1495 163 48 desineret
1451 1495 100 48 esse
1514 1495 188 48 naturaliter
1664 1495 150 48 accidens
1776 1495 100 48 eius
1826 1495 63 48 cor

1109 1538 131 46 rumpetur
1207 1538 77 46 sed
1251 1538 98 46 anima
1317 1538 77 46 non
1360 1538 120 46 desinet
1448 1538 98 46 esse.
1513 1538 55 46 ⁋
1535 1538 66 46 Ad
1568 1538 98 46 aliud
1634 1538 120 46 dicitur
1721 1538 87 46 quod
1776 1538 109 46 potest
1841 1538 44 46 se

1095 1574 168 40 conformare
1227 1574 132 40 iudicio
1322 1574 144 40 rationis
1430 1574 84 40 pro
1478 1574 96 40 alio
1538 1574 144 40 tempore:
1646 1574 84 40 non
1693 1574 108 40 autem
1765 1574 84 40 pro
1801 1574 84 40 tunc.

1101 1610 90 39 An
1146 1610 179 39 requirat
1280 1610 134 39 actus
1370 1610 209 39 voluntatis
1534 1610 224 39 cognitionem
1698 1610 194 39 sensitivam.

1098 1648 73 40 a
1128 1648 102 40 qua
1186 1648 190 40 dependeat
1332 1648 117 40 nunc
1405 1648 102 40 non
1463 1648 219 40 inquirimus.
1638 1648 73 40 ⁋
1667 1648 102 40 Sed
1726 1648 146 40 contra
1813 1648 73 40 to-

1104 1685 94 47 tum
1157 1685 121 47 istud
1238 1685 175 47 arguitur.
1372 1685 202 47 continuatio
1534 1685 175 47 naturalis
1668 1685 148 47 peccati
1775 1685 94 47 non
1816 1685 67 47 pro

1091 1719 142 42 hibet
1186 1719 127 42 quin
1265 1719 127 42 homo
1344 1719 190 42 continuo
1487 1719 158 42 peccet
1597 1719 127 42 nouo
1677 1719 190 42 peccato:
1803 1719 95 42 ergo

1102 1760 106 40 dicta
1173 1760 82 40 non
1220 1760 188 40 satisfaciunt
1372 1760 164 40 argumento.
1502 1760 164 40 antecedens
1631 1760 117 40 patet:
1713 1760 141 40 eliciens
1807 1760 82 40 actum

1100 1792 129 45 malum
1186 1792 86 45 in
1229 1792 172 45 instanti
1358 1792 100 45 est
1415 1792 129 45 causa
1502 1792 144 45 illius
1602 1792 258 45 continuationis
1803 1792 86 45 natu

1093 1835 129 42 ralis
1179 1835 86 42 in
1222 1835 172 42 quolibet
1351 1835 172 42 instanti
1480 1835 158 42 futuro.
1595 1835 100 42 Sed
1652 1835 100 42 hoc
1710 1835 100 42 non
1753 1835 129 42 excusat

1097 1874 66 37 a
1123 1874 158 37 peccato:
1242 1874 79 37 vt
1281 1874 119 37 patet
1361 1874 79 37 de
1400 1874 105 37 actu
1466 1874 119 37 ebrii
1545 1874 92 37 vel
1598 1874 158 37 furiosi:
1717 1874 92 37 vbi
1769 1874 105 37 homo
1822 1874 66 37 in-

1095 1906 144 39 currit
1196 1906 202 39 ebrietatem
1355 1906 101 39 vel
1412 1906 144 39 furiam
1513 1906 87 39 ex
1557 1906 130 39 culpa
1643 1906 116 39 sua.
1716 1906 72 39 ⁋
1745 1906 101 39 hoc
1788 1906 101 39 argu-

1090 1943 113 47 mentum
1169 1943 79 47 non
1214 1943 79 47 est
1259 1943 113 47 contra
1338 1943 79 47 me.
1383 1943 68 47 vt
1417 1943 113 47 patet.
1496 1943 102 47 xvii.
1564 1943 124 47 distin.
1654 1943 102 47 iiii.
1722 1943 147 47 quaestio.
1824 1943 56 47 ii.

1104 1978 94 44 vbi
1157 1978 121 44 etiam
1238 1978 148 44 aliquid
1345 1978 202 44 discriminis
1507 1978 121 44 datur
1587 1978 81 44 de
1628 1978 228 44 continuatione
1802 1978 81 44 natu

1102 2022 111 43 rali
1171 2022 153 43 eiusdem
1282 2022 125 43 actus
1366 2022 83 43 et
1407 2022 83 43 de
1449 2022 139 43 factis
1546 2022 83 43 in
1588 2022 180 43 dementia.
1726 2022 69 43 ⁋
1754 2022 97 43 Sed
1796 2022 83 43 con-

1092 2055 91 42 tra
1144 2055 182 42 solutionem
1287 2055 195 42 principalem
1443 2055 169 42 arguitur.
1574 2055 130 42 dictum
1665 2055 91 42 est
1717 2055 104 42 quod
1782 2055 78 42 si
1808 2055 78 42 quis

1088 2098 151 37 eliciat
1198 2098 123 37 actum
1280 2098 82 37 in
1321 2098 164 37 instanti
1444 2098 137 37 potest
1540 2098 137 37 habere
1636 2098 123 37 actum
1704 2098 178 37 impertinen-

1095 2129 100 39 tem:
1157 2129 100 39 ergo
1219 2129 100 39 pari
1282 2129 137 39 ratione
1381 2129 125 39 potest
1469 2129 137 39 elicere
1568 2129 112 39 actum
1643 2129 75 39 vt
1681 2129 100 39 vnum
1743 2129 75 39 in
1768 2129 112 39 instan-

1087 2167 90 43 ti:
1139 2167 77 43 et
1177 2167 116 43 primo
1255 2167 167 43 intendere
1383 2167 116 43 illum
1461 2167 116 43 actum
1538 2167 77 43 in
1577 2167 142 43 tempore
1680 2167 155 43 sequenti
1783 2167 90 43 illud

1089 2203 146 41 instans
1195 2203 80 41 ad
1235 2203 133 41 certum
1328 2203 133 41 gradum
1421 2203 120 41 vsque
1501 2203 67 41 a
1528 2203 106 41 tunc
1594 2203 106 41 sic.
1661 2203 80 41 in
1701 2203 160 41 instanti
1807 2203 67 41 in-

1088 2237 174 43 choatiuo
1218 2237 130 43 huius
1304 2237 174 43 temporis
1435 2237 145 43 sortes
1536 2237 174 43 meretur:
1666 2237 87 43 et
1709 2237 87 43 in
1738 2237 145 43 quolibet

1092 2276 157 43 instanti
1210 2276 157 43 sequenti
1327 2276 92 43 est
1380 2276 79 43 in
1419 2276 131 43 maiore
1511 2276 131 43 merito
1602 2276 170 43 infinita:
1733 2276 118 43 autem
1798 2276 79 43 sunt

1090 2315 140 41 instantia
1198 2315 64 41 in
1230 2315 86 41 illo
1284 2315 129 41 tempore.
1380 2315 86 41 ergo
1434 2315 64 41 in
1466 2315 86 41 fine
1520 2315 107 41 illius
1595 2315 118 41 habebit
1681 2315 118 41 meritum
1756 2315 129 41 infinitum.

1090 2351 57 41 ⁋
1112 2351 171 41 Respondetur
1249 2351 91 41 quod
1306 2351 182 41 consequentia
1454 2351 80 41 est
1500 2351 114 41 dulla.
1580 2351 68 41 vt
1614 2351 103 41 patet
1682 2351 68 41 si
1716 2351 114 41 corpus
1785 2351 91 41 lumino

1087 2388 96 48 sum
1142 2388 220 48 produceretur
1321 2388 82 48 in
1362 2388 179 48 instanti:
1499 2388 96 48 iam
1554 2388 124 48 ipsum
1637 2388 165 48 producit
1746 2388 124 48 aliquid

1097 2423 153 42 luminis
1208 2423 84 42 in
1250 2423 139 42 partes
1348 2423 167 42 remotas:
1473 2423 84 42 et
1515 2423 84 42 si
1557 2423 167 42 continuo
1682 2423 139 42 corpus
1766 2423 111 42 lumino

1090 2463 104 40 sum
1149 2463 177 40 moueatur
1282 2463 148 40 partes
1386 2463 163 40 remotas
1504 2463 163 40 versus:
1623 2463 118 40 tunc
1697 2463 89 40 in
1726 2463 148 40 quolibet

1091 2502 154 40 instanti
1207 2502 154 40 sequanti
1322 2502 154 40 temporis
1437 2502 90 40 quo
1489 2502 141 40 mouetur
1591 2502 77 40 ad
1629 2502 115 40 illas
1706 2502 128 40 partes
1783 2502 90 40 verum

1094 2541 101 40 erit
1158 2541 140 40 dicere:
1259 2541 101 40 plus
1323 2541 140 40 luminis
1424 2541 89 40 est
1475 2541 76 40 in
1513 2541 89 40 hoc
1564 2541 152 40 instanti
1678 2541 101 40 quam
1741 2541 76 40 in
1767 2541 101 40 aliquo

1087 2576 162 42 instanti
1209 2576 203 42 precedenti:
1371 2576 81 42 et
1412 2576 122 42 tamen
1493 2576 95 42 non
1547 2576 162 42 sequitur
1668 2576 108 42 quod
1736 2576 95 42 sit
1776 2576 95 42 infi-

1088 2612 144 49 nitum
1184 2612 144 49 lumen
1280 2612 207 49 productum
1439 2612 96 49 in
1487 2612 128 49 ipso
1567 2612 160 49 medio:
1679 2612 128 49 immo
1758 2612 160 49 quando
