2407 3303
439 207 104 67 mo:
499 207 89 67 in
543 207 104 67 qua
602 207 238 67 propositione
795 207 178 67 ponuntur
929 207 119 67 tres
1003 207 223 67 negationes:
1167 207 59 67 se

430 263 139 46 quitur
528 263 111 46 quod
597 263 98 46 hec
653 263 125 46 esset
737 263 223 46 affirmatiua:
918 263 98 46 hoc
973 263 98 46 est
1029 263 139 46 preter
1113 263 111 46 commu-

432 304 104 44 nem
491 304 178 44 logicam:
625 304 89 44 et
669 304 222 44 colophizare
846 304 163 44 videtur
965 304 133 44 caput
1039 304 192 44 Aristotelis

439 336 111 48 Quod
508 336 166 48 sequatur
633 336 138 48 patet:
730 336 111 48 quia
799 336 125 48 prime
882 336 97 48 due
937 336 194 48 negationes
1090 336 111 48 sunt
1145 336 83 48 eiul

437 375 99 41 dem
493 375 169 41 speciei:
620 375 85 41 et
662 375 141 41 cadunt
761 375 85 41 in
803 375 197 41 negationem
958 375 85 41 et
1001 375 85 41 in
1043 375 169 41 terminos
1156 375 70 41 sy-

431 413 157 46 nonymos:
549 413 105 46 ergo
614 413 131 46 habent
705 413 144 46 obiecta
810 413 144 46 eiusdem
914 413 157 46 speciei:
1032 413 78 46 et
1071 413 91 46 non
1110 413 118 46 videtur

436 453 128 46 penes
521 453 114 46 quid
592 453 156 46 dabitur
706 453 185 46 discrimem
848 453 213 46 specificum:
1019 453 114 46 ergo
1090 453 114 46 sunt
1147 453 85 46 eius

440 489 92 43 dem
492 489 158 43 speciei.
611 489 131 43 scimus
703 489 118 43 tamen
781 489 158 43 respectu
900 489 144 43 eiusdem
1005 489 144 43 obiecti
1110 489 92 43 non
1149 489 79 43 nun-

440 520 102 47 quam
504 520 114 47 actus
580 520 127 47 specie
669 520 178 47 distinctos
809 520 114 47 posse
886 520 114 47 dari:
962 520 76 47 et
1000 520 114 47 vltra
1076 520 64 47 /
1102 520 102 47 sunt
1153 520 76 47 eiui

430 568 99 40 dem
486 568 169 40 speciei:
613 568 113 40 ergo
683 568 99 40 due
740 568 155 40 illarum
852 568 99 40 non
908 568 84 40 se
951 568 197 40 impediunt.
1091 568 141 40 Preterea

443 598 86 45 si
486 598 130 45 eadem
572 598 158 45 negatio
688 598 158 45 ponatur
803 598 173 45 infronte
932 598 245 45 propositionis
1134 598 86 45 et
1163 598 72 45 im-

426 633 166 47 mediate
547 633 121 47 ante
622 633 181 47 copulam:
758 633 121 47 illa
833 633 136 47 esset
924 633 196 47 negatiua.
1075 633 106 47 hoc
1120 633 106 47 aute-

443 674 101 42 est
500 674 158 42 falsum.
615 674 101 42 nam
673 674 101 42 duo
731 674 130 42 ignes
817 674 86 42 in
860 674 144 42 duobus
961 674 130 42 locis
1048 674 144 42 tantum
1134 674 101 42 agunt

435 714 169 42 quantum
557 714 138 42 ignis
649 714 169 42 duplus.
772 714 199 42 Similiter
925 714 153 42 sortes
1033 714 92 42 in
1079 714 153 42 duobus
1171 714 61 42 lo

429 754 107 40 cis
490 754 153 40 portat
597 754 153 40 duplex
705 754 138 40 podus
797 754 92 40 ad
843 754 153 40 pondus
950 754 138 40 latum
1042 754 92 40 in
1088 754 107 40 vno
1134 754 92 40 loco

436 783 115 47 ergo
507 783 186 47 eodemmodo
651 783 86 47 de
694 783 186 47 negatione
837 783 143 47 posita
937 783 86 47 in
980 783 143 47 fronte
1080 783 86 47 et
1123 783 86 47 in
1152 783 86 47 prin

438 818 128 46 cipio.
528 818 128 46 Dices.
617 818 90 46 cum
669 818 77 46 in
707 818 115 46 anima
784 818 90 46 non
835 818 90 46 sit
886 818 115 46 situs
963 818 141 46 varius.
1066 818 102 46 quia
1130 818 90 46 est
1168 818 64 46 im-

436 859 206 41 partibilis:
601 859 96 41 non
656 859 96 41 est
710 859 123 41 idem.
793 859 110 41 Item
861 859 151 41 negatio
971 859 82 41 in
1012 859 178 41 principio
1135 859 96 41 voca-

433 892 96 52 lis
488 892 96 52 vel
543 892 151 52 scripte
654 892 69 52 /
681 892 83 52 et
722 892 179 52 immediate
860 892 110 52 ante
929 892 151 52 copulam
1039 892 138 52 posita
1122 892 110 52 reddit

446 931 260 47 propositionem
660 931 260 47 affirmatiuam:
874 931 122 47 ergo
951 931 77 47 a
981 931 92 47 in
1027 931 153 47 mente.
1119 931 107 47 Dices

442 976 148 36 oportet
549 976 202 36 considerare
711 976 94 36 que
764 976 94 36 sit
818 976 161 36 mentalis
939 976 148 36 illius:
1047 976 94 36 iam
1101 976 121 36 quero
1168 976 67 36 abs

443 1010 86 40 te
486 1010 72 40 /
515 1010 101 40 que
572 1010 101 40 sit
630 1010 173 40 mentalis
760 1010 158 40 illius.
875 1010 144 40 Rursus
976 1010 101 40 non
1033 1010 115 40 pius
1091 1010 144 40 aduersan

438 1045 93 44 tur
491 1045 187 44 negationes
638 1045 133 44 specie
731 1045 214 44 differentes:
905 1045 107 44 quam
971 1045 187 44 negationes
1105 1045 120 44 eiusdem

440 1079 164 43 speciei.
564 1079 110 43 quod
632 1079 137 43 probo:
728 1079 110 43 quia
797 1079 82 43 si
838 1079 206 43 repugnarent
1002 1079 96 43 non
1057 1079 151 43 possent
1153 1079 82 43 esse

442 1119 88 42 in
486 1119 132 42 eodem
574 1119 206 42 intellectu
736 1119 147 42 primo:
839 1119 117 42 quod
912 1119 103 42 est
971 1119 161 42 falsum.
1088 1119 88 42 Si
1118 1119 117 42 dicas.

445 1149 97 47 non
500 1149 179 47 repugnant
638 1149 83 47 ad
680 1149 110 47 esse
749 1149 124 47 simul
831 1149 83 47 in
873 1149 124 47 eodem
955 1149 179 47 subiecto:
1093 1149 110 47 bene
1148 1149 83 47 aute

448 1195 98 41 quo
504 1195 84 41 ad
546 1195 84 41 se
588 1195 182 41 impedire.
728 1195 112 41 Sine
798 1195 154 41 ratione
910 1195 98 41 hoc
966 1195 140 41 dicis.
1064 1195 98 41 nam
1106 1195 126 41 calidi-

442 1226 100 47 tas
499 1226 86 47 et
542 1226 172 47 siccitas
670 1226 143 47 specie
771 1226 214 47 differentes
942 1226 200 47 nullatenus
1085 1226 143 47 aduersar

448 1264 100 44 tur
505 1264 114 44 pius
576 1264 114 44 quam
647 1264 100 44 duo
704 1264 142 44 gradus
804 1264 171 44 caloris:
932 1264 128 44 licet
1017 1264 85 44 ex
1060 1264 100 44 his
1103 1264 128 44 aliquod

448 1303 120 43 vnum
523 1303 209 43 confletur:
687 1303 105 43 non
747 1303 135 43 autem
837 1303 90 43 ex
882 1303 150 43 illis.
987 1303 105 43 nam
1046 1303 105 43 duo
1091 1303 135 43 agentia

440 1341 173 40 eiusdem
566 1341 173 40 speciei
692 1341 110 40 quo
755 1341 94 40 ad
802 1341 251 40 productionem
1006 1341 204 40 effectuum
1163 1341 94 40 ad

446 1378 197 43 uersantur:
600 1378 84 43 vt
642 1378 126 43 patet
727 1378 84 43 in
769 1378 182 43 agentibus
909 1378 70 43 a
937 1378 182 43 proposito
1064 1378 168 43 petentibus

440 1415 113 43 vnum
511 1415 85 43 et
553 1415 141 43 eundem
652 1415 127 43 locum
737 1415 85 43 in
779 1415 184 43 licentia:
921 1415 198 43 potissimum
1076 1415 127 43 circa
1147 1415 85 43 duas

442 1457 160 36 vltimas
559 1457 145 36 sedes.
660 1457 87 36 In
704 1457 189 36 agentibus
849 1457 87 36 vo
892 1457 218 36 naturalibus
1066 1457 87 36 vt
1110 1457 102 36 est
1153 1457 73 36 ca-

437 1485 101 44 lor
494 1485 101 44 vel
552 1485 130 44 lumen
638 1485 72 44 /
667 1485 187 44 productum
811 1485 86 44 ab
854 1485 101 44 vno
912 1485 144 44 agente
1013 1485 72 44 /
1027 1485 202 44 impedimentum

439 1521 160 47 prestat
556 1521 87 47 ne
600 1521 131 47 aliud
687 1521 131 47 agens
774 1521 117 47 suum
847 1521 175 47 effectum
978 1521 189 47 producat.
1139 1521 87 47 Ter-

434 1558 95 48 tio
489 1558 163 48 dicitur.
611 1558 109 48 quod
679 1558 190 48 negationes
828 1558 176 48 equaliter
964 1558 163 48 cadentes
1086 1558 81 48 in
1113 1558 122 48 copulam

444 1602 89 41 non
495 1602 76 41 se
533 1602 177 41 impediunt.
672 1602 101 41 Ecce
735 1602 76 41 si
773 1602 164 41 scribitur
900 1602 101 41 homo
963 1602 89 41 est
1013 1602 139 41 animal:
1115 1602 76 41 et
1140 1602 101 41 gemine

437 1636 191 41 negationes
587 1636 109 41 ante
655 1636 245 41 propositionem:
860 1636 95 41 sic
914 1636 163 41 icilicet
1037 1636 109 41 quod
1105 1636 95 41 vna
1146 1636 95 41 pona-

437 1671 97 46 tur
493 1671 83 46 in
534 1671 153 46 vertice
646 1671 181 46 alterius:
784 1671 83 46 et
826 1671 167 46 ducantur
951 1671 83 46 ab
993 1671 97 46 eis
1048 1671 97 46 due
1104 1671 125 46 linee
1173 1671 56 46 ad

437 1707 150 44 frontem
547 1707 232 44 propositionis
738 1707 123 44 paius
820 1707 164 44 scripte:
942 1707 123 44 sicut
1024 1707 150 44 solemus
1120 1707 109 44 facere

445 1747 83 44 in
487 1747 249 44 partitionibus:
694 1747 83 44 vt
736 1747 208 44 iustitiarum
902 1747 138 44 quedam
999 1747 166 44 legalis:
1109 1747 125 44 quedam-

437 1789 240 44 particularis:
635 1789 113 44 tunc
706 1789 113 44 ista
776 1789 198 44 propositio
932 1789 156 44 totalis
1045 1789 99 44 est
1088 1789 141 44 negatiua

438 1827 82 38 et
479 1827 137 38 copula
575 1827 82 38 ab
616 1827 150 38 vtraque
725 1827 150 38 istarum
835 1827 164 38 negatur:
958 1827 109 38 quia
1026 1827 96 38 est
1081 1827 109 38 equa
1135 1827 96 38 ratio

452 1854 112 50 quod
522 1854 84 50 ab
564 1854 98 50 vna
620 1854 154 50 negetur
732 1854 126 50 sicut
816 1854 84 50 ab
857 1854 126 50 alia.
941 1854 98 50 Nec
997 1854 182 50 sequitur:
1137 1854 98 50 due
1179 1854 56 50 ne

438 1896 185 48 gationes
576 1896 169 48 copulam
699 1896 200 48 anteeunt:
853 1896 123 48 ergo
930 1896 123 48 illa
1007 1896 215 48 propositio
1161 1896 77 48 est

443 1939 229 39 affirmatiua:
629 1939 100 39 sed
686 1939 158 39 oportet
801 1939 143 39 addere
901 1939 86 39 in
944 1939 229 39 antecedente:
1131 1939 86 39 et
1159 1939 72 39 vna

445 1972 129 41 aliam
531 1972 187 41 precedit.
675 1972 101 41 Sic
732 1972 101 41 est
790 1972 86 41 in
833 1972 201 41 proposito:
991 1972 115 41 quia
1063 1972 158 41 negatio
1163 1972 72 41 si-

445 2010 97 43 mul
501 2010 209 43 producitur:
668 2010 83 43 et
709 2010 97 43 est
765 2010 83 43 in
807 2010 167 43 subiecto
932 2010 223 43 impertibili:
1113 2010 111 43 ergo
1168 2010 70 43 nec

446 2052 101 38 est
503 2052 130 38 situs
590 2052 87 38 in
634 2052 116 38 loco
706 2052 101 38 nec
764 2052 116 38 ordo
836 2052 87 38 in
879 2052 217 38 productione
1053 2052 174 38 secundum
1169 2052 72 38 par

444 2080 94 42 tes
497 2080 148 42 priores
605 2080 81 42 et
646 2080 215 42 posteriores:
821 2080 81 42 et
861 2080 94 42 sic
915 2080 189 42 propositio
1063 2080 94 42 est
1103 2080 135 42 affirma-

445 2119 123 41 tiua
521 2119 107 41 non
583 2119 168 41 curando
705 2119 92 41 de
751 2119 230 41 multitudine
935 2119 230 41 negationum.
1118 2119 107 41 Sed
1164 2119 77 41 con

448 2158 102 40 tra
507 2158 131 40 istud
594 2158 175 40 arguitur
725 2158 160 40 ponendo
841 2158 204 40 negationem
1001 2158 204 40 successiue
1147 2158 87 40 esse

452 2193 180 47 productam:
594 2193 116 47 sicut
671 2193 167 47 conceptus
800 2193 206 47 partibiliter
967 2193 193 47 producitur.
1108 2193 129 47 quamquae

449 2229 112 51 enim
519 2229 209 51 intellectus
686 2229 153 51 aliquos
798 2229 126 51 actus
881 2229 139 51 subito
979 2229 181 51 producere
1118 2229 153 51 potest:

439 2270 135 43 illos
529 2270 105 43 vel
589 2270 165 43 similes
708 2270 120 43 pure
783 2270 239 43 partibiliter
978 2270 195 43 producere
1112 2270 120 43 potest

481 2307 141 43 Quarto
580 2307 169 43 dicitur.
706 2307 141 43 quando
805 2307 141 43 signum
903 2307 155 43 mentale
1002 2307 239 43 syncategoremati

440 2347 94 41 cu
487 2347 250 41 affirmatiuum
690 2347 109 41 vel
753 2347 203 41 negatiuum
909 2347 141 41 habet
1003 2347 156 41 plures
1096 2347 141 41 partes:

445 2381 88 40 et
489 2381 234 40 constituitur
679 2381 161 40 aliquid
796 2381 132 40 vnum:
884 2381 117 40 tunc
957 2381 219 40 intellectus
1118 2381 117 40 vtitur

451 2421 114 43 ipso
522 2421 128 43 signo
607 2421 156 43 tanquam
721 2421 114 43 vno:
792 2421 99 43 non
849 2421 213 43 respiciendo
1019 2421 85 43 ad
1062 2421 114 43 eius
1118 2421 114 43 partes

449 2458 89 43 sed
500 2458 77 43 ad
539 2458 128 43 totum:
628 2458 89 43 nec
679 2458 77 43 ad
718 2458 192 43 differentia
871 2458 192 43 specificam.
1024 2458 77 43 vt
1063 2458 102 43 ista
1114 2458 115 43 script-

452 2500 95 38 est
507 2500 218 38 affirmatiua:
684 2500 95 38 non
738 2500 122 38 bones
820 2500 95 38 non
874 2500 150 38 trahunt
983 2500 150 38 aratrum
1091 2500 95 38 per
1132 2500 109 38 cornua

446 2533 82 43 in
487 2533 150 43 gallia:
596 2533 109 43 esto
665 2533 123 43 prior
747 2533 150 43 negatio
856 2533 96 43 sit
910 2533 82 43 ex
951 2533 191 43 atramento:
1102 2533 82 43 et
1129 2533 109 43 secun-

448 2566 90 44 da
493 2566 90 44 ex
538 2566 135 44 auro:
628 2566 105 44 que
688 2566 150 44 specie
793 2566 210 44 differunt.
959 2566 135 44 Eodem
1049 2566 120 44 modo
1124 2566 90 44 in
1154 2566 90 44 mem-

455 2605 109 47 tali
524 2605 178 47 vltimata:
661 2605 123 47 licet
743 2605 82 47 in
784 2605 96 47 vna
838 2605 96 47 sit
893 2605 219 47 significatio
1071 2605 82 47 ad
1098 2605 137 47 placitum

449 2647 82 51 et
490 2647 82 51 in
531 2647 109 51 alia
599 2647 191 51 naturalis.
750 2647 82 51 Et
791 2647 82 51 si
832 2647 123 51 eadem
913 2647 150 51 negatio
1023 2647 164 51 scripta:
1145 2647 82 51 vt
1173 2647 68 51 non

1287 213 136 64 boues
1378 213 106 64 per
1438 213 151 64 cornua
1544 213 106 64 sed
1605 213 136 64 colla
1696 213 166 64 aratrum
1817 213 166 64 trahunt
1938 213 91 64 in
1968 213 121 64 britam

1277 268 120 48 nia:
1352 268 105 48 vel
1412 268 164 48 vocalis
1531 268 75 48 /
1561 268 164 48 ponatur
1681 268 179 48 geminata
1815 268 120 48 ante
1890 268 179 48 copulam:
2009 268 75 48 pro

1295 305 146 41 positio
1401 305 93 41 est
1454 305 212 41 affirmatiua:
1626 305 106 41 quia
1692 305 159 41 secundum
1811 305 212 41 multitudinem
1970 305 119 41 negatio

1283 347 102 43 num
1342 347 189 43 positarum
1487 347 261 43 significantium
1705 347 87 43 ad
1748 347 174 43 placitum
1879 347 203 43 formaliter
2024 347 73 43 vel

1285 371 217 48 equiualenter
1462 371 203 48 intellectus
1624 371 163 48 mouetur:
1746 371 135 48 quando
1841 371 108 48 enim
1908 371 108 48 sunt
1976 371 95 48 due
2017 371 81 48 nega

1289 417 146 48 tiones
1391 417 87 48 in
1435 417 117 48 voce
1508 417 102 48 vel
1566 417 102 48 vna
1624 417 175 48 geminata
1755 417 87 48 in
1799 417 160 48 scripto
1916 417 73 48 /
1945 417 146 48 signum
2032 417 73 48 est

1285 453 109 49 quod
1354 453 205 49 intellectus
1518 453 137 49 vtitur
1613 453 301 49 proportionabiliter
1873 453 82 49 in
1914 453 123 49 mente
1996 453 82 49 ad
2024 453 68 49 af-

1285 490 202 49 firmandum.
1443 490 101 49 Sed
1501 490 130 49 dicis
1587 490 101 49 hoc
1645 490 115 49 esse
1717 490 231 49 voluntarium:
1905 490 115 49 quia
1977 490 101 49 sic
2020 490 72 49 in-

1286 528 185 48 tellectus
1428 528 143 48 potest
1528 528 100 48 vti
1585 528 143 48 tribus
1685 528 228 48 negationibus
1870 528 100 48 pro
1927 528 114 48 vna:
1998 528 86 48 et
2027 528 71 48 vna

1291 562 97 46 pro
1347 562 152 46 duabus:
1457 562 83 46 et
1499 562 139 46 capere
1596 562 139 46 potest
1693 562 125 46 istum
1776 562 166 46 terminum
1901 562 139 46 sortes
1998 562 97 46 pro
2040 562 55 46 ne

1279 607 171 45 gatione.
1407 607 214 45 Respondetur
1579 607 157 45 negando
1693 607 114 45 quod
1764 607 100 45 sit
1822 607 229 45 voluntarium.
1993 607 100 45 sicut

1291 640 82 47 tu
1332 640 151 47 termino
1442 640 137 47 vteris
1539 640 96 47 pro
1593 640 124 47 illo:
1676 640 110 47 quod
1745 640 124 47 nulli
1827 640 151 47 rationi
1923 640 165 47 innititur.

1293 673 136 43 ateor
1383 673 226 43 intellectum
1564 673 136 43 posse
1655 673 151 43 tribus
1760 673 241 43 negationibus
1956 673 106 43 pro
2002 673 90 43 dua-

1278 708 108 42 bus
1339 708 123 42 vti.
1416 708 108 42 sed
1478 708 108 42 cum
1540 708 154 42 nomina
1648 708 231 42 significent
1833 708 93 42 ad
1879 708 185 42 placitum
2002 708 93 42 vtem

1292 746 117 54 tium
1366 746 73 54 /
1395 746 146 54 quando
1497 746 176 54 ponuntur
1629 746 102 54 due
1687 746 205 54 negationes
1848 746 117 54 ante
1921 746 176 54 copulam:
2038 746 59 54 di

1290 783 133 44 cimus
1379 783 118 44 illa
1453 783 251 44 affirmatiuam:
1659 783 207 44 innitentes
1821 783 118 44 huic
1895 783 162 44 regule.
1998 783 89 44 Nega

1276 820 100 55 tio
1333 820 172 55 quicquid
1462 820 115 55 post
1533 820 86 55 se
1576 820 158 55 inuenit
1691 820 186 55 destruit:
1834 820 86 55 et
1877 820 115 55 eius
1934 820 158 55 oppositum

1281 862 146 48 ponit.
1384 862 88 48 et
1428 862 103 48 cum
1486 862 103 48 hoc
1545 862 161 48 dicimus
1662 862 117 48 quod
1735 862 117 48 vnus
1809 862 117 48 homo
1882 862 88 48 in
1926 862 146 48 duobus
2014 862 73 48 lo-

1284 899 104 49 cis
1343 899 148 49 tantum
1447 899 148 49 potest
1551 899 163 49 portare
1669 899 163 49 quantum
1788 899 118 49 duo:
1862 899 148 49 quorum
1951 899 133 49 vterque

1279 933 99 38 est
1335 933 183 38 equaliter
1476 933 141 38 fortis
1575 933 85 38 vt
1617 933 127 38 ille:
1702 933 85 38 et
1744 933 99 38 duo
1801 933 141 38 maxima
1900 933 99 38 non
1942 933 141 38 sensibi-

1281 966 100 54 lia
1338 966 128 54 simul
1423 966 142 54 iuncta
1523 966 157 54 causant
1637 966 185 54 visibile:
1779 966 100 54 sic
1836 966 114 54 idem
1907 966 157 54 maximum
2007 966 71 54 non

1275 1004 192 48 sensibile
1423 1004 163 48 positum
1542 1004 89 48 in
1586 1004 148 48 duobus
1690 1004 133 48 locis
1778 1004 192 48 contiguis
1926 1004 148 48 causat
2015 1004 74 48 sui

1273 1039 262 58 sensationem.
1485 1039 131 58 ergo
1567 1039 213 58 eodemmodo
1730 1039 147 58 eadem
1828 1039 180 58 negatio
1959 1039 98 58 in
1992 1039 98 58 prin

1282 1083 126 46 cipio
1366 1083 237 46 propositionis
1561 1083 84 46 et
1603 1083 182 46 immediate
1743 1083 112 46 ante
1813 1083 154 46 copulam
1924 1083 140 46 posita
2008 1083 70 46 pro

1275 1120 207 46 positionem
1438 1120 236 46 affirmatiuam
1629 1120 192 46 producit:
1777 1120 162 46 negatio
1895 1120 118 46 enim
1969 1120 103 46 non
2013 1120 59 46 mo

1288 1158 79 46 do
1327 1158 158 46 destruit
1445 1158 92 46 eam
1498 1158 105 46 quae
1564 1158 144 46 inuenit
1669 1158 79 46 ab
1708 1158 118 46 aliis
1787 1158 171 46 plantata:
1918 1158 92 46 sed
1958 1158 118 46 seipsam

1285 1194 82 48 et
1326 1194 178 48 suiipsius
1463 1194 164 48 effectum
1586 1194 123 48 alias
1668 1194 150 48 repertu
1777 1194 178 48 eradicat:
1914 1194 82 48 et
1955 1194 82 48 in
1996 1194 82 48 se
2023 1194 55 48 mo

1286 1227 130 44 litur
1372 1227 158 44 castra:
1487 1227 130 44 nimum
1573 1227 158 44 negatio
1689 1227 101 44 est
1746 1227 216 44 malignantis
1919 1227 144 44 nature
2005 1227 72 44 (vt

1283 1269 194 46 vulgariter
1435 1269 166 46 dicitur)
1560 1269 166 46 quicquid
1685 1269 111 46 post
1754 1269 83 46 se
1795 1269 152 46 inuenit
1906 1269 69 46 /
1934 1269 180 46 destruit:

1287 1302 88 48 et
1331 1302 117 48 eius
1404 1302 190 48 oppositum
1551 1302 146 48 ponit.
1653 1302 132 48 sicut
1741 1302 161 48 inuidus
1858 1302 161 48 volebat
1960 1302 117 48 altero

1279 1343 142 48 oculo
1374 1343 158 48 orbari
1484 1343 95 48 vt
1532 1343 158 48 socius
1642 1343 174 48 vtroque
1768 1343 189 48 vacaret.
1942 1343 126 48 Nunc
2005 1343 79 48 po-

1288 1379 101 40 nam
1345 1379 188 40 argumenta
1490 1379 145 40 quibus
1591 1379 130 40 alius
1678 1379 145 40 docior
1779 1379 130 40 tenet
1866 1379 188 40 praefatam
1996 1379 72 40 con

1280 1412 204 51 clusionem:
1441 1412 146 51 negans
1542 1412 277 51 syncategoremata
1775 1412 87 51 in
1819 1412 146 51 mente:
1921 1412 146 51 ponens
2008 1412 73 51 co-

1282 1449 138 50 pulam
1374 1449 123 50 esse
1450 1449 123 50 tota
1527 1449 276 50 propositionem.
1788 1449 153 50 Quarto
1895 1449 230 50 argumentor.
2064 1449 46 50 A

1288 1491 110 49 Aima
1357 1491 96 49 non
1412 1491 123 49 minus
1494 1491 137 49 potest
1590 1491 96 49 vno
1644 1491 110 49 actu
1713 1491 164 49 simplici
1836 1491 164 49 realiter
1959 1491 164 49 apprehem
2069 1491 41 49 c

1287 1522 98 44 dere
1348 1522 74 44 a.
1385 1522 98 44 esse
1446 1522 74 44 b.
1483 1522 98 44 quam
1544 1522 147 44 iudicare
1655 1522 74 44 a.
1692 1522 98 44 esse
1753 1522 74 44 b.
1790 1522 86 44 sed
1839 1522 147 44 iudicium
1949 1522 86 44 est
1999 1522 110 44 actus
2060 1522 49 44 si

1290 1559 157 50 simplex.
1407 1559 104 50 quod
1473 1559 170 50 probatur.
1603 1559 91 50 nam
1655 1559 157 50 iudicium
1773 1559 91 50 quo
1825 1559 131 50 iudico
1916 1559 131 50 sortem
1995 1559 78 50 esse

1285 1602 137 43 animal:
1384 1602 87 43 non
1434 1602 175 43 componitur
1571 1602 75 43 ex
1609 1602 125 43 variis
1696 1602 150 43 partibus
1809 1602 62 43 /
1833 1602 125 43 quarum
1921 1602 87 43 vna
1971 1602 100 43 erit
2021 1602 62 43 as-

1286 1632 129 51 sensus
1377 1632 155 51 subiecti
1493 1632 65 51 /
1519 1632 78 51 et
1558 1632 103 51 alia
1622 1632 103 51 erit
1687 1632 155 51 assensus
1803 1632 181 51 praedicati
1946 1632 91 51 vel
1984 1632 91 51 copu-

1286 1671 95 49 le.
1341 1671 82 49 Et
1382 1671 218 49 confirmatur.
1559 1671 82 49 si
1600 1671 123 49 omnes
1681 1671 136 49 partes
1776 1671 231 49 propositionis
1953 1671 123 49 scripte

1281 1715 149 37 essent
1386 1715 90 37 in
1430 1715 134 37 eodem
1520 1715 134 37 loco:
1609 1715 104 37 non
1669 1715 134 37 esset
1759 1715 134 37 ratio
1848 1715 134 37 quare
1938 1715 104 37 hec
1982 1715 90 37 pars

1287 1749 118 45 esset
1366 1749 171 45 subiectum
1497 1749 79 45 et
1536 1749 105 45 illa
1602 1749 210 45 praedicatum.
1772 1749 105 45 ergo
1838 1749 171 45 similiter
1969 1749 79 45 in
1995 1749 79 45 mem-

1290 1785 107 40 tali.
1385 1785 71 40 Ad
1421 1785 119 40 primum
1504 1785 131 40 dicitur
1599 1785 83 40 non
1646 1785 95 40 esse
1706 1785 107 40 idem:
1777 1785 95 40 quia
1836 1785 143 40 iudicium
1943 1785 83 40 est
1979 1785 95 40 respe-

1285 1824 89 45 ctu
1336 1824 153 45 complexi
1451 1824 127 45 solum:
1540 1824 89 45 non
1591 1824 102 45 enim
1655 1824 178 45 assentimus
1795 1824 191 45 incomplexo:
1948 1824 89 45 sed
1986 1824 89 45 appre

1290 1858 126 44 hensio
1379 1858 88 44 est
1429 1858 151 44 respectu
1543 1858 151 44 complexi
1656 1858 76 44 et
1694 1858 189 44 incomplexi:
1845 1858 76 44 et
1883 1858 113 44 anima
1946 1858 126 44 apprehei

1285 1894 95 48 dit
1340 1894 95 48 res
1394 1894 95 48 que
1448 1894 122 48 sunt:
1529 1894 81 48 et
1570 1894 95 48 non
1624 1894 135 48 potest
1719 1894 135 48 aliter
1813 1894 81 48 se
1854 1894 135 48 habere
1949 1894 81 48 in
1989 1894 81 48 re
2030 1894 81 48 ad

1288 1935 249 40 apprehendendum
1496 1935 111 40 quam
1565 1935 97 40 res
1621 1935 111 40 sunt
1690 1935 152 40 oblate:
1801 1935 111 40 modo
1870 1935 69 40 e
1898 1935 166 40 rationes
2009 1935 69 40 fer

1289 1970 78 40 me
1328 1970 247 40 experimentales:
1536 1970 78 40 et
1575 1970 156 40 communes
1692 1970 156 40 valentum
1808 1970 221 40 auctoritates:
1977 1970 104 40 osten-

1281 2006 115 47 dunt
1353 2006 144 47 plures
1453 2006 259 47 apprehensiones
1669 2006 86 47 in
1712 2006 173 47 mentali.
1842 2006 216 47 Confirmatio
2000 2006 72 47 est

1294 2048 127 41 nulla.
1383 2048 89 41 iam
1434 2048 102 41 enim
1498 2048 89 41 non
1548 2048 89 41 est
1599 2048 191 41 propositio:
1752 2048 89 41 cum
1802 2048 89 41 sit
1853 2048 178 41 terminorum
1980 2048 89 41 confu

1278 2081 98 46 sio
1334 2081 70 46 /
1362 2081 98 46 vel
1417 2081 98 46 qui
1473 2081 153 46 fuerunt
1585 2081 167 46 termini:
1710 2081 125 46 sicut
1793 2081 195 46 atramentum
1947 2081 84 46 in
1975 2081 98 46 cala-

1283 2122 85 36 mo
1325 2122 114 36 erit
1396 2122 185 36 terminus:
1538 2122 85 36 et
1581 2122 114 36 erit
1652 2122 213 36 propositio:
1822 2122 85 36 si
1865 2122 142 36 iterum
1950 2122 128 36 ponatur

1283 2155 78 37 in
1322 2155 130 37 calamo
1413 2155 117 37 sicut
1491 2155 117 37 paius
1569 2155 117 37 erat:
1647 2155 91 37 non
1698 2155 104 37 erit
1763 2155 195 37 propositio.
1919 2155 117 37 sicut
1997 2155 78 37 in
2023 2155 52 37 si

1286 2191 110 49 mili
1355 2191 165 49 dicimus:
1479 2191 165 49 integrum
1602 2191 124 49 panem
1684 2191 137 49 sortes
1781 2191 165 49 comedit:
1904 2191 96 49 sed
1945 2191 124 49 numquam

1290 2227 139 44 comedit
1392 2227 152 44 integrum
1505 2227 127 44 panem:
1594 2227 76 44 et
1632 2227 89 44 sic
1683 2227 139 44 concedo
1784 2227 101 44 quod
1847 2227 89 44 non
1898 2227 89 44 est
1948 2227 114 44 ratio
2012 2227 63 44 qua

1284 2262 77 51 re
1323 2262 90 51 hec
1374 2262 102 51 pars
1438 2262 90 51 est
1489 2262 166 51 subiectum
1617 2262 128 51 potius
1706 2262 102 51 quam
1770 2262 115 51 illa:
1847 2262 90 51 cum
1898 2262 102 51 enim
1962 2262 90 51 est
2000 2262 77 51 nega

1288 2307 102 42 tiua
1352 2307 64 42 /
1377 2307 115 42 nihil
1454 2307 127 42 ponit.
1568 2307 127 42 Quinto
1658 2307 166 42 arguitur.
1785 2307 153 42 sequitur
1900 2307 102 42 quod
1951 2307 127 42 intelle-

1282 2336 113 42 ctus
1352 2336 141 42 habens
1451 2336 183 42 conceptum
1592 2336 127 42 petri
1676 2336 84 42 et
1718 2336 141 42 pauli:
1817 2336 99 42 non
1873 2336 141 42 potest
1957 2336 127 42 formare

1279 2376 127 47 istam
1363 2376 70 47 /
1392 2376 141 47 petrus
1490 2376 99 47 est
1546 2376 141 47 albus:
1645 2376 113 47 quin
1715 2376 141 47 formet
1814 2376 127 47 istam
1898 2376 70 47 /
1926 2376 141 47 paulus
2011 2376 70 47 est

1285 2415 132 43 albus.
1377 2415 172 43 Probatur:
1509 2415 106 43 quia
1575 2415 106 43 ille
1641 2415 172 43 conceptus
1773 2415 158 43 verbalis
1892 2415 92 43 non
1945 2415 119 43 minus
2011 2415 66 43 con

1293 2451 128 46 ponitur
1386 2451 81 46 cum
1433 2451 93 46 illo
1491 2451 139 46 conceptu
1596 2451 93 46 quam
1654 2451 81 46 cum
1700 2451 105 46 isto:
1770 2451 93 46 quia
1828 2451 81 46 est
1874 2451 93 46 eque
1933 2451 139 46 praesens
2026 2451 46 46 et

1288 2498 114 37 eque
1359 2498 241 37 componibilis:
1558 2498 85 37 et
1600 2498 114 37 quia
1671 2498 99 37 non
1728 2498 199 37 componitur
1884 2498 99 37 per
1927 2498 156 37 continua-

1292 2524 133 43 tionem
1385 2524 93 43 vel
1438 2524 240 43 contiguationem
1639 2524 67 43 /
1665 2524 93 43 vel
1719 2524 93 43 per
1772 2524 240 43 informationem.
1959 2524 120 43 igitur.

1283 2566 77 46 Et
1322 2566 204 46 confirmatur.
1488 2566 89 46 hec
1539 2566 128 46 litera
1628 2566 77 46 a.
1666 2566 192 46 significans
1820 2566 140 46 hominem
1922 2566 102 46 esse
1973 2566 102 46 animal

1290 2603 100 48 est
1347 2603 215 48 propositio:
1519 2603 86 48 et
1562 2603 129 48 tamen
1648 2603 100 48 non
1705 2603 129 48 habet
1791 2603 143 48 plures
1892 2603 158 48 partes:
1992 2603 86 48 qua-

1289 2642 91 52 rum
1341 2642 91 52 vna
1393 2642 91 52 sit
1445 2642 169 52 subiectum
1576 2642 78 52 et
1615 2642 104 52 alia
1680 2642 143 52 copula:
1784 2642 78 52 et
1823 2642 130 52 tertia
1902 2642 182 52 praedicatum:
