2319 3287
393 183 126 60 dam
465 183 271 60 epigrammate
682 183 108 60 de
736 183 217 60 auaricia
898 183 217 60 Sceuole.
1061 183 108 60 Si
1097 183 108 60 dede

410 242 128 40 rint
490 242 159 40 superi
601 242 159 40 decies
713 242 128 40 mihi
793 242 143 40 milia
888 242 175 40 centum:
1016 242 175 40 Dicebas
1127 242 80 40 num

401 278 109 43 dum
464 278 171 43 sceuola
588 278 156 43 iustus
697 278 156 43 eques.
806 278 187 43 Qualiter
946 278 78 43 o
977 278 140 43 viuam
1071 278 125 43 quam
1133 278 78 43 lar

406 316 83 40 ge
448 316 69 40 /
475 316 152 40 quamque
586 316 138 40 beate.
682 316 83 40 et
724 316 179 40 sequitur.
862 316 179 40 Sordidior
1000 316 124 40 multo
1083 316 110 40 post
1138 316 69 40 hoc

407 354 125 40 toga
486 354 157 40 penula
595 354 157 40 peior.
705 354 110 40 Sed
768 354 94 40 in
815 354 204 40 solutione
972 354 94 40 ad
1019 354 172 40 octauum
1129 354 78 40 po-

407 390 160 43 nuntur
519 390 160 43 plures
631 390 224 43 volitiones
806 390 224 43 interiores
982 390 96 43 in
1014 390 176 43 orantibu-

403 428 110 42 quam
472 428 82 42 in
513 428 110 42 illo
582 428 96 42 cui
637 428 151 42 deficit
747 428 165 42 pecunis.
870 428 69 42 ⁋
898 428 96 42 Sed
953 428 124 42 dices
1035 428 82 42 ex
1076 428 110 42 isto
1131 428 69 42 sed

398 464 104 46 tur.
463 464 104 46 quod
528 464 156 46 conditio
646 464 156 46 pauperis
763 464 91 46 est
815 464 156 46 deterior
932 464 104 46 quam
998 464 156 46 conditio
1102 464 91 46 diuit

403 505 83 39 vt
445 505 125 39 patet
528 505 111 39 quia
597 505 97 39 non
653 505 139 39 potest
750 505 153 39 lucrari
861 505 236 39 indulgentias:
1055 505 97 39 nec
1097 505 111 39 potest

399 539 105 51 esse
464 539 183 51 magnificus
608 539 118 51 patet
687 539 131 51 quarti
778 539 170 51 ethicorum
909 539 157 51 secundo:
1027 539 92 51 vbi
1066 539 131 51 postquam

398 583 235 45 aristoteles
586 583 94 45 de
633 583 266 45 magnificentia
852 583 204 45 difseruit
993 583 204 45 corollarium

409 614 155 47 infert.
522 614 169 47 Quocirca
649 614 141 47 pauper
748 614 99 47 non
804 614 113 47 erit
874 614 212 47 magnificus:
1044 614 141 47 quippe
1128 614 71 47 cum

411 650 94 53 ei
458 650 109 53 non
521 650 125 53 sint
599 650 94 53 ea
646 650 156 53 quibus
755 650 141 53 multo
849 650 156 53 decore
959 650 156 53 faciat
1052 650 141 53 sumptus

393 694 92 45 v⁋
439 694 229 45 Respondetur
622 694 122 45 quod
698 694 107 45 non
759 694 214 45 inconuenit
927 694 168 45 maiorem
1033 694 153 45 virtuter

409 729 152 39 aliqua
515 729 122 39 bona
592 729 244 39 circunstatia
790 729 152 39 vacare
896 729 107 39 que
957 729 183 39 conuenit
1079 729 122 39 alteri

412 754 169 62 virtuti:
539 754 197 62 virginitas
693 754 197 62 castitatem
848 754 211 62 coniungalem
1017 754 169 62 repudiat
1130 754 70 62 qua

404 804 160 49 constat
520 804 116 49 esse
592 804 189 49 vertutem:
737 804 87 49 et
781 804 145 49 martyr
882 804 102 49 vel
940 804 131 49 morte
1027 804 174 49 oppetens
1143 804 58 49 in

398 842 114 50 acie
469 842 129 50 belli
555 842 129 50 iusti
641 842 157 50 iudicat
755 842 86 50 se
798 842 114 50 esse
869 842 172 50 priuatum
998 842 143 50 multis
1084 842 100 50 bonis

403 874 158 56 faceret
517 874 86 56 si
560 874 229 56 supruiueret:
747 874 100 56 sed
804 874 100 56 non
861 874 186 56 propterea
1004 874 115 56 male
1076 874 129 56 agit.
1148 874 57 56 si

404 920 101 44 cut
461 920 130 44 diues
548 920 202 44 laudabiltr
707 920 130 44 facit
794 920 145 44 aliqua
895 920 116 44 quae
968 920 101 44 non
1025 920 130 44 facit
1098 920 101 44 paup.

399 960 103 37 Sed
458 960 206 37 voluntarie
620 960 147 37 pauper
723 960 88 37 in
767 960 162 37 abiecta
884 960 118 37 casa
958 960 191 37 humiliter
1090 960 103 37 tram-

406 991 161 50 quillus
524 991 176 50 qdescit:
656 991 103 50 vbi
715 991 132 50 diues
803 991 88 50 in
847 991 117 50 iugo
920 991 147 50 montis
1023 991 161 50 positus
1126 991 73 50 ven

406 1031 89 40 to
451 1031 75 40 a
481 1031 179 40 grandini
615 1031 75 40 a
645 1031 149 40 multis
749 1031 194 40 procellis
898 1031 209 40 exponitur.
1062 1031 119 40 paup
1121 1031 75 40 po-

404 1067 115 51 test
475 1067 143 51 habere
576 1067 244 51 magnificetias
776 1067 258 51 conditionales:
991 1067 86 51 et
1034 1067 115 51 iste
1092 1067 100 51 actus

395 1101 93 55 est
448 1101 133 55 bonus:
541 1101 133 55 vellem
634 1101 186 55 construere
781 1101 106 55 edem
847 1101 106 55 diue
914 1101 146 55 vergini
1020 1101 93 55 vel
1060 1101 133 55 hospita-

402 1137 94 59 le
449 1137 219 59 pauperibus
621 1137 94 59 si
668 1137 172 59 haberem
793 1137 187 59 sumptus:
933 1137 125 59 ergo
996 1137 203 59 generatiuus

398 1180 175 51 virtutis:
532 1180 108 51 quia
600 1180 242 51 infallibiliter
802 1180 162 51 quilibet
923 1180 121 51 actus
1003 1180 121 51 bonus
1084 1180 94 51 est
1125 1180 67 51 pro

394 1205 172 63 ductiuus
523 1205 187 63 virtutis.
666 1205 86 63 vt
709 1205 129 63 patet
796 1205 100 63 per
853 1205 244 63 diffinitionem
1039 1205 144 63 virtuti-

400 1250 153 58 secundo
511 1250 194 58 ethicorum.
664 1250 83 58 et
705 1250 125 58 talis
789 1250 139 58 virtus
886 1250 153 58 spectat
997 1250 83 58 ad
1025 1250 167 58 magnificem

402 1293 143 54 tiam.
498 1293 112 54 Sed
561 1293 143 54 forte
657 1293 239 54 categoricos
848 1293 143 54 actus
944 1293 112 54 non
1008 1293 159 54 potest
1103 1293 96 54 hare

400 1331 107 52 cum
461 1331 123 52 alio
538 1331 169 52 habente
660 1331 184 52 sumptus:
798 1331 123 52 hunc
875 1331 138 52 cibum
967 1331 214 52 condiuimus
1120 1331 61 52 pe

401 1365 158 54 forte.
512 1365 79 54 ⁋
543 1365 158 54 Decimo
654 1365 205 54 arguitur:
811 1365 189 54 occidens
953 1365 95 54 in
1001 1365 189 54 dementia
1127 1365 63 54 ve

398 1403 97 50 in
446 1403 145 50 plena
543 1403 210 50 ebrietate
705 1403 161 50 peccat
818 1403 129 50 nouo
898 1403 178 50 peccato
1028 1403 113 50 quo
1076 1403 113 50 occi-

395 1445 105 49 dit:
460 1445 79 49 et
500 1445 118 49 tamen
578 1445 118 49 talis
657 1445 92 49 non
709 1445 118 49 habet
788 1445 118 49 actum
867 1445 183 49 interiorem
1011 1445 144 49 tempore
1102 1445 79 49 qui-

402 1486 175 44 occidit.
534 1486 117 44 ergo
606 1486 131 44 actus
694 1486 175 44 exterior
825 1486 160 44 aliquid
941 1486 189 44 bonitatis
1087 1486 102 44 vel
1131 1486 58 44 ma

394 1512 126 57 litie
478 1512 209 57 supperaddit
645 1512 196 57 interiori.
799 1512 98 57 vel
855 1512 112 57 erit
925 1512 154 57 aliquis
1036 1512 126 57 actus
1106 1512 84 57 exte

399 1552 125 56 rior
478 1552 141 56 malus
571 1552 109 56 cui
634 1552 156 56 nullus
743 1552 203 56 respondet
900 1552 94 56 in
947 1552 219 56 voluntate.
1119 1552 109 56 Sed

395 1594 120 50 forte
475 1594 120 50 dices
555 1594 173 50 respondet
688 1594 80 50 ei
728 1594 120 50 actus
808 1594 120 50 malus
888 1594 253 50 interpretatiuus
1088 1594 93 50 pater

393 1629 90 51 ta
438 1629 135 51 actus
528 1629 105 51 quo
588 1629 150 51 voluit
692 1629 224 51 ebrietatem.
872 1629 105 51 vel
932 1629 135 51 potus
1021 1629 105 51 quo
1066 1629 120 51 ebrie-

396 1669 130 52 tatem
482 1669 159 52 voluit.
598 1669 72 52 ⁋
627 1669 144 52 Contra
728 1669 101 52 hoc
786 1669 101 52 sic
843 1669 188 52 arguitur:
988 1669 116 52 sint
1060 1669 101 52 duo
1103 1669 87 52 temu

397 1704 128 59 lenti
482 1704 100 59 cum
539 1704 157 59 ceteris
653 1704 157 59 positis
767 1704 100 59 que
824 1704 199 59 sufficiunt
980 1704 85 59 ad
1023 1704 157 59 equalem
1123 1704 71 59 te-

401 1743 192 54 mulentiam
549 1743 207 54 culpabilem
711 1743 148 54 sortes
814 1743 89 54 et
859 1743 148 54 plato:
962 1743 162 54 occidat
1065 1743 118 54 sortes

393 1785 97 53 non
448 1785 124 53 autem
531 1785 138 53 plato:
628 1785 97 53 sed
683 1785 166 53 dormiat:
807 1785 124 53 sicut
890 1785 179 53 aliquibus
1014 1785 166 53 temulentir

407 1822 180 50 contingit.
549 1822 103 50 tunc
613 1822 103 50 sic:
677 1822 116 50 omnes
754 1822 116 50 actus
832 1822 180 50 interiores
973 1822 142 50 eliciti
1076 1822 103 50 sunt
1128 1822 51 50 es

397 1858 96 54 lia
452 1858 164 54 peccata:
575 1858 82 54 et
616 1858 123 54 omnia
699 1858 151 54 peccata
808 1858 110 54 ante
877 1858 192 54 ebrietatem
1027 1858 123 54 erant
1096 1858 82 54 equi

395 1891 95 63 lia
450 1891 82 63 in
491 1891 95 63 eis
545 1891 95 63 (vt
600 1891 164 63 suppono)
723 1891 95 63 sed
777 1891 136 63 sortes
872 1891 82 63 in
913 1891 109 63 fine
982 1891 95 63 est
1036 1891 123 63 peior
1104 1891 82 63 quam

400 1935 142 51 plato:
499 1935 113 51 ergo
570 1935 99 51 hoc
627 1935 170 51 prouenit
754 1935 156 51 ratione
868 1935 128 51 actus
953 1935 213 51 exterioris:
1109 1935 71 51 cum

394 1968 127 57 omnes
479 1968 127 57 actus
564 1968 198 57 interiores
720 1968 113 57 sint
790 1968 170 57 equales.
918 1968 71 57 ⁋
946 1968 99 57 Sed
1003 1968 142 57 quaere
1088 1968 99 57 solu-

398 2003 131 51 tionem
490 2003 79 51 ab
529 2003 92 51 iis
581 2003 92 51 qui
634 2003 118 51 facta
712 2003 157 51 ebriorum
830 2003 131 51 tenent
922 2003 210 51 imputabilia:
1092 2003 79 51 et
1118 2003 66 51 cum

394 2040 97 61 hoc
450 2040 125 61 istam
533 2040 221 61 conclusionem
712 2040 138 61 contra
809 2040 111 61 quam
879 2040 194 61 obiicimus:
1031 2040 111 61 quia
1086 2040 97 61 actus

400 2088 184 51 ebriorum
538 2088 184 51 hucusque
676 2088 138 51 tenui
768 2088 108 51 non
830 2088 246 51 imputabiles.
1029 2088 77 51 ⁋
1045 2088 138 51 Undecio

399 2117 171 59 arguitur.
530 2117 184 59 sequeretur
675 2117 105 59 quod
740 2117 79 59 si
780 2117 118 59 actus
859 2117 158 59 exterior
977 2117 118 59 nihil
1043 2117 144 59 bonitatum

395 2159 213 54 superadderet
568 2159 120 54 actui
647 2159 186 54 interiori:
794 2159 106 54 quod
860 2159 120 54 anima
940 2159 146 54 christi
1046 2159 133 54 tantum
1126 2159 53 54 mi

394 2193 112 60 ruit
464 2193 153 60 volendo
575 2193 98 60 pro
631 2193 126 60 nobis
715 2193 112 60 pati
785 2193 153 60 quantum
896 2193 181 60 patiendo:
1036 2193 84 60 et
1077 2193 98 60 per
1119 2193 70 60 con

399 2227 169 62 sequens
522 2227 108 62 non
583 2227 123 62 opus
660 2227 123 62 erat
737 2227 123 62 quod
814 2227 200 62 pateretur
968 2227 169 62 mortem.
1092 2227 77 62 ⁋
1107 2227 77 62 Duc

398 2267 139 60 decimo.
499 2267 177 60 sequeretur
639 2267 101 60 quod
702 2267 101 60 ille
765 2267 88 60 qui
815 2267 126 60 vellet
904 2267 152 60 occidere
1018 2267 164 60 infinitos
1131 2267 51 60 ho

396 2306 122 62 mines
477 2306 135 62 tantum
571 2306 162 62 peccaret
693 2306 149 62 quantum
801 2306 108 62 ille
868 2306 95 62 qui
922 2306 176 62 infinitos
1044 2306 149 62 occideret

399 2341 144 62 falsitas
507 2341 192 62 consequantis
664 2341 120 62 patet:
748 2341 96 62 quia
808 2341 144 62 occidens
916 2341 156 62 infinitos
1037 2341 132 62 homines
1121 2341 72 62 infi

400 2383 117 60 nite
473 2383 160 60 peccat:
590 2383 146 60 volens
692 2383 102 60 tot
750 2383 175 60 occidere
881 2383 102 60 non
939 2383 175 60 infinite
1056 2383 131 60 peccat.

395 2417 144 63 igitur.
500 2417 66 63 ⁋
526 2417 79 63 Ad
565 2417 171 63 vndecimum
697 2417 144 63 dicitur
802 2417 105 63 quod
867 2417 79 63 si
907 2417 118 63 anima
985 2417 144 63 christi
1077 2417 105 63 voluin

394 2463 212 48 efficaciter
564 2463 127 48 pati.
649 2463 85 48 et
691 2463 99 48 non
748 2463 113 48 erat
818 2463 226 48 impedimentum
988 2463 184 48 patiebatur:

393 2492 102 71 sic
452 2492 205 71 imaginitio
613 2492 190 71 argumenti
759 2492 102 71 est
817 2492 146 71 nulla.
920 2492 132 71 Etiam
1007 2492 146 71 passio
1095 2492 117 71 secum-

393 2531 107 50 dum
454 2531 168 50 aliquos
576 2531 244 50 requirebatur
774 2531 107 50 per
835 2531 137 50 modum
927 2531 137 50 precu
1018 2531 107 50 non
1064 2531 122 50 meriti

391 2572 137 57 quia
476 2572 154 57 ianua
579 2572 222 57 aperiebat
750 2572 171 57 quando
869 2572 188 57 precium
989 2572 205 57 soluebatur

396 2610 79 75 Si
435 2610 132 75 loquri
528 2610 79 75 de
568 2610 198 75 lanceatione
726 2610 145 75 christi
832 2610 106 75 post
898 2610 132 75 morte:
991 2610 145 75 poterat
1083 2610 119 75 christs

1257 199 139 70 illam
1349 199 200 70 acceptare
1503 199 92 70 ad
1549 199 215 70 quodcumque
1718 199 169 70 premium
1842 199 123 70 quod
1903 199 154 70 volebat.

1260 243 91 60 et
1305 243 106 60 sic
1366 243 197 60 passionem
1517 243 166 60 christi
1638 243 91 60 et
1683 243 121 60 eius
1759 243 136 60 actus
1849 243 166 60 nolumus
1955 243 106 60 coar-

1260 282 142 60 tare
1349 282 125 60 cum
1420 282 196 60 legibus
1563 282 267 60 communibus.
1776 282 89 60 ⁋
1812 282 107 60 Ad
1847 282 214 60 duodecimum

1261 322 102 57 re
1312 322 238 57 spondetur:
1499 322 204 57 sequelam
1652 322 187 57 ceteris
1788 322 187 57 paribus
1907 322 153 57 negando

1266 353 145 63 potest
1368 353 116 63 enim
1441 353 204 63 contingere
1601 353 116 63 quod
1674 353 116 63 quis
1747 353 160 63 occidat
1863 353 189 63 infinitos
1994 353 58 63 ho

1262 401 159 48 mines:
1373 401 95 48 et
1421 401 143 48 solum
1516 401 159 48 finite
1627 401 175 48 peccet.
1754 401 159 48 quando
1865 401 143 48 habet
1945 401 111 48 actum

1248 436 203 54 confusum
1400 436 152 54 circa
1502 436 118 54 eos
1569 436 169 54 omnes:
1687 436 135 54 pono
1772 436 169 54 semper
1890 436 169 54 cetera
1991 436 68 54 pa

1252 471 138 59 ria.
1338 471 224 59 homicidio
1511 471 138 59 enim
1597 471 259 59 determinato
1804 471 207 59 adiungit
1942 471 121 59 homi-

1254 512 153 57 cidium
1361 512 215 57 distinctum
1530 512 199 57 interius.
1683 512 92 57 et
1729 512 138 57 nulla
1821 512 107 57 est
1867 512 199 57 difficultas

1258 550 84 50 ⁋
1292 550 268 50 Tertiodecimo
1509 550 218 50 arguitur:
1677 550 234 50 sequeretur
1861 550 134 50 quod
1928 550 134 50 marty-

1256 590 125 50 rium
1335 590 204 50 laurentii
1491 590 110 50 vel
1554 590 204 50 vincentii
1710 590 110 50 non
1773 590 141 50 esset
1867 590 125 50 pius
1930 590 125 50 laudan

1256 622 108 55 dum
1317 622 123 55 quam
1394 622 185 55 cipriani
1533 622 108 55 vel
1595 622 185 55 alicuius
1733 622 154 55 mortui
1841 622 92 55 in
1872 622 185 55 carceribus

1256 662 216 56 consequens
1425 662 170 56 videtur
1548 662 262 56 inconueniens.
1764 662 123 56 ergo
1841 662 92 56 et
1872 662 185 56 antecedens

1256 703 251 52 consequentia
1460 703 157 52 patet.
1570 703 126 52 quia
1649 703 188 52 habebant
1790 703 141 52 actus
1869 703 188 52 interiores

1246 740 189 51 equales
1384 740 189 51 nolendi
1521 740 275 51 derelinquere
1745 740 138 51 opus
1831 740 207 51 honestum
1969 740 86 51 non

1253 780 206 52 obstante
1408 780 224 52 quacunque
1580 780 241 52 conditione
1769 780 189 52 mortis.
1906 780 86 52 ⁋
1923 780 138 52 Quarto

1250 809 159 63 decimo
1361 809 191 63 arguitur
1504 809 222 63 sequeretur
1679 809 127 63 quod
1758 809 95 63 si
1806 809 175 63 aliquis
1917 809 143 63 negaret

1256 847 143 58 fidem
1351 847 111 58 ore
1415 847 238 58 dissentiens
1606 847 143 58 tamen
1701 847 95 58 in
1749 847 159 58 mente:
1860 847 175 58 dicendo
1972 847 79 58 in-

1250 889 115 57 ter
1315 889 264 57 machometanos
1530 889 132 57 quod
1612 889 132 57 vult
1694 889 148 57 eorum
1793 889 148 57 secte
1876 889 181 57 adherere:

1241 927 114 55 non
1306 927 211 55 peccaret:
1468 927 228 55 consequens
1647 927 114 55 est
1712 927 179 55 falsum.
1843 927 130 55 quia
1924 927 98 55 ad
1956 927 98 55 roma

1255 967 104 48 nos
1315 967 164 48 decimo.
1434 967 134 48 corde
1523 967 179 48 creditur
1658 967 89 48 ad
1702 967 209 48 iustitiam:
1866 967 104 48 ore
1926 967 104 48 fit
1970 967 75 48 con

1252 999 154 61 fessio
1359 999 92 61 ad
1405 999 184 61 salutem.
1544 999 92 61 Et
1590 999 138 61 patet
1682 999 261 61 consequentia:
1897 999 123 61 quia
1959 999 92 61 qua-

1251 1037 147 53 libet
1349 1037 147 53 actus
1446 1037 131 53 quem
1528 1037 147 53 habet
1626 1037 114 53 est
1691 1037 163 53 bonus:
1805 1037 98 53 et
1854 1037 147 53 solum
1936 1037 114 53 habet

1255 1076 154 54 istum:
1362 1076 123 54 volo
1439 1076 154 54 manere
1547 1076 246 54 christianus.
1747 1076 77 54 ⁋
1777 1076 92 54 Ad
1808 1076 246 54 tertiundecimum

1259 1115 158 53 dicitur
1374 1115 231 53 consequentia
1561 1115 101 53 est
1619 1115 144 53 nulla.
1720 1115 101 53 cum
1777 1115 115 53 enim
1849 1115 101 53 sit
1907 1115 130 53 actus
1979 1115 72 53 lau

1249 1153 167 58 dabilis
1370 1153 91 58 in
1416 1153 106 58 non
1476 1153 197 58 deserenda
1628 1153 136 58 fide:
1719 1153 91 58 in
1764 1153 212 58 praesentia
1916 1153 136 58 maiorum

1249 1194 230 49 periculorum
1432 1194 123 49 erat
1509 1194 230 49 difficilior
1693 1194 199 49 propterea
1846 1194 168 49 melior:
1953 1194 92 49 stat

1255 1233 109 52 enim
1324 1233 109 52 quod
1392 1233 137 52 aliqui
1488 1233 96 52 non
1542 1233 205 52 resilientes
1706 1233 68 52 a
1734 1233 109 52 fide
1802 1233 82 52 in
1843 1233 191 52 praesentia
1980 1233 68 52 per

1250 1272 137 47 uorum
1341 1272 244 47 periculorum:
1540 1272 290 47 retrocessissent
1784 1272 92 47 in
1829 1272 214 47 praesentia
1982 1272 61 47 ma

1255 1302 136 52 iorum.
1351 1302 82 52 et
1391 1302 122 52 licet
1473 1302 136 52 aliqui
1568 1302 136 52 sancti
1663 1302 136 52 oceisi
1758 1302 82 52 in
1799 1302 204 52 cruciatibus
1949 1302 95 52 coni-

1255 1342 118 58 bus
1322 1342 168 58 parati
1440 1342 151 58 erant
1541 1342 202 58 perferre
1693 1342 135 58 omne
1777 1342 151 58 genus
1861 1342 185 58 tormenti:

1253 1381 140 54 etiam
1347 1381 202 54 quocunque
1502 1381 155 54 genere
1611 1381 155 54 mortis
1720 1381 218 54 applicato:
1891 1381 140 54 tamen
1968 1381 78 54 nos

1246 1416 222 56 iudicamus
1417 1416 102 56 ab
1468 1416 290 56 exterioribus:
1707 1416 171 56 talium
1826 1416 154 56 autem
1911 1416 137 56 volun-

1246 1454 145 57 tates
1343 1454 81 57 a
1375 1454 113 57 deo
1439 1454 274 57 cognoscuntur.
1665 1454 81 57 ⁋
1697 1454 97 57 Ad
1745 1454 290 57 quartundecimum
1970 1454 81 57 di-

1246 1496 130 55 citur
1332 1496 116 55 quod
1404 1496 130 55 talis
1491 1496 159 55 peccat.
1607 1496 144 55 potest
1708 1496 116 55 enim
1780 1496 116 55 quis
1852 1496 144 55 tacere
1939 1496 101 55 verum

1242 1533 109 56 pro
1305 1533 125 56 loco
1383 1533 78 56 a
1414 1533 172 56 tempore
1540 1533 125 56 sine
1618 1533 188 56 peccato:
1758 1533 172 56 nunquam
1884 1533 141 56 tamen
1962 1533 78 56 ab-

1256 1572 139 47 negare
1353 1572 167 47 christum
1478 1572 180 47 quocunque
1617 1572 139 47 genere
1714 1572 139 47 mortis
1811 1572 194 47 applicato:
1950 1572 97 47 secum

1243 1610 118 55 dum
1310 1610 151 55 illud
1411 1610 201 55 Matthei.
1562 1610 101 55 x.
1613 1610 118 55 qui
1680 1610 101 55 me
1730 1610 218 55 negauerit
1898 1610 151 55 coram
1982 1610 67 55 ho

1244 1645 192 46 minibus
1383 1645 175 46 negabo
1506 1645 122 46 eum
1575 1645 157 46 coram
1680 1645 157 46 patre
1785 1645 122 46 meo
1855 1645 122 46 qui
1925 1645 105 46 in
1960 1645 87 46 ce-

1239 1680 104 60 lis
1299 1680 119 60 est.
1373 1680 134 60 talis
1462 1680 119 60 enim
1536 1680 178 60 preponit
1670 1680 119 60 suum
1744 1680 148 60 corpus
1848 1680 134 60 amori
1937 1680 89 60 et
1967 1680 74 60 ho-

1246 1724 122 52 nori
1322 1724 122 52 dei:
1398 1724 92 52 et
1444 1724 183 52 peruerse
1581 1724 198 52 peruertit
1734 1724 168 52 ordinem
1841 1724 198 52 charitatis:

1242 1759 104 54 sed
1301 1759 133 54 sicut
1390 1759 118 54 iste
1464 1759 148 54 peccat
1568 1759 178 54 exterius
1701 1759 104 54 ita
1761 1759 178 54 interius
1894 1759 104 54 per
1938 1759 104 54 actum

1251 1799 114 49 quo
1316 1799 131 49 vult
1398 1799 196 49 proferre
1545 1799 229 49 negationem
1724 1799 196 49 christi.
1871 1799 82 49 ⁋
1888 1799 163 49 Quintode

1248 1836 126 51 cimo
1327 1836 205 51 arguitur.
1485 1836 110 51 qui
1548 1836 189 51 percutit
1689 1836 189 51 clericum
1831 1836 205 51 violenter
1973 1836 63 51 ec

1238 1871 118 58 facto
1317 1871 92 58 est
1369 1871 249 58 excommunicatus.
1579 1871 118 58 xvii.
1658 1871 79 58 q.
1697 1871 118 58 iiii.
1776 1871 157 58 capitul.
1894 1871 79 58 si
1933 1871 105 58 quis
1985 1871 66 58 sua

1242 1907 144 46 dente
1338 1907 176 46 diabolo
1467 1907 144 46 manus
1563 1907 209 46 violentas
1723 1907 209 46 iniecerit
1884 1907 96 46 in
1916 1907 128 46 cleri-

1235 1949 113 53 cum:
1305 1949 85 53 et
1348 1949 127 53 tamen
1432 1949 99 53 qui
1488 1949 113 53 vult
1559 1949 183 53 percutere
1700 1949 169 53 clericum
1827 1949 99 53 non
1883 1949 99 53 est
1925 1949 127 53 exconi-

1240 1987 148 49 catus:
1344 1987 119 49 modo
1418 1987 222 49 exconicatio
1596 1987 178 49 aggrauat
1730 1987 193 49 peccatum.
1878 1987 74 49 ⁋
1893 1987 148 49 Sextode-

1240 2028 113 48 cimo
1311 2028 184 48 arguitur.
1452 2028 99 48 qui
1509 2028 156 48 occidit
1622 2028 156 48 hominem
1736 2028 99 48 qui
1792 2028 127 48 habet
1877 2028 142 48 multos
1962 2028 71 48 li-

1250 2063 126 48 beros
1334 2063 84 48 et
1376 2063 239 48 consanguineos
1573 2063 126 48 alere
1657 2063 112 48 pius
1727 2063 140 48 peccat
1825 2063 112 48 quam
1896 2063 126 48 alius
1966 2063 70 48 vo-

1249 2101 113 51 lens
1319 2101 127 51 talem
1404 2101 183 51 occidere:
1545 2101 85 51 et
1588 2101 99 51 non
1644 2101 113 51 nisi
1714 2101 155 51 ratione
1827 2101 127 51 actus
1898 2101 141 51 exterio-

1246 2138 98 44 ris.
1307 2138 98 44 Quod
1368 2138 98 44 plus
1429 2138 122 44 peccet
1514 2138 122 44 patet:
1600 2138 98 44 quia
1661 2138 73 44 ad
1697 2138 110 44 plura
1770 2138 146 44 tenetur.
1880 2138 98 44 quia
1941 2138 73 44 ad
1966 2138 85 44 alen-

1236 2172 111 56 dos
1300 2172 175 56 liberos
1427 2172 111 56 aut
1491 2172 191 56 parentes
1634 2172 159 56 occisi
1746 2172 127 56 quos
1825 2172 127 56 ille
1889 2172 159 56 nutriue-

1247 2214 102 47 rat.
1311 2214 64 47 ⁋
1336 2214 76 47 Ad
1374 2214 229 47 quintundecimum
1565 2214 140 47 dicitur
1667 2214 102 47 quod
1731 2214 178 47 percutiens
1871 2214 153 47 clericum
1972 2214 64 47 ex-

1251 2251 159 48 conicatus
1373 2251 98 48 est:
1434 2251 73 48 et
1471 2251 85 48 non
1519 2251 85 48 est
1568 2251 183 48 exconicatus
1715 2251 122 48 tantum
1800 2251 122 48 volens
1873 2251 159 48 prercutere:

1243 2286 96 50 sed
1298 2286 109 50 isti
1366 2286 96 50 duo
1421 2286 178 50 equaliter
1558 2286 137 50 peccat
1653 2286 123 50 coram
1735 2286 109 50 deo:
1804 2286 82 50 et
1845 2286 82 50 si
1886 2286 96 50 sic
1927 2286 109 50 decede

1245 2327 100 50 rent
1308 2327 125 50 equali
1396 2327 100 50 pena
1459 2327 188 50 punirentur.
1609 2327 163 50 supposito
1735 2327 100 50 quod
1798 2327 113 50 actus
1873 2327 151 50 interior
1973 2327 63 50 non

1236 2363 214 56 percutientis
1409 2363 294 56 proportionabiliter
1663 2363 93 56 cum
1716 2363 107 56 actu
1783 2363 214 56 percutientis
1944 2363 93 56 augea

1244 2403 114 48 tur.
1315 2403 86 48 et
1358 2403 100 48 set
1415 2403 114 48 pius
1486 2403 171 48 puniatur
1614 2403 86 48 in
1657 2403 100 48 hoc
1714 2403 128 48 mundo
1800 2403 214 48 exconicatus
1956 2403 86 48 (qui

1241 2440 165 56 priuatur
1365 2440 206 56 sacramentis
1530 2440 83 56 et
1571 2440 179 56 societate
1709 2440 151 56 homnium
1819 2440 110 56 quam
1888 2440 96 56 non
1929 2440 110 56 excon-

1240 2480 203 50 municatus:
1400 2480 102 50 non
1458 2480 174 50 sequitur
1589 2480 116 50 quod
1662 2480 160 50 grauius
1778 2480 145 50 peccet
1879 2480 131 50 coram
1952 2480 87 50 deo.

1238 2515 204 49 prudentes
1395 2515 94 49 ei
1442 2515 251 49 legumlatores
1646 2515 110 49 pro
1708 2515 157 49 minori
1818 2515 141 49 culpa
1896 2515 141 49 maiores

1237 2556 162 44 adhibent
1359 2556 135 44 penas.
1454 2556 108 44 quis
1522 2556 81 44 ei
1562 2556 176 44 occiditur
1698 2556 95 44 pro
1752 2556 122 44 furto
1833 2556 189 44 praesuptus
1982 2556 81 44 in

1249 2592 235 51 corrigibilis
1440 2592 88 51 et
1484 2592 103 51 pro
1543 2592 161 51 rapina:
1660 2592 103 51 non
1719 2592 132 51 autem
1807 2592 103 51 pao
1866 2592 161 51 inuidia
1969 2592 73 51 vel

1254 2631 157 59 uphia.
1364 2631 157 59 peccam
1474 2631 94 59 em
1521 2631 110 59 que
1583 2631 219 59 perturbant
1756 2631 235 59 rempublicam
1944 2631 94 59 et
1975 2631 63 59 pa
