2331 3293
401 223 150 63 posito
506 223 120 63 quod
581 223 150 63 sortes
687 223 150 63 habeat
792 223 120 63 vnum
867 223 135 63 panem
957 223 105 63 quo
1018 223 150 63 potest
1108 223 105 63 rele-

400 268 122 40 uare
476 268 228 40 indigentiam
658 268 137 40 vnius
749 268 167 40 hominis
871 268 167 40 tantum:
992 268 91 40 et
1038 268 122 40 sint
1098 268 122 40 cicero

410 307 82 44 et
451 307 123 44 plato
533 307 205 44 indigentes.
697 307 191 44 praecipiat
847 307 82 44 ei
888 307 109 44 deus
957 307 109 44 quod
1025 307 178 44 vtriusque
1148 307 68 44 in-

409 340 189 49 digentiam
555 340 131 49 velit
642 340 189 49 releuare.
787 340 102 49 sed
845 340 116 49 quod
918 340 102 49 det
976 340 131 49 panem
1063 340 160 49 platoni
1165 340 58 49 et

406 378 107 54 non
467 378 199 54 ciceroni.
620 378 123 54 Isto
697 378 123 54 casu
774 378 153 54 posito
881 378 92 54 si
927 378 153 54 sortes
1034 378 107 54 dat
1080 378 138 54 cicero-

410 416 93 48 ni
457 416 140 48 panem
551 416 187 48 perperam
691 416 140 48 agit:
784 416 93 48 et
831 416 140 48 tamen
924 416 140 48 actus
1018 416 187 48 interior
1142 416 78 48 est

405 452 153 50 bonus:
512 452 92 50 et
558 452 184 50 exterior
696 452 153 50 malus.
803 452 168 50 igitur.
925 452 77 50 ⁋
956 452 92 50 Ad
986 452 230 50 vigesimunter-

408 494 117 47 tium
482 494 235 47 respondetur:
673 494 206 47 concedendo
834 494 117 47 quod
908 494 103 47 non
966 494 103 47 est
1010 494 206 47 inconueniens

403 528 119 53 quod
478 528 164 53 aliquod
597 528 208 53 adulterium
760 528 149 53 aliqua
865 528 238 53 fornicatione
1058 528 104 53 non
1118 528 104 53 sit
1162 528 60 53 ma

412 565 115 53 ius:
484 565 87 53 vt
527 565 87 53 in
570 565 115 53 casu
642 565 130 53 dato.
729 565 144 53 Potest
830 565 115 53 dici
902 565 101 53 qui
959 565 187 53 cognoscit
1089 565 130 53 coniun-

416 600 113 57 ctam
486 600 99 57 non
543 600 113 57 suam
613 600 99 57 est
670 600 155 57 adulter
783 600 113 57 siue
853 600 127 57 sciat
938 600 113 57 siue
1008 600 113 57 non:
1065 600 155 57 equaliter

410 643 173 59 peccant
536 643 220 59 adulterans
709 643 94 59 et
757 643 205 59 simplicem
914 643 268 59 fornicationem
1119 643 94 59 faci

418 690 101 45 ens
475 690 87 45 in
519 690 115 45 illo
591 690 130 45 casu.
677 690 101 45 sed
735 690 202 45 adulterium
893 690 173 45 cognitum
1023 690 115 45 tale
1081 690 144 45 fornica.

405 719 132 48 tione
494 719 176 48 simplici
626 719 162 48 ceteris
743 719 162 48 paribus
861 719 103 48 est
920 719 147 48 maius.
1023 719 162 48 vterque
1126 719 88 48 isto

414 755 102 55 rum
473 755 117 55 pius
546 755 146 55 peccat
648 755 117 55 quam
721 755 161 55 simplex
838 755 219 55 fornicator:
1013 755 88 55 et
1056 755 131 55 minus
1129 755 88 55 quam

422 805 173 40 adulter.
551 805 187 40 supposito
695 805 115 40 quod
767 805 187 40 transiens
911 805 202 40 nullatenus
1070 805 144 40 vellet
1156 805 58 40 co

416 832 179 53 gnoscere
551 832 194 53 coiunctam
700 832 90 53 si
745 832 149 53 sciret
849 832 105 53 eam
909 832 149 53 talem.
1014 832 105 53 sed
1059 832 164 53 coniuncta

417 869 189 49 mentiendo
563 869 131 49 dicit
651 869 87 49 se
694 869 175 49 solutam:
826 869 102 49 sed
884 869 102 49 cum
942 869 117 49 dant
1015 869 146 49 eperam
1117 869 102 49 rei
1161 869 58 49 il

411 912 134 48 licite
504 912 147 48 videtur
611 912 107 48 quod
678 912 107 48 pius
745 912 134 48 peccat
839 912 107 48 quam
906 912 201 48 simplicitur
1053 912 161 48 fornicando

414 943 75 56 ⁋
444 943 89 56 Ad
489 943 298 56 vigesimumquartum
742 943 238 56 respondetur:
936 943 119 56 quod
1010 943 119 56 male
1085 943 119 56 agit
1144 943 75 56 dam

422 982 85 50 do
464 982 171 50 ciceroni
592 982 128 50 panem
678 982 156 50 propter
791 982 242 50 prohibitionem
990 982 114 50 dei:
1061 982 85 50 et
1104 982 128 50 velle
1175 982 57 50 es

415 1023 136 48 ficax
506 1023 106 48 est
566 1023 181 48 peccatum
702 1023 106 48 quo
763 1023 121 48 vult
838 1023 91 48 ei
883 1023 121 48 dare
959 1023 197 48 interius.
1110 1023 91 48 Si
1140 1023 76 48 po-

420 1056 105 50 nas
480 1056 120 50 quod
555 1056 120 50 deus
631 1056 196 50 precipiat
781 1056 90 50 ei
827 1056 151 50 habere
932 1056 136 50 velle
1022 1056 166 50 efficax
1128 1056 90 50 dand

427 1097 126 53 panem
511 1097 154 53 vtrique
623 1097 196 53 prohibendo
776 1097 84 53 ei
818 1097 112 53 quod
888 1097 98 53 det
944 1097 182 53 ciceroni.
1083 1097 126 53 Casus
1153 1097 70 53 est

417 1140 295 41 irrationabilis:
666 1140 140 41 velle
760 1140 124 41 enim
837 1140 171 41 efficax
962 1140 124 41 sine
1024 1140 202 41 impedimento

420 1173 162 49 imperat
538 1173 132 49 actum
626 1173 220 49 exteriorem:
802 1173 88 49 et
846 1173 103 49 sic
905 1173 117 49 deus
978 1173 220 49 praeciperet
1140 1173 88 49 ante

417 1211 160 47 cedens
529 1211 96 47 et
577 1211 128 47 eius
658 1211 225 47 oppositum.
834 1211 160 47 potest
946 1211 144 47 tamen
1043 1211 160 47 habere
1139 1211 96 47 voli

417 1248 151 49 tiones
523 1248 257 49 conditionatas
735 1248 166 49 vtrique
856 1248 227 49 subueniendi
1037 1248 106 49 vel
1098 1248 106 49 non
1143 1248 76 49 ef-

425 1286 168 49 ficaces.
551 1286 126 49 etiam
635 1286 182 49 conclusio
775 1286 224 49 intelligitur
956 1286 168 49 secundum
1082 1286 126 49 legem
1152 1286 70 49 vbi

414 1324 116 45 est
480 1324 248 45 consonantia
678 1324 149 45 actus
777 1324 231 45 exterioris
958 1324 99 45 ad
991 1324 198 45 interiorem

423 1372 79 42 ⁋
455 1372 283 42 Vigesimoquinto
691 1372 189 42 arguitur
833 1372 126 42 sic.
911 1372 236 42 impossibile
1100 1372 110 42 est
1147 1372 79 42 ho-

424 1398 135 50 minem
514 1398 165 50 saluari
634 1398 120 50 sine
708 1398 135 50 fide:
798 1398 105 50 sed
858 1398 120 50 ista
933 1398 165 50 positio
1052 1398 105 50 hoc
1097 1398 135 50 euacuat

427 1438 120 49 quia
502 1438 165 49 ponatur
622 1438 120 49 quod
696 1438 120 49 sint
771 1438 105 49 duo
831 1438 165 49 equales
951 1438 209 49 volitiones
1100 1438 120 49 haben-

418 1477 107 45 tes
479 1477 184 45 credendi
617 1477 168 45 aliquem
739 1477 214 45 articulum:
908 1477 138 45 alter
999 1477 168 45 credat:
1122 1477 92 45 et
1152 1477 77 45 al-

417 1512 102 45 ter
476 1512 204 45 impediatur
636 1512 175 45 propoter
767 1512 262 45 perturbationem
985 1512 160 45 cerebri
1101 1512 102 45 vel
1145 1512 87 45 tar-

417 1546 135 47 diora
507 1546 210 47 naturalia.
672 1546 120 47 vnus
747 1546 105 47 qui
807 1546 135 47 habet
896 1546 135 47 fidem
986 1546 225 47 saluabitur.
1151 1546 75 47 er-

413 1586 94 51 go
460 1586 78 51 a
492 1586 141 51 alter
586 1586 110 51 per
648 1586 235 51 positionem.
836 1586 78 51 ⁋
868 1586 266 51 Vigesimosexto
1071 1586 157 51 arguitur

415 1631 137 39 actus
506 1631 183 39 interior
644 1631 92 39 et
689 1631 183 39 exterior
827 1631 122 39 sunt
903 1631 107 39 res
964 1631 198 39 distincte
1101 1631 122 39 quarum

417 1662 177 47 vtraque
546 1662 113 47 est
610 1662 209 47 peccatum:
771 1662 129 47 ergo
852 1662 129 47 sunt
932 1662 113 47 duo
997 1662 193 47 peccata.
1141 1662 81 47 ⁋
1174 1662 97 47 Ad

421 1706 285 38 vigesimumquintum
663 1706 171 38 dicitur:
791 1706 114 38 quod
862 1706 128 38 fides
947 1706 142 38 infusa
1047 1706 185 38 sufficit:
1175 1706 57 38 et

429 1737 158 49 concedo
544 1737 115 49 quod
616 1737 115 49 iste
688 1737 144 49 volens
789 1737 158 49 credere
904 1737 101 49 cui
961 1737 187 49 displicet
1091 1737 144 49 rebellio

422 1778 94 46 in
469 1778 204 46 oppositum
626 1778 188 46 laborans
767 1778 173 46 quantum
893 1778 94 46 in
940 1778 125 46 ipso
1018 1778 110 46 est
1081 1778 94 46 ad
1113 1778 125 46 creden

422 1818 109 41 dum
485 1818 140 41 licet
578 1818 109 41 non
640 1818 171 41 credat)
764 1818 171 41 quantum
888 1818 171 41 meretur
1012 1818 140 41 sicut
1089 1818 140 41 credens

427 1857 113 44 stat
498 1857 113 44 enim
568 1857 113 44 quod
639 1857 99 44 duo
696 1857 184 44 equaliter
838 1857 142 44 velint
937 1857 170 44 credere:
1064 1857 99 44 sed
1107 1857 127 44 propter

428 1893 147 42 motum
526 1893 180 42 cerebri
656 1893 98 42 et
705 1893 294 42 perturbationem
950 1893 180 42 ingenii
1081 1893 131 42 vnus
1146 1893 82 42 non

436 1931 96 45 ita
491 1931 110 45 cito
560 1931 137 45 credit
656 1931 123 45 sicut
738 1931 137 45 alter:
834 1931 123 45 absit
916 1931 110 45 quod
984 1931 123 45 talis
1067 1931 110 45 omni
1135 1931 96 45 via
1176 1931 55 45 an

435 1966 154 48 helans
543 1966 93 48 ad
589 1966 201 48 credendum
743 1966 231 48 damnaretur.
928 1966 123 48 deus
1006 1966 123 48 enim
1067 1966 170 48 finaliter

437 2008 100 41 eum
494 2008 171 41 iuuabit.
622 2008 157 41 credere
736 2008 128 41 autem
822 2008 100 41 non
879 2008 100 41 est
936 2008 128 41 actus
1021 2008 200 41 meritorius
1164 2008 71 41 ni-

427 2043 86 40 si
470 2043 157 40 tanquam
584 2043 128 40 actus
669 2043 200 40 imperatus:
826 2043 100 40 est
883 2043 128 40 actus
969 2043 228 40 intellectus:
1140 2043 100 40 licet

427 2079 216 45 imperetur
594 2079 100 45 ab
644 2079 133 45 actu
727 2079 250 45 voluntatis.
927 2079 83 45 ⁋
960 2079 100 45 Ad
993 2079 233 45 vigesimunsex

435 2122 103 41 tum
494 2122 146 41 solent
596 2122 161 41 homines
714 2122 146 41 dicere
816 2122 117 41 quod
889 2122 103 41 est
948 2122 146 41 tantum
1051 2122 103 41 vna
1095 2122 146 41 malitia.

438 2159 73 40 ⁋
468 2159 145 40 Contra
569 2159 102 40 hoc
627 2159 174 40 arguitur
758 2159 116 40 sic.
831 2159 131 40 actus
918 2159 174 40 interior
1049 2159 102 40 est
1093 2159 145 40 malitiat

440 2196 84 41 vt
482 2196 112 41 ipsi
552 2196 197 41 concedunt:
707 2196 84 41 et
749 2196 126 41 actus
833 2196 169 41 exterior
960 2196 98 41 est
1016 2196 183 41 peccatum:
1157 2196 84 41 et
1185 2196 56 41 ma

432 2229 110 50 lum
495 2229 252 50 demeritorie.
700 2229 126 50 modo
779 2229 142 50 malum
873 2229 110 50 non
936 2229 252 50 distinguitur
1141 2229 94 50 ab
1172 2229 63 50 a-

438 2273 104 47 ctu
498 2273 134 47 malo.
587 2273 74 47 ⁋
617 2273 164 47 Concedo
735 2273 119 47 quod
810 2273 119 47 sunt
884 2273 104 47 due
944 2273 178 47 malitie:
1077 2273 89 47 et
1122 2273 104 47 duo
1167 2273 74 47 pec

439 2305 129 41 cata.
525 2305 86 41 vt
568 2305 129 41 patet
654 2305 100 41 per
711 2305 143 41 glosam
811 2305 129 41 super
897 2305 129 41 illud
983 2305 86 41 ad
1026 2305 158 41 Romanos
1126 2305 115 41 primo.

443 2344 146 57 Plenos
546 2344 176 57 inuidiam
678 2344 88 57 et
722 2344 220 57 homicidiis.
897 2344 117 57 bene
970 2344 146 57 inquam
1073 2344 132 57 dicit
1146 2344 88 57 homo

443 2389 171 40 micidiis
571 2389 214 40 pluraliter:
742 2389 114 40 quia
813 2389 128 40 plura
899 2389 114 40 sunt
970 2389 200 40 homicidia:
1127 2389 114 40 quia
1184 2389 57 40 vo

440 2422 170 47 luntatis
567 2422 85 47 et
609 2422 155 47 operis.
722 2422 85 47 et
765 2422 99 47 hoc
821 2422 113 47 idem
892 2422 127 47 patet
977 2422 127 47 super
1061 2422 127 47 illud
1132 2422 113 47 psalmi

442 2458 88 42 lx
486 2458 132 42 viii.
574 2458 176 42 appoione
706 2458 234 42 iniquitatem.
896 2458 102 42 qui
954 2458 132 42 malum
1042 2458 117 42 opus
1115 2458 132 42 addit
1188 2458 59 42 ma

442 2498 85 48 le
484 2498 184 48 voluntati
626 2498 212 48 iniquitatem
796 2498 127 48 addit
881 2498 212 48 iniquitati.
1051 2498 71 48 ⁋
1079 2498 113 48 Item
1136 2498 99 48 proba

451 2535 107 39 tur
512 2535 184 39 ratione:
650 2535 138 39 actus
742 2535 184 39 exterior
879 2535 199 39 imperatus
1033 2535 92 39 ab
1079 2535 123 39 actu
1140 2535 107 39 inte-

451 2577 122 43 riori
533 2577 108 43 malo
601 2577 95 43 vel
655 2577 95 43 est
709 2577 163 43 peccatum
831 2577 95 43 vel
885 2577 95 43 non
940 2577 176 43 peccatum.
1075 2577 81 43 si
1102 2577 136 43 secundum

437 2609 111 45 est
500 2609 142 45 actus
595 2609 237 45 indifferens
785 2609 111 45 vel
848 2609 142 45 actus
943 2609 158 45 bonus.
1053 2609 111 45 sed
1101 2609 142 45 neutrum

448 2648 151 48 illorum
558 2648 110 48 dici
627 2648 151 48 potest:
736 2648 110 48 ergo
805 2648 137 48 primum
901 2648 123 48 vioce
983 2648 110 48 quod
1052 2648 96 48 est
1093 2648 151 48 peccatum.

1279 196 92 73 ⁋
1315 196 147 73 Item
1407 196 348 73 vigesimosecundo
1700 196 183 73 contra
1828 196 220 73 Faustum.
1975 196 110 73 bea-

1274 264 119 41 tus
1342 264 238 41 Augustinus
1529 264 238 41 diffiniuit
1716 264 204 41 peccatum
1869 264 136 41 sic.
1954 264 119 41 Est
2005 264 85 41 di-

1266 302 146 49 ctum
1357 302 183 49 factum
1485 302 128 49 vel
1558 302 256 49 concupitum
1760 302 183 49 contra
1888 302 165 49 legem
1979 302 110 49 dei.

1272 337 131 43 modo
1353 337 115 43 hoc
1419 337 147 43 totum
1517 337 196 43 conuenit
1664 337 147 43 actui
1763 337 229 43 exteriori.
1943 337 115 43 Sed
1992 337 98 43 tunc

1274 376 163 50 dices.
1388 376 130 50 ergo
1469 376 130 50 tunc
1550 376 179 50 faciens
1680 376 146 50 actum
1778 376 228 50 interiorem
1957 376 98 50 et
1989 376 98 50 exte

1267 421 147 41 riorem
1370 421 133 41 simul
1459 421 103 41 est
1518 421 133 41 peror
1606 421 118 41 quam
1680 421 118 41 ille
1754 421 103 41 qui
1813 421 133 41 facit
1901 421 133 41 solum
1975 421 103 41 actum

1273 459 218 32 interiorem.
1448 459 73 32 ⁋
1477 459 247 32 Distinguitur.
1680 459 102 32 vel
1738 459 203 32 extensiue:
1898 459 87 32 et
1942 459 102 32 sic
1985 459 102 32 conce

1276 488 137 52 ditur:
1372 488 96 52 vel
1427 488 192 52 intensiue.
1578 488 82 52 et
1619 488 96 52 sic
1674 488 165 52 negatur.
1798 488 69 52 ⁋
1825 488 96 52 Vel
1880 488 96 52 sic
1935 488 96 52 (et
1976 488 110 52 lucidi

1274 534 109 37 us)
1337 534 202 37 distinguo
1492 534 125 37 quod
1570 534 109 37 duo
1633 534 171 37 peccata
1757 534 140 37 habet
1850 534 109 37 vel
1913 534 156 37 quorum
2006 534 78 37 vnu

1274 568 202 45 malitiam
1426 568 152 45 habet
1527 568 118 45 vel
1594 568 219 45 bonitatem
1763 568 101 45 ab
1813 568 135 45 actu
1881 568 202 45 interiori-

1269 604 90 45 et
1314 604 106 45 sic
1374 604 226 45 conceditur.
1555 604 90 45 et
1601 604 106 45 hoc
1661 604 106 45 non
1721 604 151 45 reddit
1827 604 166 45 hominem
1932 604 151 45 peiorem:

1280 640 109 40 vel
1343 640 172 40 peccata
1468 640 109 40 non
1531 640 250 40 subordinata:
1734 640 94 40 et
1781 640 109 40 sic
1843 640 188 40 negatur.
1984 640 78 40 ⁋
2000 640 78 40 Sed

1271 681 159 45 contra
1383 681 143 45 totum
1478 681 143 45 istud
1574 681 239 45 argumentor:
1765 681 143 45 actus
1860 681 223 45 interiores
2019 681 64 45 in

1282 717 139 44 sorte
1374 717 170 44 habente
1498 717 139 44 solum
1591 717 232 44 interiorem:
1777 717 93 44 et
1823 717 93 44 in
1869 717 170 44 platone
1978 717 108 44 vtrum

1272 753 103 44 que
1331 753 133 44 actum
1420 753 177 44 habente.
1553 753 148 44 igitur
1656 753 118 44 sunt
1730 753 162 44 equales
1848 753 89 44 et
1892 753 162 44 peccata
1995 753 89 44 equa

1273 793 123 47 lia.
1350 793 77 47 ⁋
1381 793 139 47 Dices
1473 793 123 47 quod
1550 793 139 47 habet
1643 793 185 47 malitiam
1782 793 93 47 ab
1828 793 216 47 interiori.
1997 793 77 47 ⁋
2013 793 77 47 Con

1276 830 119 47 tra.
1350 830 119 47 ergo
1424 830 104 47 est
1484 830 148 47 malus.
1587 830 89 47 et
1632 830 193 47 peccatum.
1780 830 89 47 et
1824 830 104 47 pro
1884 830 89 47 eo
1928 830 163 47 debetur
2032 830 59 47 pe

1272 872 89 41 na
1317 872 194 41 distincta
1466 872 89 41 ab
1510 872 208 41 interiori:
1674 872 134 41 sicut
1763 872 134 41 actus
1853 872 179 41 interior
1987 872 89 41 ab
2016 872 60 41 ex

1274 907 176 38 teriori
1402 907 272 38 distinguitur.
1626 907 80 38 ⁋
1658 907 256 38 Respondetur.
1866 907 224 38 concedendo
2026 907 64 38 a-

1273 945 113 45 ctus
1344 945 198 45 interiores
1499 945 113 45 esse
1570 945 156 45 pariles
1684 945 85 45 in
1726 945 170 45 malitia.
1853 945 85 45 et
1896 945 156 45 concedo
1995 945 85 45 quod

1272 982 145 43 actus
1368 982 193 43 exterior
1513 982 193 43 platonis
1658 982 113 43 est
1723 982 193 43 peccatum
1868 982 97 43 et
1900 982 193 43 distinctum

1278 1022 176 47 realiter
1410 1022 88 47 ab
1454 1022 205 47 interiori:
1615 1022 103 47 sed
1674 1022 117 47 nego
1747 1022 117 47 quod
1820 1022 205 47 respondeat
1981 1022 88 47 ei
2011 1022 73 47 pe-

1276 1057 86 51 na
1319 1057 200 51 quaecunque
1476 1057 114 51 alia
1548 1057 72 51 a
1576 1057 114 51 pena
1648 1057 129 51 actus
1734 1057 215 51 interioris.
1905 1057 86 51 de
1948 1057 114 51 pena
2005 1057 72 51 in-

1273 1096 144 44 flicta
1373 1096 158 44 loquor.
1488 1096 86 44 et
1532 1096 130 44 causa
1618 1096 101 44 est
1676 1096 144 44 quando
1776 1096 173 44 dependet
1906 1096 86 44 ab
1935 1096 158 44 interiori

1271 1133 188 47 naturali
1412 1133 188 47 sequela:
1554 1133 94 47 et
1601 1133 188 47 interior
1742 1133 141 47 actus
1836 1133 110 47 est
1899 1133 125 47 mere
1962 1133 125 47 sponta

1274 1173 140 39 neus.
1368 1173 109 39 sic
1430 1173 124 39 enim
1508 1173 155 39 nullam
1617 1173 140 39 penam
1710 1173 140 39 habet
1803 1173 218 39 distinctam
1974 1173 78 39 a
1990 1173 93 39 pena

1281 1208 224 42 interioris.
1460 1208 134 42 sicut
1550 1208 119 42 tota
1624 1208 164 42 malitia
1744 1208 119 42 eius
1818 1208 90 42 ab
1863 1208 194 42 interiori
1997 1208 90 42 emer

1281 1247 123 47 git.
1357 1247 77 47 ⁋
1388 1247 108 47 Sed
1450 1247 169 47 contra.
1573 1247 138 47 actus
1665 1247 184 47 exterior
1803 1247 108 47 est
1865 1247 200 47 peccatum.
2003 1247 77 47 er-

1277 1285 94 42 go
1324 1285 94 42 ex
1371 1285 204 42 solutione
1528 1285 172 42 oportet
1653 1285 125 42 dare
1732 1285 125 42 vnum
1810 1285 204 42 peccatum:
1967 1285 110 42 pro
2014 1285 78 42 quo

1279 1322 131 42 nulla
1367 1322 117 42 pena
1440 1322 219 42 infligetur:
1615 1322 117 42 quia
1688 1322 131 42 actus
1775 1322 204 42 interiores
1935 1322 146 42 sortis
2023 1322 58 42 et

1287 1358 183 51 platonis
1424 1358 198 51 equaliter
1576 1358 213 51 puniuntur.
1743 1358 91 51 et
1789 1358 167 51 vocetur
1910 1358 122 51 pena
1987 1358 106 51 pro
2032 1358 61 51 a-

1280 1402 109 38 ctu
1343 1402 202 38 interiori
1498 1402 155 38 sortis
1607 1402 78 38 a
1638 1402 171 38 quatuor
1762 1402 187 38 graduum:
1902 1402 124 38 pena
1980 1402 109 38 pro
2027 1402 62 38 a-

1281 1438 108 49 ctu
1342 1438 200 49 interiori
1496 1438 185 49 platonis
1635 1438 108 49 ber
1696 1438 169 49 totidem
1819 1438 185 49 graduum.
1958 1438 108 49 Iam
2004 1438 77 49 sic

1289 1479 101 41 vel
1346 1479 130 41 plato
1433 1479 159 41 punitur
1548 1479 144 41 aliqua
1649 1479 115 41 alia
1721 1479 115 41 pena
1793 1479 72 41 a
1822 1479 72 41 b
1851 1479 101 41 vel
1909 1479 115 41 non.
1981 1479 87 41 si
2009 1479 87 41 pri-

1281 1511 117 43 mum.
1354 1511 117 43 ergo
1427 1511 131 43 plato
1515 1511 102 43 est
1573 1511 131 43 sorte
1661 1511 146 43 peior.
1763 1511 88 43 si
1807 1511 117 43 non:
1880 1511 190 43 habebitur
2011 1511 73 43 ali

1279 1551 142 36 quod
1368 1551 213 36 peccatum
1528 1551 231 36 impunitum
1705 1551 160 36 etiam
1812 1551 124 36 non
1883 1551 213 36 remissum
2025 1551 71 36 in

1280 1585 117 44 hoc
1347 1585 151 44 mundo
1448 1585 117 44 vel
1515 1585 251 44 purgatorio.
1716 1585 84 44 ⁋
1749 1585 268 44 Respondetur.
1950 1585 134 44 concen

1281 1628 131 48 dendo
1369 1628 116 48 quod
1441 1628 131 48 actus
1528 1628 174 48 exterior
1659 1628 102 48 est
1717 1628 189 48 peccatum.
1863 1628 87 48 et
1906 1628 160 48 negatur
2008 1628 87 48 quod

1278 1662 112 39 sit
1342 1662 176 39 aliquod
1470 1662 192 39 peccatum
1614 1662 112 39 pro
1678 1662 112 39 quo
1741 1662 144 39 nulla
1837 1662 128 39 pena
1901 1662 192 39 infligetur

1286 1697 104 54 vel
1346 1697 89 54 in
1390 1697 104 54 hoc
1450 1697 134 54 mundo
1539 1697 104 54 vei
1599 1697 89 54 in
1643 1697 134 54 alio:
1733 1697 119 54 quia
1807 1697 104 54 pro
1867 1697 164 54 peccato
1971 1697 119 54 quoli-

1290 1737 94 55 bet
1343 1737 108 55 erit
1411 1737 135 55 aliqua
1505 1737 189 55 afflictio.
1653 1737 81 55 et
1694 1737 108 55 dico
1761 1737 108 55 quod
1828 1737 81 55 be
1869 1737 108 55 pena
1936 1737 94 55 non
1990 1737 94 55 est
2030 1737 54 55 se

1287 1775 112 51 lum
1351 1775 128 51 pena
1431 1775 224 51 respondens
1607 1775 144 51 actui
1703 1775 208 51 interiori
1863 1775 208 51 platonis:
2007 1775 80 51 sed

1290 1812 133 42 actui
1379 1812 192 42 interiori
1526 1812 89 42 et
1571 1812 192 42 exteriori
1718 1812 148 42 simul.
1821 1812 103 42 hoc
1880 1812 103 42 est
1925 1812 162 42 copulatim

1294 1852 134 44 sicut
1384 1852 164 44 dicimus
1503 1852 119 44 quod
1578 1852 134 44 actus
1667 1852 179 44 exterior
1801 1852 104 44 non
1861 1852 134 44 habet
1951 1852 134 44 aliam
2025 1852 60 44 ma

1286 1887 159 44 litiam
1397 1887 79 44 a
1429 1887 174 44 malitia
1556 1887 143 44 actus
1651 1887 238 44 interioris:
1841 1887 111 44 sed
1905 1887 127 44 mere
1968 1887 127 44 natura

1296 1926 131 44 siter
1384 1926 88 44 ab
1428 1926 88 44 eo
1471 1926 190 44 dependet.
1617 1926 102 44 nec
1676 1926 175 44 sequitur
1807 1926 117 44 quod
1880 1926 131 44 actus
1953 1926 131 44 exteri-

1287 1967 95 42 or
1335 1967 174 42 manebit
1461 1967 190 42 inultus.
1603 1967 126 42 quia
1682 1967 142 42 penab
1777 1967 111 42 tam
1840 1967 142 42 actui
1919 1967 174 42 interiori

1284 2003 121 39 quam
1360 2003 197 39 exteriori
1511 2003 91 39 in
1557 2003 121 39 casu
1632 2003 152 39 nostro
1738 2003 212 39 respondet.
1905 2003 76 39 ⁋
1935 2003 106 39 Sed
1981 2003 121 39 contra

1293 2043 142 48 istud
1388 2043 237 48 argumentor.
1578 2043 142 48 actus
1673 2043 190 48 exterior
1815 2043 174 48 punitur
1942 2043 95 48 ex
1973 2043 111 48 solu-

1279 2082 137 40 tione:
1375 2082 96 40 vel
1430 2082 137 40 igitur
1525 2082 123 40 minus
1607 2082 137 40 acerbe
1703 2082 109 40 quam
1771 2082 123 40 actus
1853 2082 178 40 interior:
1989 2082 82 40 et
2017 2082 68 40 sic

1290 2122 116 42 erit
1363 2122 131 42 minus
1450 2122 145 42 malus:
1552 2122 102 42 vel
1610 2122 102 42 ita
1668 2122 145 42 acerbe
1770 2122 131 42 sicut
1857 2122 131 42 actus
1930 2122 160 42 interior:

1295 2158 81 41 et
1335 2158 108 41 tunc
1402 2158 162 41 sequitur
1524 2158 108 41 quod
1591 2158 121 41 actus
1672 2158 162 41 exterior
1793 2158 121 41 esset
1874 2158 94 41 ita
1928 2158 121 41 malus
1996 2158 94 41 sicut

1296 2193 192 44 interior:
1444 2193 89 44 et
1488 2193 133 44 tamen
1577 2193 177 44 exterior
1709 2193 103 44 est
1768 2193 192 44 naturalis
1916 2193 89 44 et
1945 2193 148 44 interior

1290 2232 148 40 liber.
1394 2232 74 40 ⁋
1423 2232 133 40 Forte
1512 2232 148 40 dicis:
1615 2232 103 40 non
1674 2232 103 40 est
1733 2232 103 40 ita
1792 2232 133 40 malus
1880 2232 133 40 sicut
1954 2232 133 40 interi-

1295 2269 101 40 or:
1352 2269 115 40 immo
1424 2269 101 40 non
1482 2269 230 40 distinguitur
1669 2269 86 40 ab
1712 2269 201 40 interiori.
1870 2269 101 40 hoc
1928 2269 101 40 non
1985 2269 101 40 est
2028 2269 58 40 in

1294 2306 213 44 pugnatione
1461 2306 167 44 dignum:
1582 2306 167 44 constat
1704 2306 122 44 enim
1780 2306 122 44 quod
1856 2306 122 44 sunt
1932 2306 106 44 res
1977 2306 122 44 realit

1293 2346 209 46 distincte.
1457 2346 75 46 ⁋
1487 2346 239 46 Respondetur.
1682 2346 209 46 concedendo
1846 2346 120 46 quod
1921 2346 134 46 actus
1995 2346 105 46 exte-

1297 2383 122 45 rior
1373 2383 107 45 ita
1434 2383 153 45 acerbe
1541 2383 168 45 punitur
1663 2383 137 45 sicut
1754 2383 198 45 interior.
1907 2383 137 45 immoo
1983 2383 107 45 eadem

1290 2418 120 50 pena
1365 2418 180 50 precise:
1500 2418 105 50 nec
1559 2418 120 50 alia
1634 2418 195 50 respondet
1784 2418 105 50 ei:
1844 2418 90 50 et
1889 2418 105 50 est
1948 2418 135 50 actus
2023 2418 75 50 ita

1289 2467 143 37 malus
1384 2467 143 37 sicut
1480 2467 143 37 actus
1575 2467 206 37 interior:
1734 2467 95 37 et
1781 2467 191 37 peccatum
1908 2467 191 37 distinctum

1291 2498 182 50 realiter
1427 2498 91 50 ab
1473 2498 212 50 interiori:
1640 2498 106 50 sed
1701 2498 106 50 non
1761 2498 137 50 habet
1852 2498 137 50 aliam
1928 2498 167 50 malitiam.

1300 2533 103 46 hoc
1359 2533 103 46 est
1418 2533 147 46 habens
1520 2533 205 46 exteriorem
1682 2533 103 46 cum
1740 2533 191 46 interiori
1887 2533 103 46 non
1945 2533 103 46 est
1989 2533 103 46 peior

1298 2573 103 47 quam
1362 2573 129 47 habens
1453 2573 180 47 interiorem
1594 2573 142 47 tantum:
1697 2573 90 47 sed
1749 2573 90 47 non
1800 2573 90 47 est
1851 2573 90 47 ide
1903 2573 167 47 peccatum.
2019 2573 77 47 immo

1301 2609 115 44 aliud
1378 2609 167 44 peccatum.
1506 2609 115 44 sicut
1583 2609 90 44 res
1634 2609 115 44 alia:
1711 2609 77 44 et
1750 2609 103 44 alia
1814 2609 154 44 malitia.
1929 2609 77 44 et
1968 2609 103 44 alia
2019 2609 77 44 dif-

1302 2649 175 52 formitas
1434 2649 88 52 ab
1478 2649 117 52 actu
1550 2649 204 52 interiori.
1711 2649 73 52 ⁋
1740 2649 102 52 Sed
1799 2649 146 52 contra
1901 2649 161 52 dicatur
2003 2649 102 52 actus
