2365 3289
384 216 121 50 dere
459 216 151 50 semen.
565 216 121 50 Dixi
640 216 196 50 proinque:
791 216 121 50 quia
866 216 90 50 si
912 216 181 50 periodus
1047 216 121 50 vite
1108 216 90 50 sor-

400 249 86 62 is
443 249 129 62 esset
529 249 158 62 viginti
644 249 158 62 annorum
759 249 86 62 et
802 249 115 62 quis
874 249 86 62 ei
917 249 86 62 ex
960 249 115 62 ictu
1032 249 129 62 vitam
1103 249 101 62 abbre

391 298 149 43 uiaret
495 298 104 43 per
555 298 119 43 vnam
630 298 149 43 horam:
734 298 104 43 non
794 298 194 43 vocaretur
943 298 119 43 apud
1017 298 164 43 coniter
1121 298 75 43 lo-

393 330 174 55 quentes
520 330 206 55 homicida.
678 330 111 55 sed
742 330 127 55 quam
821 330 206 55 propinque
979 330 111 55 hoc
1027 330 174 55 dependeat

391 367 90 52 ab
436 367 105 52 vsu
496 367 90 52 in
541 367 105 52 hoc
601 367 165 52 consule
721 367 165 52 vulgus.
841 367 135 52 Uulgo
931 367 135 52 autem
1021 367 180 52 tenetur:
1141 367 60 52 si

393 410 122 50 quis
469 410 122 50 post
545 410 167 50 vulnera
666 410 167 50 accepta
788 410 152 50 viuat.
894 410 122 50 iiii
970 410 137 50 dies:
1061 410 106 50 non
1107 410 91 50 impu

401 437 126 66 tetur
485 437 126 66 moros
569 437 112 66 eius
639 437 210 66 percussori:
807 437 98 66 sed
863 437 112 66 malo
933 437 168 66 regimini
1045 437 154 66 percussi-

387 476 156 58 Scimus
497 476 250 58 consimiliter
700 476 125 58 quod
778 476 94 58 in
824 476 156 58 aliqua
934 476 187 58 distatia
1074 476 125 58 homo
1137 476 62 58 no

394 514 144 58 potest
494 514 216 58 consecrare:
667 514 101 58 sed
725 514 101 58 vbi
782 514 101 58 est
840 514 144 58 status
941 514 101 58 nos
998 514 144 58 fugit.
1099 514 72 58 ⁋
1128 514 101 58 Sed

394 557 149 48 dices:
498 557 119 48 nemo
573 557 104 48 est
632 557 134 48 pater
721 557 119 48 nisi
796 557 178 48 nascatur
929 557 164 48 filius:
1048 557 119 48 ergo
1108 557 89 48 nemo

390 594 105 50 est
450 594 165 50 occisus
570 594 180 50 antequam
704 594 150 50 habeat
809 594 150 50 vulnus
914 594 195 50 inflictum
1063 594 105 50 vel
1108 594 90 50 ante

400 629 109 57 quam
468 629 95 57 est
523 629 163 57 mortuus:
645 629 82 57 et
686 629 95 57 tum
740 629 95 57 vis
794 629 95 57 sic
849 629 95 57 vti
903 629 163 57 termino.
1025 629 68 57 ⁋
1053 629 177 57 Respondeo

394 670 155 49 nomnina
507 670 211 49 significant
675 670 84 49 ad
718 670 183 49 placitum:
858 670 84 49 et
901 670 99 49 sic
957 670 169 49 capiendo
1069 670 127 49 occisio

387 706 102 48 non
446 706 102 48 est
504 706 117 48 mala
577 706 102 48 nec
636 706 175 48 fniusta.
767 706 102 48 nec
825 706 161 48 aliquis
942 706 161 48 iniuste
1059 706 146 48 infert
1147 706 58 48 il

388 745 120 44 lam.
463 745 180 44 Exemplum
598 745 90 44 in
642 745 165 44 simili.
762 745 120 44 vnus
837 745 135 44 actus
927 745 180 44 interior
1061 745 135 44 primo
1136 745 60 44 po

397 782 115 48 test
469 782 173 48 imperari
598 782 87 48 ab
642 782 115 48 actu
714 782 130 48 malo:
800 782 87 48 et
844 782 144 48 postea
944 782 72 48 a
973 782 130 48 bono:
1060 782 87 48 et
1103 782 101 48 sic
1146 782 58 48 in

406 829 138 46 priori
503 829 138 46 malus:
599 829 83 46 in
640 829 193 46 posteriori
791 829 124 46 perte
874 829 165 46 temporis
998 829 124 46 actus
1080 829 110 46 erit
1135 829 69 46 bo-

400 859 111 47 nus:
470 859 97 47 sic
525 859 125 47 potes
608 859 139 47 dicere
705 859 111 47 quod
775 859 167 47 postquam
900 859 97 47 non
955 859 180 47 iuperatur
1094 859 83 47 ab
1122 859 83 47 ali-

395 897 110 50 quo
458 897 126 50 actu
537 897 204 50 interiori
694 897 110 50 nec
757 897 110 50 est
820 897 142 50 bonus
914 897 142 50 neque
1009 897 142 50 malus
1087 897 126 50 morali

412 942 103 40 er.
471 942 73 40 ⁋
500 942 235 40 Vigesimonono
691 942 176 40 arguitur
823 942 117 40 sic.
897 942 132 40 nihil
985 942 103 40 est
1044 942 132 40 actus
1117 942 88 40 exte

402 971 118 51 rior:
480 971 105 51 ergo
546 971 131 51 nullum
637 971 157 51 peccatum
755 971 92 51 est
807 971 118 51 actus
886 971 170 51 exterior.
1017 971 105 51 quod
1069 971 144 51 contradi-

412 1008 89 47 cit
463 1008 191 47 conuertenti
616 1008 216 47 praeconcesse.
794 1008 153 47 scilicet
909 1008 102 47 quod
972 1008 115 47 actus
1049 1008 153 47 exterior
1150 1008 64 47 est

404 1049 207 52 peccatum.
563 1049 255 52 consequentia
770 1049 143 52 tenet
866 1049 80 52 a
898 1049 175 52 supiori
1025 1049 96 52 ad
1057 1049 159 52 inferius

411 1089 308 43 consequentialiter:
677 1089 126 43 sicut
761 1089 168 43 sequitur
888 1089 112 43 aqua
958 1089 98 43 non
1014 1089 98 43 est
1070 1089 140 43 potus:
1154 1089 56 43 er

420 1128 79 49 to
459 1128 93 49 non
512 1128 93 49 est
565 1128 119 49 potus
645 1128 159 49 humidus.
764 1128 119 49 primo
843 1128 159 49 priorum.
963 1128 79 49 et
1002 1128 185 49 antecedens
1135 1128 66 49 ptr

415 1160 173 55 querendo
544 1160 115 55 quid
617 1160 115 55 est.
689 1160 72 55 ⁋
718 1160 188 55 Tricesimo
862 1160 188 55 arguitur.
1006 1160 173 55 probando
1121 1160 87 55 quod

412 1207 167 41 aliquis
533 1207 137 41 actus
624 1207 182 41 exterior
761 1207 106 41 est
822 1207 137 41 malus
913 1207 106 41 cui
973 1207 152 41 nullus
1079 1207 137 41 actus
1155 1207 61 41 ma

413 1245 85 46 us
455 1245 170 46 interior
583 1245 199 46 respondet:
739 1245 85 46 et
782 1245 99 46 hoc
839 1245 114 46 sic.
910 1245 156 46 ponendo
1023 1245 114 46 quod
1080 1245 128 46 aliquis

417 1276 117 46 puta
491 1276 146 46 sortes
593 1276 146 46 videat
696 1276 220 46 christianum
871 1276 73 46 a
901 1276 249 46 machometistam
1091 1276 117 46 contem

405 1312 156 53 dentes
515 1312 94 53 in
562 1312 203 53 limitibus
718 1312 156 53 septem
828 1312 219 53 castrorum:
1000 1312 156 53 sortes
1094 1312 125 53 tendat

407 1346 151 57 arcum
508 1346 217 57 intendens
675 1346 201 57 occidere
825 1346 284 57 machometistam
1059 1346 100 57 ad
1093 1346 117 57 libe-

399 1386 142 51 randum
498 1386 213 51 christianum
668 1386 99 51 qui
725 1386 128 51 alias
810 1386 227 51 occideretur:
994 1386 99 51 non
1051 1386 113 51 data
1108 1386 99 51 dili-

403 1432 138 44 gentia
500 1432 207 44 sufficienti
666 1432 152 44 occidit
777 1432 207 44 christianum
942 1432 180 44 platonem:
1081 1432 111 44 tunc
1136 1432 83 44 sic.

405 1462 104 57 hic
465 1462 134 57 actus
554 1462 178 57 exterior
688 1462 104 57 est
747 1462 149 57 malus:
851 1462 119 57 puta
926 1462 104 57 hoc
985 1462 223 57 homicidium:
1149 1462 59 57 et

406 1503 107 47 est
467 1503 199 47 peccatum:
620 1503 107 47 cui
681 1503 153 47 nullus
788 1503 138 47 actus
880 1503 183 47 interior
1017 1503 138 47 malus
1094 1503 122 47 respon

405 1541 117 49 det.
479 1541 117 49 quod
552 1541 88 49 si
596 1541 147 49 negas:
699 1541 88 49 da
743 1541 117 49 vnum
817 1541 132 49 actum
905 1541 206 49 interiorem
1066 1541 132 49 malum
1140 1541 73 49 cum

416 1580 114 47 olum
487 1580 142 47 habeat
586 1580 128 47 istos
671 1580 142 47 actus:
771 1580 114 47 volo
842 1580 170 47 liberare
970 1580 227 47 christianum:
1140 1580 71 47 vo-

405 1617 95 47 lo
453 1617 190 47 perimere
595 1617 269 47 machometistam
817 1617 174 47 propter
944 1617 143 47 deum:
1039 1617 95 47 vt
1070 1617 143 47 liberem

411 1653 206 52 christianum
576 1653 96 52 vel
631 1653 82 52 in
672 1653 206 52 defensionem
837 1653 124 52 fidei
920 1653 206 52 christiane.
1085 1653 110 52 isti
1140 1653 82 52 enim

421 1698 133 42 actus
510 1698 207 42 interiores
673 1698 118 42 sunt
747 1698 133 42 boni:
835 1698 89 42 et
880 1698 118 42 pono
954 1698 118 42 quod
1028 1698 148 42 nullum
1116 1698 104 42 actum

407 1735 153 44 alium
509 1735 187 44 habeat:
645 1735 136 44 tunc
730 1735 153 44 patet
831 1735 221 44 deductio.
1001 1735 85 44 ⁋
1035 1735 102 44 Ad
1069 1735 153 44 vigesi-

416 1774 202 45 mumnonum
568 1774 118 45 vbi
635 1774 185 45 petitur
770 1774 118 45 que
837 1774 118 45 res
905 1774 118 45 est
972 1774 152 45 actus
1056 1774 169 45 exterior

416 1809 111 50 vel
479 1809 142 50 actus
574 1809 221 50 imperatus.
748 1809 79 50 ⁋
780 1809 174 50 Dicitur
906 1809 126 50 quod
985 1809 221 50 frequenter
1143 1809 79 50 est

420 1845 144 41 pomo
510 1845 126 41 vel
582 1845 144 41 eius
671 1845 215 41 organum.
833 1845 180 41 quando
959 1845 144 41 enim
1048 1845 144 41 homo
1120 1845 108 41 occi

420 1882 111 49 dit
484 1882 222 49 homicidium
658 1882 111 49 est
721 1882 174 49 volitio
848 1882 111 49 qua
912 1882 127 49 vult
991 1882 190 49 occidere
1118 1882 111 49 homi-

418 1923 104 46 nem
478 1923 163 46 poprie:
596 1923 89 46 et
641 1923 119 46 ille
715 1923 104 46 est
775 1923 134 46 actus
864 1923 193 46 elicitus.
1012 1923 119 46 homo
1072 1923 148 46 occidens

429 1957 176 53 prachium
561 1957 103 53 vel
620 1957 147 53 ferrum
723 1957 103 53 est
782 1957 132 53 actus
870 1957 191 53 exterior.
1016 1957 132 53 actus
1105 1957 103 53 est
1149 1957 73 53 res

419 2003 144 46 agens
515 2003 112 46 que
579 2003 112 46 non
643 2003 112 46 est
707 2003 144 46 anima
803 2003 112 46 nec
867 2003 144 46 anime
963 2003 208 46 inherens.
1107 2003 112 46 actus

425 2024 181 62 exterior
561 2024 106 62 est
621 2024 181 62 operatio
757 2024 197 62 transiens
909 2024 91 62 in
954 2024 166 62 obiectu
1060 2024 166 62 exterius.

424 2065 95 50 et
472 2065 190 50 operatio
614 2065 158 50 actiua
724 2065 111 50 est
788 2065 111 50 res
851 2065 190 50 operans:
993 2065 221 50 homicidium
1151 2065 63 50 ex

429 2109 146 52 terius
532 2109 132 52 nihil
620 2109 132 52 aliud
708 2109 102 52 est
766 2109 117 52 quam
839 2109 117 52 homo
913 2109 205 52 actualiter
1059 2109 161 52 applicans

422 2145 161 47 organa
535 2145 113 47 per
599 2145 113 47 que
664 2145 178 47 mediate
793 2145 113 47 vel
858 2145 210 47 immediate
1019 2145 194 47 occidit.
1148 2145 81 47 co-

415 2184 167 55 mestio
532 2184 201 55 extertor
683 2184 117 55 est
749 2184 134 55 homo
833 2184 150 55 cibum
933 2184 117 55 per
1000 2184 100 55 os
1050 2184 217 55 assumens:

423 2235 92 39 et
469 2235 108 39 ita
530 2235 92 39 in
577 2235 139 39 aliis
669 2235 108 39 suo
730 2235 123 39 modo
807 2235 185 39 dicatur.
946 2235 77 39 ⁋
977 2235 108 39 Sed
1038 2235 92 39 de
1084 2235 123 39 actu
1146 2235 77 39 im-

439 2269 150 47 perato
544 2269 180 47 dicitur:
678 2269 120 47 quod
753 2269 135 47 omnis
843 2269 135 47 actus
933 2269 90 47 ab
978 2269 120 47 actu
1052 2269 165 47 elicito
1157 2269 90 47 ema.

427 2296 132 48 nans
510 2296 116 48 est
576 2296 149 48 actus
675 2296 231 48 imperatus.
857 2296 132 48 stat
940 2296 149 48 autem
1039 2296 182 48 brachiu
1154 2296 83 48 me-

434 2339 113 50 unm
499 2339 130 50 esse
580 2339 146 50 actum
677 2339 211 50 imperatum
839 2339 97 50 ab
888 2339 130 50 alio
969 2339 113 50 qui
1034 2339 97 50 me
1066 2339 162 50 renitem.

432 2378 90 49 te
477 2378 105 49 mea
537 2378 120 49 manu
612 2378 135 49 alium
701 2378 150 49 ferit.
806 2378 90 49 Si
851 2378 135 49 dicas
941 2378 120 49 quod
1016 2378 90 49 ex
1060 2378 105 49 hoc
1105 2378 120 49 sequit

429 2423 115 38 quod
500 2423 158 38 aliquod
615 2423 172 38 peccatum
744 2423 129 38 habet
830 2423 143 38 vxores
931 2423 86 38 et
974 2423 172 38 liberos:
1103 2423 129 38 patet
1175 2423 57 38 de

429 2459 164 50 homirne.
552 2459 109 50 item
620 2459 109 50 quod
688 2459 150 50 aliquod
798 2459 164 50 peccatum
920 2459 150 50 peccat:
1029 2459 150 50 aliquod
1125 2459 109 50 pecca-

430 2485 106 47 tum
490 2485 121 47 erit
566 2485 91 47 in
612 2485 136 47 ceio.
703 2485 167 47 aliquod
824 2485 182 47 peccatum
960 2485 106 47 est
1021 2485 152 47 regens
1112 2485 121 47 Physi-

428 2525 152 53 corum.
534 2525 167 53 peccatu
655 2525 167 53 peccati
777 2525 106 53 est
838 2525 167 53 regens.
959 2525 91 53 et
1004 2525 106 53 sic
1065 2525 91 53 de
1095 2525 137 53 talibus

438 2569 328 48 propositionibus:
717 2569 115 48 que
782 2569 181 48 absurde
914 2569 213 48 videntur.
1078 2569 82 48 ⁋
1094 2569 148 48 Concedo

445 2615 265 39 propositiones
664 2615 187 39 illatas:
804 2615 250 39 intelligenti
1007 2615 109 39 non
1069 2615 125 39 sunt
1132 2615 109 39 abso-

436 2650 106 58 ne.
496 2650 106 58 hec
557 2650 136 58 omnia
647 2650 166 58 concedo
768 2650 90 58 de
813 2650 166 58 peccato
933 2650 226 58 omissionis:
1114 2650 90 58 et
1144 2650 106 58 super

1255 206 98 55 hoc
1311 206 154 55 amplius
1423 206 84 55 in
1465 206 168 55 secundo.
1591 206 140 55 Satius
1690 206 98 55 est
1746 206 98 55 ita
1802 206 182 55 procedere
1942 206 112 55 quam
1998 206 70 55 per

1252 256 223 41 priuationes
1431 256 164 41 aliorum
1550 256 119 41 quas
1624 256 104 41 non
1684 256 149 41 vocant
1788 256 119 41 res:
1863 256 104 41 sed
1922 256 119 41 reru
1982 256 89 41 pri-

1250 291 210 40 uationes.
1411 291 113 40 vel
1476 291 97 40 ad
1524 291 210 40 chimerina
1685 291 193 40 complexe
1814 291 258 40 significabilia

1263 323 92 50 ui
1309 323 123 50 enim
1386 323 138 50 ponit
1478 323 200 50 cecitatem
1631 323 138 50 oculi
1724 323 123 50 esse
1800 323 154 50 oculum
1908 323 154 50 cecum:
2000 323 77 50 non

1251 365 143 40 debet
1347 365 127 40 esse
1426 365 191 40 territus
1570 365 303 40 impresentiarum.
1824 365 111 40 sed
1888 365 127 40 vnum
1952 365 127 40 conce-

1253 400 129 42 dens
1333 400 161 42 aditum
1446 400 97 42 ad
1494 400 177 42 aliorum
1623 400 258 42 concessionem
1833 400 177 42 aperit.
1961 400 97 42 ia
1994 400 81 42 vi-

1256 439 100 44 sio
1313 439 114 44 quae
1384 439 86 44 ex
1427 439 114 44 actu
1499 439 157 44 elicito
1613 439 172 44 dependet
1742 439 100 44 est
1799 439 129 44 actus
1885 439 186 44 imperatus
2014 439 57 44 et

1254 474 137 48 actus
1345 474 197 48 interior.
1497 474 76 48 ⁋
1527 474 106 48 Ad.
1588 474 122 48 xxx.
1664 474 152 48 dices.
1770 474 228 48 virtualiter
1952 474 106 48 vel
1998 474 76 48 in-

1264 518 245 41 terpretatiue
1462 518 107 41 est
1524 518 138 41 actus
1615 518 183 41 interior
1753 518 153 41 malus.
1860 518 76 41 ⁋
1891 518 107 41 Vel
1936 518 138 41 sics(et

1255 552 230 43 apparentius)
1442 552 115 43 quod
1514 552 115 43 ille
1586 552 130 43 actus
1672 552 173 43 exterior
1802 552 101 43 est
1859 552 144 43 malus:
1960 552 86 43 et
1989 552 86 43 nul-

1250 588 113 45 lus
1314 588 145 45 actus
1411 588 194 45 interior
1557 588 145 45 malus
1654 588 97 45 ei
1702 588 226 45 respondet.
1880 588 113 45 nec
1945 588 113 45 hoc
1993 588 81 45 est

1254 631 147 45 contra
1357 631 220 45 positionem.
1533 631 103 45 nam
1592 631 162 45 positio
1710 631 117 45 est:
1783 631 132 45 datis
1871 631 117 45 actu
1930 631 132 45 exterio

1248 666 91 50 ri
1293 666 91 50 et
1339 666 197 50 interiori
1491 666 213 50 aggregatum
1658 666 91 50 ex
1703 666 122 50 eis:
1779 666 106 50 nec
1840 666 106 50 est
1901 666 152 50 peius:
1992 666 76 50 nec

1258 705 154 41 melius
1365 705 123 41 solo
1442 705 123 41 actu
1519 705 216 41 interiori.
1689 705 92 41 et
1735 705 200 41 oppositum
1889 705 108 41 non
1935 705 139 41 contin-

1265 740 116 48 git
1332 740 100 48 in
1382 740 116 48 hoc
1448 740 232 48 argumento.
1630 740 133 48 volo
1713 740 149 48 istum
1813 740 199 48 occidere
1945 740 133 48 demon-

1264 776 182 49 strando
1397 776 281 49 machometistam
1628 776 116 49 qui
1695 776 116 49 est
1761 776 99 49 ex
1810 776 149 49 parte
1893 776 182 49 orientis:

1263 816 87 46 et
1307 816 160 46 volitio
1424 816 175 46 interior
1555 816 102 46 est
1613 816 204 46 imperatiua
1774 816 189 46 homicidii
1905 816 160 46 exterior:

1266 854 210 45 christiani:
1434 854 98 45 qui
1490 854 154 45 relicta
1602 854 210 45 occidentali
1771 854 126 45 parte
1855 854 126 45 pugne
1939 854 126 45 ponit
2009 854 56 45 se

1268 892 96 49 in
1316 892 145 49 locum
1413 892 209 49 celeriter
1573 892 113 49 vbi
1638 892 129 49 erat
1718 892 273 49 machometista.
1943 892 96 49 et
1976 892 96 49 con-

1260 932 173 42 ceditur
1386 932 126 42 quod
1465 932 173 42 volitio
1591 932 110 42 qua
1653 932 126 42 volo
1732 932 189 42 occidere
1874 932 142 42 istum
1952 932 126 42 demon-

1263 964 195 48 strando
1405 964 302 48 machometistam
1654 964 124 48 cum
1725 964 266 48 negligentia
1938 964 124 48 mea
1991 964 89 48 est

1263 1008 229 45 imperatiua
1442 1008 147 45 actus
1541 1008 229 45 exterioris
1720 1008 213 45 homicidii
1867 1008 213 45 christiani.

1263 1052 75 39 ⁋
1293 1052 106 39 Sed
1353 1052 151 39 contra
1459 1052 151 39 dices:
1564 1052 166 39 numquam
1685 1052 136 39 actus
1775 1052 181 39 exterior
1911 1052 136 39 malus
1987 1052 90 39 emer

1268 1081 112 52 git
1332 1081 80 52 a
1364 1081 128 52 solo
1445 1081 128 52 bono
1525 1081 128 52 actu
1605 1081 225 52 interiori.
1782 1081 80 52 ⁋
1814 1081 145 52 Dices
1910 1081 112 52 hoc
1959 1081 112 52 verum

1258 1120 119 48 esse:
1337 1120 105 48 nisi
1403 1120 92 48 sit
1456 1120 198 48 negligentia
1614 1120 185 48 culpabilis
1759 1120 92 48 qua
1811 1120 211 48 impsentiarum
1970 1120 105 48 contin

1265 1167 105 42 git.
1330 1167 92 42 non
1383 1167 105 42 enim
1448 1167 144 42 adhibeo
1553 1167 210 42 diligentiam.
1723 1167 92 42 sed
1776 1167 105 42 siue
1841 1167 144 42 sagitta
1933 1167 144 42 christia-

1260 1202 94 38 num
1313 1202 148 38 occidat
1421 1202 108 38 siue
1488 1202 229 38 machometistam
1677 1202 175 38 equalitur
1812 1202 135 38 pecco:
1906 1202 108 38 quia
1960 1202 121 38 equali-

1270 1225 104 55 ter
1330 1225 134 55 facio
1419 1225 119 55 quod
1493 1225 89 55 in
1538 1225 89 55 me
1583 1225 104 55 est
1642 1225 149 55 semper
1747 1225 89 55 ad
1791 1225 208 55 occidendum
1940 1225 149 55 christia

1265 1276 128 41 num.
1345 1276 80 41 ⁋
1377 1276 112 41 Sed
1442 1276 177 41 contra:
1570 1276 96 41 si
1618 1276 257 41 machometista
1827 1276 177 41 fuisset
1939 1276 145 41 occisus

1275 1307 134 52 actus
1364 1307 178 52 exterior
1498 1307 134 52 esset
1587 1307 149 52 bonus.
1691 1307 149 52 patet:
1796 1307 119 52 quia
1870 1307 104 52 est
1914 1307 164 52 imperatus

1274 1345 95 46 ab
1322 1345 126 46 actu
1401 1345 205 46 interiori
1559 1345 126 46 bono
1638 1345 142 46 nihil
1732 1345 174 46 malitie
1859 1345 190 46 habenti.
2001 1345 79 46 ⁋
2017 1345 63 46 Re

1264 1382 155 45 spondeo
1377 1382 113 45 quod
1447 1382 127 45 actus
1532 1382 169 45 interior
1658 1382 99 45 est
1715 1382 141 45 bonus:
1813 1382 99 45 sed
1870 1382 141 45 semper
1954 1382 127 45 deficit

1269 1426 225 43 diligentia:
1449 1426 90 43 et
1494 1426 255 43 machometistam
1705 1426 180 43 occidens
1840 1426 105 43 cum
1900 1426 120 43 tali
1960 1426 120 43 negli-

1268 1459 149 50 gentia
1373 1459 194 50 peccaret.
1522 1459 90 50 et
1567 1459 120 50 siue
1642 1459 164 50 occisio
1761 1459 179 50 exterior
1896 1459 164 50 dicatur
2000 1459 90 50 bona

1275 1504 100 38 fine
1337 1504 100 38 mala
1399 1504 75 38 in
1437 1504 100 38 idem
1499 1504 125 38 redit.
1587 1504 100 38 idem
1649 1504 100 38 enim
1711 1504 112 38 actus
1786 1504 150 38 exterior
1899 1504 112 38 praet
1961 1504 125 38 profici-

1270 1536 107 45 sci
1331 1536 76 45 a
1361 1536 122 45 bono
1437 1536 122 45 actu
1513 1536 198 45 voluntati
1666 1536 91 45 et
1711 1536 76 45 a
1742 1536 137 45 malo.
1833 1536 76 45 ⁋
1864 1536 152 45 Tertio
1970 1536 107 45 sic
2016 1536 76 45 di-

1265 1572 117 46 citur
1343 1572 91 46 (et
1395 1572 117 46 forte
1473 1572 143 46 melius)
1577 1572 104 46 quod
1642 1572 117 46 actus
1719 1572 156 46 interior
1836 1572 91 46 est
1888 1572 117 46 malus
1966 1572 91 46 quo
2005 1572 78 46 vult

1267 1612 119 47 hoc
1335 1612 136 47 modo
1420 1612 204 47 dirigere
1573 1612 204 47 sagittam
1725 1612 170 47 contra
1827 1612 272 47 machometistam:

1278 1650 96 47 ac
1326 1650 96 47 si
1374 1650 176 47 haberet
1502 1650 128 47 hunc
1582 1650 144 47 actum
1678 1650 128 47 volo
1759 1650 192 47 occidere
1903 1650 128 47 hunc
1967 1650 128 47 macho-

1269 1685 179 49 metistam
1403 1685 104 49 hoc
1463 1685 134 49 modo.
1553 1685 104 49 hoc
1612 1685 104 49 est
1672 1685 119 49 volo
1747 1685 179 49 dirigere
1881 1685 179 49 sagittam
2000 1685 90 49 nunc

1277 1730 124 47 ontra
1360 1730 248 47 machometistam.
1566 1730 124 47 tales
1649 1730 124 47 actus
1731 1730 110 47 sunt
1800 1730 124 47 mali.
1883 1730 96 47 cum
1938 1730 138 47 dubium
2020 1730 69 47 sit

1282 1769 87 42 de
1325 1769 188 42 occisione
1469 1769 216 42 christiani.
1642 1769 72 42 ⁋
1671 1769 87 42 Ex
1714 1769 260 42 totoistopatent
1931 1769 159 42 similes
2032 1769 72 42 pro

1280 1800 221 54 positiones
1454 1800 237 54 corollarie.
1643 1800 110 54 Duo
1706 1800 95 54 ex
1754 1800 158 54 equali
1864 1800 237 54 negligentia
2038 1800 63 54 di

1285 1840 148 48 rigunt
1389 1840 118 48 duas
1463 1840 177 48 sagittas
1596 1840 133 48 extra
1684 1840 148 48 domum:
1788 1840 89 48 et
1832 1840 118 48 vnus
1906 1840 177 48 occidit:
2024 1840 74 48 ale

1269 1885 109 40 no.
1332 1885 203 40 equaliter
1488 1885 140 40 tamen
1581 1885 187 40 peccant.
1721 1885 78 40 ⁋
1752 1885 171 40 Secundo
1877 1885 203 40 equaliter
2017 1885 78 40 pec

1279 1919 129 44 canat
1364 1919 86 44 si
1407 1919 114 44 vnus
1479 1919 157 44 occidat
1593 1919 129 44 regem
1679 1919 100 44 vel
1736 1919 200 44 episcopum.
1893 1919 86 44 et
1936 1919 129 44 alter
2007 1919 100 44 subul

1283 1954 119 46 xum:
1357 1954 193 46 supposito
1505 1954 119 46 quod
1580 1954 207 46 nesciebant
1743 1954 104 46 qui
1802 1954 148 46 essent
1906 1954 89 46 in
1950 1954 119 46 vico
2024 1954 74 46 a
2039 1954 74 46 mu-

1281 1992 105 47 tuo
1341 1992 224 47 sagittabant
1520 1992 90 47 et
1565 1992 150 47 equali
1670 1992 165 47 fortuna
1790 1992 90 47 in
1835 1992 135 47 aera:
1924 1992 150 47 ignari
2014 1992 90 47 quem

1276 2031 237 43 occiderent.
1466 2031 79 43 ⁋
1498 2031 142 43 Aliud
1593 2031 253 43 corollarium:
1798 2031 111 43 non
1862 2031 127 43 pius
1941 2031 158 43 peccat
2036 2031 63 43 in

1285 2070 118 44 illo
1359 2070 118 44 casu
1433 2070 118 44 duos
1507 2070 177 44 occidens
1640 2070 118 44 quam
1714 2070 133 44 vnum.
1802 2070 74 44 ⁋
1832 2070 133 44 Aliud
1906 2070 192 44 corollarium

1285 2106 125 52 plus
1363 2106 156 52 peccat
1472 2106 218 52 proiiciens
1644 2106 171 52 grossam
1768 2106 156 52 petram
1877 2106 109 52 per
1924 2106 171 52 fenestram

1275 2143 88 44 et
1319 2143 146 44 nullum
1421 2143 175 44 occidens
1553 2143 117 44 quam
1626 2143 205 44 proiiciens
1787 2143 175 44 lapillum
1918 2143 88 44 et
1947 2143 161 44 occidens.

1291 2189 126 42 batet
1375 2189 112 42 quia
1445 2189 112 42 erat
1514 2189 223 42 verisimilius
1696 2189 112 42 quod
1766 2189 112 42 pius
1836 2189 237 42 damnificaret:
2017 2189 84 42 pono

1290 2221 118 42 enim
1364 2221 118 42 quod
1438 2221 104 42 non
1497 2221 163 42 videant
1616 2221 237 42 transeuntes.
1808 2221 74 42 ⁋
1838 2221 133 42 Aliud
1912 2221 207 42 corollarium:

1285 2264 106 45 plus
1351 2264 132 45 peccat
1443 2264 92 45 qui
1496 2264 158 45 proiicit
1615 2264 145 45 lapidem
1720 2264 79 45 in
1760 2264 119 45 locum
1839 2264 79 45 in
1879 2264 106 45 quem
1944 2264 119 45 multi
2010 2264 106 45 solent

1283 2302 157 46 congredi
1400 2302 104 46 quae
1466 2302 104 46 quie
1531 2302 157 46 proiicit
1648 2302 144 46 lapidem
1753 2302 78 46 in
1792 2302 117 46 locum
1870 2302 78 46 in
1909 2302 91 46 quo
1961 2302 117 46 pauci
2027 2302 78 46 ince

1286 2334 105 45 dut.
1352 2334 92 45 non
1404 2334 144 45 oportet
1509 2334 118 45 tamen
1588 2334 118 45 istos
1667 2334 210 45 proiicientes
1837 2334 92 45 per
1890 2334 171 45 fenestram
2021 2334 79 45 se
2047 2334 66 45 con

1282 2372 144 44 fiteri
1382 2372 115 44 quod
1454 2372 158 44 hominem
1569 2372 216 44 occiderunt:
1741 2372 101 44 dum
1799 2372 115 44 modo
1871 2372 101 44 non
1928 2372 158 44 audiunt
2029 2372 86 44 rumo

1287 2415 100 41 rem
1344 2415 115 41 vugi
1416 2415 86 41 de
1459 2415 201 41 homicidio.
1617 2415 86 41 et
1660 2415 144 41 nullum
1760 2415 158 41 constat
1875 2415 100 41 eis
1932 2415 115 41 esse
1990 2415 129 41 occisum

1292 2449 79 47 ⁋
1324 2449 159 47 Potest
1435 2449 143 47 fieri
1530 2449 222 47 argumentum
1705 2449 127 47 sic:
1784 2449 95 47 si
1831 2449 143 47 actus
1927 2449 190 47 exterior
2054 2449 63 47 ni

1291 2489 256 47 hilbonitatis
1499 2489 256 47 superadderet
1707 2489 144 47 actui
1802 2489 224 47 interiori:
1978 2489 112 47 hoc
2026 2489 96 47 ideo

1282 2527 145 41 esset:
1383 2527 116 41 quia
1455 2527 87 41 de
1498 2527 217 41 necessitate
1672 2527 87 41 ab
1715 2527 87 41 eo
1759 2527 173 41 dependet
1889 2527 231 41 naturaliter:
2062 2527 58 41 et

1285 2567 205 41 interiori
1443 2567 157 41 posito
1553 2567 110 41 non
1616 2567 157 41 potest
1726 2567 110 41 non
1789 2567 126 41 poni
1867 2567 142 41 actus
1946 2567 173 41 exterior.

1293 2602 109 43 sed
1356 2602 109 43 hoc
1418 2602 109 43 non
1480 2602 203 43 sufficit.
1636 2602 125 43 quia
1714 2602 125 43 tunc
1792 2602 94 43 si
1839 2602 187 43 voluntas
1979 2602 140 43 velit
2057 2602 78 43 ef-

1281 2637 222 53 ficaciter
1452 2637 154 53 odium
1554 2637 120 53 dei
1623 2637 120 53 vel
1691 2637 256 53 dilectionem
1896 2637 137 53 dei:
1964 2637 171 53 sequitur
