2333 3309
181 219 129 93 tatem.
271 219 90 93 non
323 219 90 93 per
374 219 154 93 veniale.
490 219 103 93 quod
554 219 129 93 probo:
644 219 103 93 quia
708 219 103 93 tunc
773 219 141 93 aliquis
863 219 141 93 damnabitu

200 279 68 65 in
234 279 102 65 solis
302 279 159 65 venialibus
426 279 147 65 decedens.
539 279 91 65 quod
596 279 79 65 est
641 279 125 65 falsum.
732 279 102 65 probo
800 279 204 65 consequentiam:
958 279 57 65 sit

175 310 117 50 tota
248 310 175 50 latitudo
380 310 205 50 charitatis
541 310 146 50 sortis
643 310 175 50 quattuor
774 310 175 50 graduum:
906 310 102 50 iam
950 310 58 50 pr

183 355 98 59 mum
239 355 154 59 veniale
351 355 112 59 vnam
421 355 140 59 partem
519 355 140 59 illius
616 355 196 59 eharitatis
770 355 154 59 tollit.
882 355 98 59 sit
924 355 84 59 vnus

209 388 144 65 gradus
310 388 101 65 vel
367 388 144 65 aliqua
468 388 115 65 paro
541 388 115 65 eius
613 388 173 65 aliquita
743 388 144 65 vtputa
844 388 144 65 octaua
930 388 87 65 pars

202 428 157 61 fgradus:
320 428 105 61 sunt
385 428 118 61 solum
464 428 131 61 finite
555 428 131 61 partes
647 428 118 61 tales
725 428 92 61 non
778 428 183 61 conicantes
921 428 78 61 in
948 428 65 61 hac

211 466 130 61 gratia.
306 466 142 61 Secundum
412 466 130 61 veniale
507 466 118 61 tollit
590 466 118 61 tantum
673 466 71 61 de
708 466 118 61 gratia
791 466 130 61 quantum
886 466 118 61 primum
957 466 47 61 vi

206 505 121 55 niale:
290 505 72 55 et
327 505 133 55 tertium
423 505 157 55 tantundem
544 505 121 55 aufert
628 505 133 55 quantum
725 505 145 55 secundum
833 505 145 55 veniale:
930 505 84 55 ergom

200 538 91 55 tot
252 538 209 55 superuenient
422 538 131 55 peccam
514 538 157 55 venialia
631 538 105 55 quod
696 538 105 55 iste
762 538 144 55 carebit
866 538 91 55 sua
905 538 105 55 gratia

209 576 82 53 et
250 576 123 53 vltra
333 576 110 53 ergo
401 576 82 53 de
442 576 110 53 lege
511 576 164 53 perpetuo
634 576 192 53 damnabitur
785 576 110 53 sine
854 576 151 53 peccato
949 576 69 53 mor

210 611 110 63 tali
279 611 96 63 vel
334 611 178 63 originali
470 611 110 63 quod
539 611 137 63 liquet
635 611 110 63 esse
703 611 151 63 falsum.
813 611 68 63 ⁋
840 611 96 63 Sed
895 611 123 63 dices
963 611 55 63 oc

206 652 126 52 currit
294 652 151 52 materiam
408 652 176 52 praecepti:
546 652 75 52 et
584 652 101 52 tunc
646 652 88 52 vel
697 652 101 52 ille
760 652 151 52 adimplet
860 652 151 52 praeceptum

217 690 85 53 vel
266 690 97 53 non.
326 690 73 53 Si
363 690 146 53 secundum
472 690 110 53 totum
545 690 146 53 tollitur
655 690 85 53 per
704 690 158 53 paeccatum
825 690 146 53 mortale.
935 690 73 53 Si
959 690 61 53 pri

210 727 96 61 mum
265 727 178 61 augebitur
402 727 123 61 prius
483 727 137 61 gratia
579 727 109 61 quam
647 727 178 61 perdatur.
784 727 68 61 ⁋
811 727 96 61 hoc
866 727 96 61 non
907 727 109 61 valet.

221 763 99 54 non
277 763 113 54 enim
348 763 155 54 necesse
460 763 113 54 quod
531 763 155 54 interim
644 763 169 54 occurrat
770 763 155 54 materia
869 763 141 54 precepti

213 800 78 55 ⁋
245 800 94 55 Ad
292 800 110 55 hoc
354 800 220 55 argumentum
527 800 157 55 quidam
637 800 188 55 bifariam
778 800 220 55 respondet:
935 800 78 55 vno

211 837 105 54 modo
276 837 105 54 sic.
342 837 157 54 Secundum
459 837 144 54 veniale
564 837 91 54 non
616 837 131 54 tantum
707 837 131 54 tollit
799 837 144 54 gratiae
890 837 118 54 quantum

208 875 164 60 primum:
327 875 104 60 cum
387 875 119 60 pius
462 875 179 60 repugnet
596 875 149 60 gratie
701 875 149 60 primum
805 875 179 60 veniale:
924 875 90 60 quia

211 914 143 49 maiorem
315 914 156 49 reperit.
432 914 65 49 ⁋
458 914 143 49 Secundo
562 914 117 49 dicit
640 914 104 49 quod
705 914 156 49 secundum
822 914 143 49 veniale
913 914 104 49 tantum

212 950 134 52 tollit
305 950 147 52 quantum
412 950 134 52 primum
505 950 160 52 veniale:
626 950 93 52 sed
679 950 120 52 illud
759 950 107 52 quod
826 950 134 52 tollit
906 950 107 52 primum

214 987 163 47 ventiale
336 987 95 47 non
391 987 95 47 est
445 987 257 47 proportionabile
662 987 203 47 totigratiae
824 987 108 47 vnde
878 987 136 47 infinita

219 1023 109 56 sunt
287 1023 122 56 tanta
369 1023 81 56 in
409 1023 190 56 charitate.
559 1023 81 56 Et
599 1023 149 56 colorat
708 1023 122 56 illud
789 1023 95 56 non
844 1023 163 56 insulse.
952 1023 68 56 mor

209 1061 121 52 tale
284 1061 362 52 improportionabiliter
601 1061 166 52 veniale
722 1061 196 52 exuperat.
872 1061 90 52 et
902 1061 106 52 ipsum

217 1099 125 51 tollit
305 1099 113 51 totam
380 1099 188 51 charitatem:
531 1099 100 51 ergo
593 1099 75 51 in
631 1099 163 51 infinitum
756 1099 113 51 minus
832 1099 125 51 tollit
907 1099 100 51 venian

217 1134 98 55 le.
273 1134 225 55 Exemplificat
456 1134 84 55 de
498 1134 140 55 angulo
596 1134 225 55 contingentie
778 1134 84 55 et
821 1134 140 55 angulo
905 1134 112 55 recti-

214 1177 136 49 lineo:
309 1177 136 49 quorum
404 1177 108 49 vnus
472 1177 190 49 infinities
621 1177 122 49 alium
702 1177 163 49 includit
824 1177 68 49 e
851 1177 122 49 tamen
919 1177 95 49 adhuc

210 1212 109 54 non
273 1212 109 54 est
335 1212 218 54 infinitus.
507 1212 78 54 ⁋
538 1212 125 54 Iste
616 1212 218 54 solutiones
787 1212 218 54 deficiunt:
943 1212 78 54 tum

209 1245 149 58 prima:
313 1245 119 58 quia
388 1245 134 58 nulla
477 1245 104 58 est
537 1245 224 58 repugnantia
716 1245 179 58 formalis
850 1245 134 58 inter
925 1245 89 58 gra-

216 1285 112 53 tiam
286 1285 84 53 et
328 1285 168 53 peccatum
454 1285 168 53 veniale:
580 1285 112 53 quia
651 1285 84 53 si
693 1285 98 53 sic
749 1285 140 53 habens
847 1285 140 53 magnam
931 1285 84 53 gra-

218 1324 109 51 tiam
287 1324 123 51 nullo
369 1324 109 51 modo
437 1324 164 51 peccaret
560 1324 109 51 quod
628 1324 137 51 liquet
724 1324 109 51 esse
792 1324 150 51 falsum:
902 1324 123 51 etiam
970 1324 41 51 s

220 1360 159 53 secundum
339 1360 146 53 veniale
446 1360 146 53 equalis
552 1360 186 53 grauitatis
698 1360 93 53 cum
751 1360 120 53 primo
831 1360 93 53 non
884 1360 106 53 tan:
937 1360 80 53 quam

222 1394 128 57 tollit
312 1394 77 57 de
351 1394 128 57 gratia
440 1394 141 57 quantum
543 1394 141 57 primum:
646 1394 90 57 duo
697 1394 90 57 vel
748 1394 103 57 tria
813 1394 154 57 venialia
915 1394 103 57 tantum

221 1436 144 57 tollent
326 1436 144 57 quantum
431 1436 144 57 primum.
536 1436 66 57 ⁋
562 1436 144 57 Secunda
667 1436 144 57 solutio
772 1436 92 57 non
824 1436 131 57 valet.
903 1436 105 57 Primum

213 1475 97 47 enim
274 1475 134 47 veniale
371 1475 134 47 aliquid
468 1475 121 47 tollit
553 1475 134 47 gratae:
650 1475 73 47 et
686 1475 134 47 aliquid
783 1475 73 47 ab
820 1475 146 47 essentia
917 1475 97 47 gratia

217 1507 136 50 aufert.
316 1507 74 50 Et
353 1507 149 50 secundum
464 1507 161 50 equaliter
588 1507 62 50 /
613 1507 136 50 tertium
712 1507 62 50 /
736 1507 136 50 quartum
835 1507 62 50 /
860 1507 74 50 et
897 1507 87 50 sic
934 1507 87 50 conse

217 1547 154 56 quenter:
333 1547 103 56 ergo
397 1547 116 56 totum
474 1547 167 56 aufertur:
603 1547 90 56 vel
654 1547 77 56 in
693 1547 129 56 finita
783 1547 129 56 gratia
873 1547 103 56 sunt
924 1547 90 56 infi-

224 1583 104 56 nite
289 1583 130 56 partes
379 1583 142 56 equales
483 1583 91 56 non
535 1583 181 56 conicantes
677 1583 104 56 huic
742 1583 117 56 certe
820 1583 117 56 date:
897 1583 104 56 quod
949 1583 65 56 in-

215 1626 146 43 cludit
318 1626 292 43 contradictionem.
566 1626 88 43 Et
610 1626 146 43 quando
712 1626 248 43 argumentatur:
902 1626 102 43 mort-

220 1661 77 51 le
259 1661 90 51 est
310 1661 77 51 in
349 1661 167 51 infinitum
477 1661 116 51 maius
554 1661 154 51 veniali:
670 1661 103 51 dico
734 1661 103 51 quod
799 1661 116 51 illud
863 1661 154 51 argumentum

219 1696 168 50 includit
345 1696 140 50 contra
443 1696 168 50 factorem
569 1696 112 50 bene
638 1696 196 50 applicando
792 1696 112 50 quod
862 1696 154 50 veniale
960 1696 56 50 ni

211 1732 86 48 hil
260 1732 122 48 gratie
345 1732 135 48 tollit:
443 1732 86 48 cum
492 1732 110 48 nihil
565 1732 135 48 gratiae
663 1732 86 48 sit
712 1732 73 48 in
749 1732 159 48 infinitum
871 1732 110 48 parum
932 1732 86 48 licet

223 1771 87 52 in
267 1771 189 52 infinitum
413 1771 131 52 parua
500 1771 102 52 sit
558 1771 146 52 aliqua
660 1771 160 52 gratia.
777 1771 73 52 ⁋
806 1771 87 52 De
850 1771 117 52 enim
908 1771 102 52 analo

225 1808 96 56 gia
280 1808 82 56 de
321 1808 137 56 angulo
417 1808 233 56 contingentie:
609 1808 110 56 nego
678 1808 110 56 quod
746 1808 165 56 infiniti
870 1808 137 56 anguli
952 1808 55 56 co

208 1848 196 46 tingentie
359 1848 166 46 equales
479 1848 106 46 non
540 1848 211 46 conicantes
705 1848 226 46 reperiantur
886 1848 90 46 in
917 1848 90 46 angi

218 1887 75 46 lo
255 1887 187 46 rectilineo:
405 1887 100 46 quia
467 1887 100 46 tunc
530 1887 100 46 ille
592 1887 137 46 angulus
692 1887 187 46 rectilineus
842 1887 112 46 esset
905 1887 112 46 infini-

222 1923 120 48 tus.
297 1923 165 48 angulus
417 1923 239 48 contingentie
611 1923 180 48 supponit
746 1923 105 48 pro
806 1923 150 48 spatio
895 1923 120 48 clauso

215 1958 133 52 inter
304 1958 147 52 lineas
407 1958 118 52 vero
481 1958 103 52 vel
540 1958 221 52 imaginario:
716 1958 103 52 vel
775 1958 177 52 supponit
908 1958 103 52 pro
952 1958 74 52 li-

226 1999 109 49 neis
294 1999 191 49 connotando
444 1999 109 49 quod
512 1999 95 49 sic
567 1999 204 49 applicentur
730 1999 109 49 quod
798 1999 150 49 faciant
893 1999 123 49 angulum

233 2037 84 46 et
275 2037 98 46 sic
331 2037 168 46 quolibet
457 2037 140 46 angulo
555 2037 210 46 cotingentie
722 2037 154 46 dabilis
834 2037 98 46 est
876 2037 140 46 rectili-

225 2072 117 47 neus
299 2072 147 47 minor:
401 2072 88 47 et
446 2072 161 47 angulus
563 2072 220 47 rectilineus
739 2072 88 47 et
783 2072 161 47 angulus
886 2072 132 47 contin-

234 2105 136 52 gentie
330 2105 109 52 sunt
398 2105 150 52 eiusdem
506 2105 150 52 speciei
615 2105 204 52 entitatiue:
778 2105 95 52 non
833 2105 122 52 tamen
901 2105 122 52 eiusdem

231 2150 152 43 speciei
342 2150 83 43 in
383 2150 111 43 tali
453 2150 235 43 denominatione
646 2150 194 43 angulorum:
799 2150 97 43 cum
854 2150 152 43 angulus
951 2150 69 43 con

222 2184 194 42 tingentie
371 2184 104 42 sit
431 2184 164 42 species
550 2184 224 42 curuilinei.
729 2184 164 42 Quomodo
848 2184 149 42 dictum
937 2184 75 42 gec

219 2220 206 46 metrarum
373 2220 223 46 dicentium
545 2220 189 46 angulum
683 2220 275 46 contingentie
889 2220 137 46 augeri

236 2264 104 42 vel
295 2264 163 42 diminui
414 2264 89 42 ex
459 2264 222 42 magnitudine
637 2264 104 42 vel
696 2264 193 42 paruitate
844 2264 178 42 circuli:
963 2264 59 42 et

233 2301 119 42 quod
308 2301 164 42 angulus
427 2301 238 42 contingentie
620 2301 119 42 omni
694 2301 149 42 angulo
799 2301 208 42 rectilineo
947 2301 60 42 es

232 2335 158 42 minor:
343 2335 111 42 est
406 2335 269 42 intelligendum
627 2335 126 42 nunc
706 2335 111 42 pro
769 2335 111 42 hoc
832 2335 174 42 exemplo
943 2335 79 42 non

222 2375 113 38 est
286 2375 226 38 tangendum.
464 2375 81 38 ⁋
497 2375 146 38 Potes
594 2375 129 38 dare
675 2375 275 38 apparentiorem
885 2375 129 38 euasio

233 2412 96 41 nem
288 2412 96 41 sic
343 2412 110 41 quod
411 2412 151 41 veniale
521 2412 164 41 diminuit
644 2412 178 41 essentiam
781 2412 192 41 charitatis
918 2412 96 41 infu-

240 2447 100 47 se:
297 2447 100 47 sed
354 2447 114 47 nego
425 2447 185 47 propterea
567 2447 114 47 quod
639 2447 171 47 damnatur
767 2447 114 47 homo
838 2447 100 47 pro
895 2447 128 47 solis
966 2447 57 47 ve

237 2487 176 47 nialibus:
373 2487 109 47 homo
441 2487 109 47 enim
509 2487 149 47 tenetur
617 2487 149 47 seruare
726 2487 109 47 suam
794 2487 149 47 gratiam
902 2487 95 47 sub
943 2487 68 47 pe-

237 2520 84 43 na
279 2520 154 43 peccati
391 2520 182 43 mortalis:
531 2520 84 43 et
573 2520 112 43 nunc
644 2520 98 43 non
700 2520 154 43 seruat:
812 2520 182 43 propterea
938 2520 84 43 pec⁋

233 2559 109 44 cat
295 2559 186 44 omissiue
434 2559 217 44 mortaliter
605 2559 93 44 in
651 2559 202 44 ablatione
806 2559 155 44 vltimi
899 2559 124 44 gradus

226 2595 173 45 gratie.
352 2595 79 45 ⁋
384 2595 110 45 Sed
447 2595 157 45 contra
557 2595 142 45 istud
651 2595 236 45 argumentor.
824 2595 189 45 sequeretur

228 2639 113 42 quod
299 2639 142 42 nullus
398 2639 113 42 homo
469 2639 170 42 existens
597 2639 85 42 in
639 2639 142 42 gratia
738 2639 142 42 posset
838 2639 156 42 peccare
937 2639 71 42 pri

232 2673 90 56 mo
277 2673 165 56 peccato
397 2673 241 56 commissionis
593 2673 120 56 quin
668 2673 150 56 peccet
773 2673 150 56 duobus
864 2673 150 56 mortali

1069 226 94 56 bus
1122 226 188 56 totalibus.
1270 226 134 56 patet:
1364 226 94 56 sit
1417 226 134 56 sortes
1511 226 80 56 in
1551 226 134 56 gratia
1645 226 161 56 incipiat
1753 226 107 56 elice-

1068 282 91 39 re
1113 282 76 39 a
1144 282 167 39 mortale
1265 282 121 39 puta
1341 282 212 39 superbiam:
1507 282 91 39 et
1553 282 106 39 cum
1613 282 106 39 hoc
1674 282 167 39 amittit
1780 282 76 39 gra

1056 313 136 39 tiam:
1147 313 121 39 ergo
1222 313 166 39 omittit
1343 313 227 39 mortaliter:
1524 313 121 39 ergo
1600 313 136 39 simul
1691 313 151 39 peccat
1781 313 76 39 duo

1057 350 103 42 bus
1116 350 220 42 mortalibus:
1292 350 88 42 et
1336 350 132 42 eodem
1424 350 117 42 modo
1497 350 132 42 debes
1585 350 146 42 dicere
1687 350 117 42 quod
1760 350 88 42 in
1790 350 73 42 cum

1068 384 164 44 iuslibet
1191 384 150 44 graatie
1300 384 191 44 perditione
1450 384 191 44 mortaliter
1600 384 150 44 peccat:
1709 384 95 44 vel
1750 384 109 44 saltem

1070 422 216 47 venialiter
1239 422 200 47 omissiue.
1393 422 77 47 ⁋
1424 422 123 47 huic
1501 422 200 47 argumento
1655 422 200 47 euasiones
1794 422 77 47 da-

1063 458 96 45 ri
1111 458 176 45 possunt
1239 458 144 45 forte
1336 458 225 45 concedendo
1512 458 257 45 conclusionem
1705 458 160 45 illatam.

1064 497 74 43 ⁋
1094 497 104 43 Vel
1153 497 104 43 sic
1212 497 163 43 negando
1331 497 267 43 consequentiam.
1554 497 119 43 nemo
1628 497 119 43 enim
1702 497 163 43 amittit
1806 497 59 43 to

1070 531 119 48 talem
1149 531 145 48 gratiam
1255 531 106 48 sine
1321 531 145 48 peccato
1427 531 159 48 mortali:
1546 531 132 48 quando
1638 531 119 48 autem
1718 531 119 48 solum
1784 531 79 48 fium

1062 570 156 54 peccata
1175 570 170 54 venialia
1302 570 127 54 inter
1387 570 156 54 peccata
1500 570 240 54 commissionis:
1698 570 156 54 necesse
1797 570 71 54 est

1062 609 147 43 volare
1165 609 88 43 ad
1209 609 220 43 omissionem:
1385 609 132 43 aliam
1473 609 132 43 fugam
1561 609 103 43 non
1620 609 147 43 video.
1722 609 103 43 Sed
1766 609 103 43 quan-

1070 643 99 46 do
1119 643 148 46 primo
1218 643 132 46 homo
1300 643 165 46 peccat
1415 643 115 46 per
1481 643 230 46 omissionem
1662 643 198 46 mortalem
1794 643 82 46 vel

1070 683 207 43 omissionem
1233 683 178 43 faciendi
1366 683 192 43 preceptum
1514 683 163 43 diuinum
1632 683 89 43 ad
1677 683 118 43 quod
1736 683 133 43 tenetur

1066 718 118 48 tunc
1140 718 147 48 perdit
1243 718 177 48 gratiam:
1376 718 88 48 et
1420 718 162 48 tenetur
1538 718 133 48 illam
1626 718 162 48 seruare
1744 718 103 48 sub
1788 718 74 48 pe-

1075 755 87 47 na
1118 755 159 47 peccati
1233 755 116 47 quod
1306 755 116 47 tunc
1378 755 144 47 facit:
1479 755 101 47 sed
1537 755 101 47 non
1595 755 101 47 sub
1652 755 116 47 pena
1725 755 116 47 noui
1782 755 87 47 pec⁋

1070 798 123 40 cati
1146 798 215 40 omissionis
1316 798 92 40 de
1362 798 231 40 conseruanda
1546 798 169 40 gratia.
1669 798 77 40 ⁋
1700 798 108 40 Sed
1746 798 123 40 contra

1072 829 103 50 hoc
1131 829 221 50 argumentor.
1308 829 162 50 videtur
1426 829 118 50 quod
1500 829 162 50 sumitur
1618 829 118 50 vnum
1677 829 192 50 voluntarium

1058 871 162 43 dicendo
1176 871 118 43 quod
1250 871 118 43 homo
1324 871 162 43 tenetur
1442 871 162 43 seruare
1559 871 118 43 suam
1633 871 162 43 gratiam
1751 871 103 43 sub
1795 871 74 43 pe-

1070 903 83 46 na
1112 903 153 46 peccati
1223 903 181 46 mortalis:
1362 903 111 46 tunc
1432 903 83 46 ei
1474 903 167 46 peccatum
1599 903 111 46 erit
1668 903 125 46 causa
1752 903 125 46 quare
1821 903 56 46 mi

1057 943 112 43 nus
1121 943 176 43 peccat.
1249 943 80 43 ⁋
1282 943 176 43 Secundo
1410 943 192 43 arguitur
1554 943 96 43 ad
1602 943 144 43 idem.
1699 943 96 43 ex
1747 943 112 43 hac
1795 943 80 43 po-

1062 975 149 45 sitione
1171 975 163 45 sequitur
1293 975 108 45 quod
1361 975 163 45 quilibet
1483 975 163 45 scienter
1605 975 149 45 peccans
1700 975 176 45 venialiter:

1066 1019 136 52 peccat
1162 1019 204 52 mortaliter.
1325 1019 136 52 patet:
1420 1019 109 52 quia
1488 1019 149 52 exponit
1596 1019 82 52 se
1637 1019 163 52 periculo
1746 1019 122 52 obruent

1071 1052 90 48 et
1116 1052 224 48 confundenti
1295 1052 90 48 de
1340 1052 194 48 amittenda
1489 1052 149 48 totali
1594 1052 164 48 gratia:
1714 1052 120 48 ergo
1773 1052 105 48 expo-

1054 1087 104 45 nit
1114 1087 90 45 se
1159 1087 179 45 periculo
1293 1087 164 45 peccati
1412 1087 194 45 mortalis:
1562 1087 119 45 ergo
1636 1087 209 45 mortaliter
1785 1087 90 45 pec⁋

1073 1127 101 45 cat.
1136 1127 101 45 quod
1199 1127 88 45 non
1250 1127 88 45 est
1300 1127 202 45 admittendum.
1464 1127 63 45 ⁋
1489 1127 126 45 Tertio
1578 1127 151 45 sequitur
1691 1127 101 45 quod
1754 1127 126 45 gratia
1830 1127 50 45 si

1067 1160 88 51 mul
1118 1160 176 51 intenditur
1256 1160 75 51 et
1293 1160 188 51 remittitur.
1444 1160 88 51 hoc
1494 1160 113 51 autem
1570 1160 88 51 est
1620 1160 213 51 inconueniens:
1783 1160 88 51 ergo.

1073 1206 72 42 Et
1109 1206 96 42 quod
1169 1206 144 42 sequatur
1277 1206 120 42 patet:
1361 1206 132 42 ponendo
1457 1206 108 42 casum
1529 1206 96 42 quod
1589 1206 96 42 quis
1649 1206 120 42 faciat
1733 1206 96 42 duos
1781 1206 84 42 actus

1065 1240 129 44 simul
1150 1240 129 44 bonum
1236 1240 186 44 meritorie
1379 1240 129 44 vnum:
1465 1240 86 44 et
1508 1240 157 44 alterum
1622 1240 200 44 venialiter
1765 1240 100 44 malum

1063 1280 83 44 iam
1110 1280 83 44 per
1158 1280 71 44 te
1193 1280 141 44 secundus
1299 1280 106 44 actus
1370 1280 83 44 est
1417 1280 153 44 ablatiuus
1535 1280 141 44 gratiae:
1641 1280 71 44 et
1676 1280 130 44 ratione
1759 1280 106 44 prioris

1064 1315 114 41 actus
1140 1315 101 41 deus
1203 1315 114 41 auget
1279 1315 151 41 gratiam:
1392 1315 139 41 igitur.
1493 1315 63 41 ⁋
1519 1315 189 41 Respondetur
1670 1315 101 41 quod
1733 1315 114 41 vnius
1796 1315 76 41 par-

1070 1350 81 45 tis
1117 1350 81 45 est
1163 1350 127 45 ablatio
1255 1350 58 45 a
1279 1350 139 45 alterius
1383 1350 139 45 additio:
1487 1350 69 45 et
1521 1350 104 45 praet
1591 1350 92 45 esse
1648 1350 92 45 quod
1706 1350 127 45 veniale
1787 1350 81 45 equa-

1065 1389 126 47 liter
1149 1389 169 47 remoueat
1276 1389 126 47 sicut
1360 1389 141 47 gratia
1458 1389 155 47 augetur
1571 1389 98 47 vel
1627 1389 225 47 inequaliter.
1810 1389 70 47 ⁋
1824 1389 42 47 S

1066 1425 129 54 primum
1156 1425 193 54 simpliciter
1311 1425 90 54 non
1363 1425 193 54 intenditur:
1517 1425 90 54 vna
1569 1425 103 54 enim
1633 1425 129 54 portio
1710 1425 168 54 intenditur:

1063 1465 78 42 et
1102 1465 104 42 alia
1167 1465 195 42 remittitur.
1323 1465 78 42 Si
1362 1465 195 42 inequaliter
1517 1465 143 42 dicatur
1621 1465 156 42 secundum
1725 1465 143 42 excessum.

1076 1499 60 47 ⁋
1100 1499 120 47 Quarto
1184 1499 156 47 arguitur:
1304 1499 72 47 ex
1340 1499 84 47 hoc
1388 1499 144 47 sequitur
1496 1499 96 47 quod
1556 1499 144 47 plerique
1664 1499 96 47 sunt
1724 1499 120 47 incelo
1796 1499 72 47 adul

1068 1536 75 45 ti
1105 1536 87 45 qui
1155 1536 137 45 minorem
1255 1536 125 45 habent
1342 1536 137 45 gratiam
1442 1536 100 45 quam
1504 1536 187 45 baptismalem
1654 1536 87 45 vel
1691 1536 175 45 circuncisio-

1061 1572 110 49 nis:
1130 1572 110 49 immo
1199 1572 83 49 in
1241 1572 166 49 centuplo
1365 1572 166 49 minorem:
1489 1572 97 49 hoc
1544 1572 97 49 non
1599 1572 193 49 admittitur
1751 1572 69 49 a
1765 1572 110 49 docto-

1077 1618 106 42 ribus:
1151 1618 63 42 et
1183 1618 95 42 patet
1246 1618 169 42 consequentia
1384 1618 84 42 tota
1436 1618 84 42 enim
1489 1618 106 42 gratia
1563 1618 106 42 sortis
1637 1618 106 42 potest
1711 1618 116 42 remitti
1795 1618 74 42 per
1827 1618 42 42 ve

1071 1649 124 48 nialia
1158 1649 75 48 ad
1195 1649 174 48 centesimam
1332 1649 124 48 partem
1419 1649 124 48 gradus
1506 1649 124 48 vsque:
1593 1649 75 48 et
1630 1649 99 48 tunc
1692 1649 112 48 patet
1754 1649 112 48 proposi

1072 1689 108 45 tum.
1139 1689 67 45 ⁋
1166 1689 121 45 Dices
1246 1689 108 45 quod
1314 1689 148 45 dabitur
1421 1689 94 45 hec
1475 1689 134 45 gratia
1569 1689 108 45 post
1636 1689 108 45 pena
1690 1689 175 45 purgatorium

1063 1702 197 67 toleratam:
1218 1702 84 67 vt
1260 1702 127 67 dicit
1344 1702 155 67 quidam.
1457 1702 70 67 ⁋
1485 1702 98 67 Sed
1541 1702 155 67 videtur
1653 1702 127 67 istud
1738 1702 112 67 esse
1808 1702 155 67 praeter
1906 1702 155 67 Ricardus.

1071 1769 165 39 rationem
1195 1769 152 39 dictum:
1305 1769 110 39 quod
1374 1769 96 39 diu
1429 1769 110 39 post
1498 1769 124 39 vitam
1581 1769 165 39 augeatur
1705 1769 152 39 gratia.
1815 1769 69 39 ⁋
1843 1769 124 39 Quin.
1911 1769 152 39 Climacon.

1056 1805 85 40 to
1098 1805 185 40 arguitur.
1241 1805 199 40 sequeretur
1397 1805 114 40 quod
1468 1805 142 40 gratia
1568 1805 199 40 auferretur
1724 1805 114 40 post
1781 1805 85 40 mor-

1076 1834 93 49 tem:
1135 1834 70 49 et
1170 1834 93 49 tunc
1228 1834 128 49 aliquis
1321 1834 117 49 peccet
1403 1834 163 49 mortalitur
1531 1834 210 49 imputabilitur:
1706 1834 82 49 hoc
1752 1834 105 49 autem
1811 1834 58 49 est

1060 1880 133 43 falsum.
1156 1880 72 43 Et
1193 1880 109 43 probo
1265 1880 217 43 consequentiam:
1446 1880 133 43 ponendo
1542 1880 96 43 quod
1603 1880 121 43 iortes
1687 1880 157 43 continuet
1796 1880 72 43 suc-

1063 1913 157 48 cessiue
1177 1913 114 48 vnum
1248 1913 128 48 actum
1334 1913 128 48 circa
1420 1913 157 48 mortem:
1534 1913 100 48 sic
1591 1913 171 48 seilicet
1719 1913 114 48 quod
1776 1913 86 48 pri-

1071 1950 102 47 mum
1130 1950 161 47 instans
1247 1950 102 47 non
1306 1950 117 47 esse
1379 1950 117 47 eius
1452 1950 102 47 sit
1511 1950 146 47 primum
1613 1950 161 47 instans
1730 1950 102 47 non
1774 1950 88 47 esse

1074 1984 146 56 gratie:
1180 1984 106 56 tunc
1247 1984 80 56 in
1287 1984 106 56 illo
1353 1984 160 56 instanti
1473 1984 133 56 gratia
1566 1984 93 56 est
1619 1984 120 56 primo
1699 1984 146 56 amissa:
1792 1984 67 56 com

1071 2025 143 49 tinuo
1166 2025 143 49 prius
1261 2025 270 49 remittebatur.
1483 2025 79 49 ⁋
1515 2025 127 49 huic
1594 2025 206 49 argumento
1737 2025 127 49 respo-

1062 2056 149 52 detur:
1167 2056 164 52 dabitur
1286 2056 90 52 ei
1331 2056 134 52 maior
1421 2056 149 52 gratia
1525 2056 90 52 in
1570 2056 224 52 purgatorio.
1749 2056 90 52 et
1779 2056 90 52 tota

1068 2099 118 48 quam
1142 2099 147 48 habuit
1245 2099 118 48 post
1318 2099 88 48 ex
1363 2099 191 48 piationem
1510 2099 162 48 peccati
1628 2099 191 48 venialis.
1760 2099 103 48 sicui

1058 2135 207 49 resurgens
1217 2135 80 49 a
1249 2135 175 49 peccato
1376 2135 207 49 recuperat
1535 2135 175 49 maiorem
1662 2135 175 49 gratiam
1774 2135 95 49 quam

1067 2181 111 42 erat
1137 2181 111 42 illa
1206 2181 70 42 a
1234 2181 97 42 qua
1290 2181 195 42 ceciderat:
1443 2181 97 42 sic
1498 2181 111 42 iste
1568 2181 125 42 cuius
1651 2181 139 42 gratia
1735 2181 125 42 diminui

1063 2213 90 39 tur
1115 2213 168 39 recupabit
1244 2213 116 39 totam
1321 2213 142 39 gratiam
1424 2213 168 39 prarditam
1553 2213 103 39 post
1617 2213 116 39 penam
1694 2213 168 39 toleratam
1810 2213 52 39 in

1073 2242 198 59 purgatorio.
1231 2242 66 59 ⁋
1257 2242 119 59 Sexto
1336 2242 158 59 sequitur
1455 2242 79 59 ex
1494 2242 92 59 hac
1547 2242 171 59 positione
1679 2242 105 59 quod
1744 2242 119 59 peius
1810 2242 66 59 est

1065 2282 128 50 sorti
1150 2282 171 50 amittere
1278 2282 114 50 vnum
1349 2282 142 50 gradum
1449 2282 142 50 gratie
1549 2282 114 50 quam
1620 2282 157 50 platoni
1720 2282 142 50 amittere

1073 2325 124 51 decem.
1160 2325 124 51 patet.
1247 2325 75 51 si
1284 2325 124 51 sortes
1371 2325 112 51 habet
1446 2325 149 51 praecise
1558 2325 100 51 vnum
1620 2325 62 51 /
1645 2325 75 51 et
1682 2325 112 51 plato
1745 2325 124 51 duodeci.

1076 2359 62 53 ⁋
1100 2359 148 53 Secundum
1211 2359 98 53 vnum
1273 2359 111 53 modum
1346 2359 86 53 hoc
1396 2359 86 53 non
1445 2359 185 53 inconuenit:
1592 2359 148 53 secundum
1703 2359 111 53 alium
1777 2359 86 53 non
1814 2359 49 53 se

1064 2396 137 49 quitur.
1163 2396 137 49 dabitur
1263 2396 100 49 enim
1325 2396 75 49 ei
1362 2396 100 49 tota
1424 2396 124 49 gratia
1511 2396 75 49 in
1549 2396 112 49 fine.
1623 2396 62 49 ⁋
1648 2396 137 49 Insuper
1748 2396 87 49 non
1785 2396 87 49 omnes

1071 2435 145 47 equaliter
1183 2435 134 47 merentes
1283 2435 145 47 equalitur
1395 2435 179 47 primiabuntur
1540 2435 134 47 secundum
1641 2435 78 47 hac
1685 2435 168 47 positionem:
1808 2435 45 47 si

1068 2476 77 44 hoc
1112 2476 77 44 est
1156 2476 121 44 falsum.
1244 2476 99 44 patet
1310 2476 176 44 consequentia
1453 2476 88 44 sint
1507 2476 110 44 sortes
1584 2476 66 44 et
1617 2476 99 44 plato
1683 2476 132 44 ingratia
1771 2476 88 44 multum

1068 2511 153 53 intensa
1179 2511 83 53 vt
1221 2511 125 53 decem
1304 2511 97 53 vel
1360 2511 167 53 viginti:
1484 2511 111 53 tunc
1554 2511 139 53 sortes
1651 2511 97 53 nec
1706 2511 139 53 peccet
1790 2511 69 53 nec

1070 2547 193 49 mereatur:
1219 2547 134 49 plato
1308 2547 148 49 peccet
1412 2547 148 49 decies
1516 2547 104 49 vel
1575 2547 193 49 duodecies
1709 2547 148 49 venialit

1066 2583 79 51 ad
1105 2583 132 51 magnum
1198 2583 198 51 decrementum
1356 2583 92 51 sue
1408 2583 145 51 gratiae
1514 2583 132 51 vsque:
1606 2583 92 51 iam
1658 2583 105 51 isti
1724 2583 92 51 duo
1764 2583 105 51 equali

1065 2626 96 47 ter
1120 2626 178 47 merentur:
1257 2626 82 47 et
1298 2626 206 47 inequaliter
1463 2626 219 47 primiabutur:
1641 2626 110 47 quia
1709 2626 151 47 decedut
1805 2626 55 47 in

1062 2658 144 57 gratiis
1166 2658 183 57 imparibus.
1310 2658 65 57 ⁋
1336 2658 91 57 Aid
1388 2658 117 57 istud
1467 2658 144 57 dicitur
1571 2658 104 57 quod
1636 2658 91 57 non
1688 2658 144 57 oportet
1780 2658 78 57 pro
