2357 3298
213 206 123 54 non
284 206 280 54 continuantur
511 206 245 54 adinuicem.
704 206 175 54 nihilo
827 206 158 54 tamen
914 206 123 54 minus

236 256 126 48 motus
320 256 224 48 alterationis
502 256 98 48 est
558 256 196 48 continuus.
711 256 168 48 sufficit
837 256 112 48 enim
907 256 112 48 quod
963 256 70 48 pos

231 294 125 46 vnam
310 294 220 46 qualitatem
482 294 188 46 sequatur
623 294 141 46 alia:
717 294 94 46 et
764 294 157 46 nullum
874 294 141 46 cadat
953 294 78 46 tem

230 330 116 49 pus
297 330 166 49 medium
413 330 99 49 in
462 330 116 49 quo
529 330 166 49 nullam
645 330 232 49 qualitatem
827 330 215 49 acquirat.
976 330 66 49 et

237 370 104 48 hoc
297 370 178 48 sufficit
430 370 89 48 ad
475 370 104 48 hoc
534 370 89 48 vt
579 370 163 48 dicatur
697 370 178 48 continue
831 370 193 48 alterari.
965 370 74 48 Nec

230 412 214 42 imaginandum
401 412 100 42 est
458 412 100 42 (vt
515 412 128 42 dicit
600 412 171 42 opinans)
729 412 114 42 quod
800 412 114 42 ille
871 412 128 42 motus
942 412 100 42 alte-

236 444 197 49 rationis
383 444 230 49 componatur
564 444 98 49 ex
613 444 279 49 qualitatibus:
842 444 115 49 sed
908 444 131 49 ille
973 444 66 49 mo

232 484 111 47 tus
296 484 255 47 alterationis
503 484 111 47 est
566 484 96 47 de
614 484 271 47 praedicamento
821 484 191 47 passionis.

246 522 75 49 ⁋
276 522 180 49 Quicquid
411 522 105 49 sit
471 522 90 49 de
516 522 120 49 illo
591 522 135 49 dicto
682 522 120 49 quod
757 522 135 49 motus
832 522 210 49 alterationis

240 559 114 47 est
305 559 98 47 de
354 559 278 47 praedicamento
583 559 212 47 passionis
746 559 98 47 de
795 559 114 47 quo
860 559 114 47 non
909 559 131 47 magnum

238 601 151 49 festum
344 601 182 49 facimus:
480 601 182 49 transeat
616 601 136 49 illud
707 601 151 49 dictum
813 601 91 49 de
843 601 197 49 continuatio

235 635 113 54 ne.
299 635 97 54 Et
348 635 161 54 potest
460 635 129 54 dari
541 635 193 54 analogia
686 635 97 54 de
734 635 177 54 tempore
863 635 145 54 cuius
943 635 97 54 paro

231 671 225 56 posterior
404 671 121 56 non
473 671 156 56 manet
576 671 121 56 cum
646 671 190 56 priore.
784 671 104 56 Et
836 671 173 56 tempus
939 671 104 56 voca

240 718 105 44 tur
300 718 209 44 continuum:
464 718 90 44 et
509 718 75 44 a
539 718 209 44 philosopho
704 718 165 44 ponitur
824 718 90 44 in
853 718 195 44 praedicamen

246 749 94 48 tis
299 749 108 48 esse
367 749 148 48 species
475 749 202 48 quantitatis
637 749 175 48 continue:
772 749 108 48 quia
839 749 94 48 vna
893 749 108 48 pars
947 749 108 48 alteri

239 784 174 50 succedit.
373 784 134 50 quando
467 784 94 50 est
520 784 161 50 continua
641 784 174 50 productio
775 784 188 50 qualitatis
922 784 94 50 est
963 784 80 50 affe

234 828 103 50 nis
293 828 191 50 analogia:
440 828 88 50 eo
484 828 117 50 quod
557 828 103 50 hic
616 828 103 50 est
675 828 191 50 successio
822 828 162 50 partium
939 828 103 50 quo
983 828 59 50 ad

233 862 131 46 fieri
321 862 87 46 et
364 862 102 46 quo
422 862 87 46 ad
466 862 174 46 remanere
596 862 116 46 toto
669 862 160 46 tempore
785 862 218 46 altationis.
959 862 73 46 ⁋
973 862 73 46 Se-

240 901 139 47 cundo
332 901 201 47 arguitur:
486 901 139 47 capio
579 901 154 47 medium
687 901 216 47 illumiatum
857 901 77 47 a
888 901 139 47 sole:
965 901 77 47 tun

232 937 95 49 in
280 937 111 49 hoc
343 937 143 49 medio
439 937 111 49 est
502 937 127 49 vnus
582 937 159 49 gradus
693 937 175 49 luminis
820 937 111 49 vel
868 937 175 49 aduenien-

238 981 89 45 te
283 981 164 45 candela
402 981 223 45 corrumpitur
581 981 134 45 illud
670 981 134 45 lumen
759 981 89 45 in
804 981 149 45 medio:
908 981 89 45 et
938 981 104 45 produ

246 1011 138 54 citur
338 1011 138 54 nouum
430 1011 138 54 lumen
522 1011 77 54 a
553 1011 169 54 candela
676 1011 108 54 vel
738 1011 123 54 non.
814 1011 154 54 primum
922 1011 108 54 est
968 1011 77 54 con

246 1050 100 52 tra
303 1050 242 52 experientiam.
502 1050 100 52 non
559 1050 114 52 enim
631 1050 128 52 minus
716 1050 157 52 videmus
830 1050 86 52 in
873 1050 114 52 fine
944 1050 114 52 quam
1001 1050 57 52 in

239 1096 227 43 principio.
417 1096 97 43 si
465 1096 210 43 vocandela
627 1096 194 43 producat
773 1096 129 43 vnum
854 1096 162 43 gradum
951 1096 97 43 lumi

235 1136 106 40 nis
295 1136 106 40 cum
356 1136 151 40 priori
462 1136 166 40 lumine:
583 1136 106 40 iam
643 1136 106 40 hec
704 1136 151 40 lumina
810 1136 121 40 sese
870 1136 182 40 intendunt.

253 1170 76 46 ⁋
283 1170 106 46 Sed
344 1170 137 46 dices
435 1170 137 46 lumen
526 1170 198 46 precedens
678 1170 228 46 corrumpitur
861 1170 198 46 totaliter
997 1170 61 46 et

270 1199 183 54 roducitur
411 1199 127 54 nouum
495 1199 127 54 lumen
579 1199 183 54 intensius
720 1199 141 54 priori
818 1199 183 54 productum
959 1199 84 54 ab
987 1199 56 54 il

244 1238 117 53 lis
311 1238 167 53 duobus
428 1238 233 53 corporibus
611 1238 233 53 luminosis.
794 1238 100 53 Et
844 1238 100 53 si
877 1238 167 53 adducatu

248 1281 160 47 corpus
360 1281 223 47 luminosum:
535 1281 96 47 vt
583 1281 128 47 puta
663 1281 112 47 vna
727 1281 128 47 teda
807 1281 96 47 in
854 1281 112 47 hoc
902 1281 144 47 instant

243 1315 85 44 ad
285 1315 141 44 medium
384 1315 211 44 illuminatum
553 1315 70 44 a
581 1315 127 44 sole:
666 1315 99 44 iam
722 1315 211 44 corrumpetur
891 1315 127 44 lumem
961 1315 85 44 sola

256 1352 81 51 re
297 1352 81 51 in
338 1352 95 51 hoc
392 1352 176 51 instanti:
527 1352 81 51 et
567 1352 81 51 ab
608 1352 122 51 illis
689 1352 135 51 duobus
784 1352 122 51 simul
865 1352 189 51 producetur
1000 1352 54 51 in

252 1401 130 44 tensius
347 1401 107 44 lumen
418 1401 142 44 secundum
525 1401 107 44 paius
596 1401 119 44 dicta:
679 1401 83 44 sic
726 1401 142 44 scilicet
833 1401 95 44 quod
892 1401 107 44 lumen
963 1401 119 44 produ-

244 1431 110 53 ctum
313 1431 69 53 a
341 1431 110 53 sole
410 1431 124 53 antea
493 1431 110 53 nunc
562 1431 152 53 desinat
672 1431 97 53 per
728 1431 193 53 remotionem
879 1431 83 53 de
907 1431 152 53 praesenti

259 1468 72 49 et
295 1468 168 49 positionem
427 1468 72 49 de
463 1468 168 49 preterito.
595 1468 72 49 si
631 1468 84 49 per
680 1468 168 49 positionem
812 1468 72 49 de
848 1468 156 49 praesenti
968 1468 72 49 et
992 1468 60 49 re-

243 1503 189 48 motionem
385 1503 94 48 de
432 1503 157 48 futuro
542 1503 110 48 non
605 1503 173 48 refert.
731 1503 79 48 ⁋
762 1503 110 48 Sed
825 1503 157 48 contra
935 1503 110 48 hoc
982 1503 63 48 ar

255 1545 98 47 sol
311 1545 98 47 est
367 1545 154 47 maioris
479 1545 210 47 resistentie
647 1545 112 47 quam
718 1545 154 47 candela
830 1545 98 47 sit
872 1545 168 47 actuitatim

260 1584 218 46 corruptiue:
434 1584 87 46 et
477 1584 189 46 quaelibet
622 1584 131 46 causa
709 1584 160 46 nititur
825 1584 203 46 conseruare
970 1584 87 46 suum

244 1621 203 48 effectum:
401 1621 125 48 quia
479 1621 141 48 sicut
573 1621 235 48 naturaliter
761 1621 172 48 causat:
886 1621 110 48 sic
933 1621 125 48 suapte

247 1664 151 45 natura
352 1664 196 45 conseruat
503 1664 136 45 sicut
594 1664 196 45 contingit
744 1664 90 45 de
790 1664 151 45 brutis
895 1664 90 45 et
925 1664 136 45 ceteris

254 1695 97 48 id
302 1695 161 48 genus.
415 1695 129 48 ergo
496 1695 178 48 candela
625 1695 113 48 non
690 1695 210 48 corrumpit
851 1695 145 48 lumen
932 1695 129 48 solis.

246 1736 100 52 Et
296 1736 100 52 vt
346 1736 267 52 fortificetur
563 1736 234 52 argumentum
747 1736 200 52 capiatur
897 1736 134 52 vnum
964 1736 100 52 lumi

254 1781 135 40 nosum
344 1781 180 40 infinite
479 1781 195 40 intensum.
629 1781 75 40 ⁋
659 1781 225 40 Respondetur
839 1781 120 40 quod
914 1781 135 40 illud
989 1781 60 40 lu

254 1808 116 52 men
320 1808 248 52 corrumpetur
518 1808 83 52 a
551 1808 182 52 candela
683 1808 99 52 et
732 1808 132 52 sole
815 1808 231 52 copulatim.
980 1808 83 52 sol

259 1849 93 47 ei
305 1849 170 47 appetit
429 1849 201 47 producere
584 1849 170 47 optimum
707 1849 93 47 de
754 1849 217 47 possibili:
924 1849 124 47 quia
986 1849 62 47 ho

252 1886 130 49 deus
333 1886 178 49 indidit
463 1886 178 49 naturis
592 1886 162 49 rerum.
706 1886 243 49 Experientia
901 1886 162 49 quoque
998 1886 65 49 ma

253 1923 142 51 gistra
352 1923 128 51 rerum
437 1923 170 51 ostendit
565 1923 113 51 quod
636 1923 184 51 intensius
777 1923 113 51 erit
848 1923 128 51 lumen
933 1923 85 51 ab
962 1923 99 51 istis

245 1957 159 45 duobus
357 1957 223 45 corporibus
532 1957 207 45 luminosis
691 1957 128 45 quam
771 1957 96 45 ab
819 1957 159 45 altero
915 1957 143 45 seorsum

264 1999 82 48 ⁋
296 1999 115 48 Pro
362 1999 214 48 constanti
527 1999 148 48 tenet
626 1999 115 48 hec
692 1999 181 48 positio
824 1999 115 48 hoc
890 1999 115 48 non
940 1999 115 48 posse

265 2036 122 48 fieri:
350 2036 86 48 per
399 2036 122 48 plures
485 2036 122 48 gradus
571 2036 184 48 penetratiue
717 2036 73 48 se
754 2036 159 48 habentes.
876 2036 171 48 consequens
999 2036 61 48 est

257 2083 137 41 dicere
353 2083 123 41 lumen
435 2083 191 41 praecedens
585 2083 178 41 totaliter
722 2083 191 41 extinctum:
873 2083 96 41 nec
927 2083 150 41 videtur
1023 2083 41 41 a

268 2111 103 51 quo
327 2111 147 51 debeat
430 2111 177 51 corrumpi
563 2111 147 51 citius
666 2111 118 51 quam
740 2111 88 51 ab
784 2111 133 51 illis
872 2111 147 51 duobus
961 2111 103 51 simul

262 2159 135 42 Vanum
352 2159 105 42 est
412 2159 165 42 currere
532 2159 90 42 ad
577 2159 240 42 corruptionem
773 2159 225 42 vniuersalis
938 2159 120 42 causae

258 2189 126 47 Dabo
337 2189 126 47 tibi
416 2189 205 47 analogiam
573 2189 220 47 apparentem
746 2189 142 47 extra
841 2189 126 47 hanc
904 2189 157 47 materiam

265 2232 91 41 de
310 2232 198 41 argumento
462 2232 152 41 topico
569 2232 122 41 quod
645 2232 167 41 generat
766 2232 198 41 opinionem
903 2232 167 41 concurrit

259 2262 104 54 cum
318 2262 178 54 suffrago
452 2262 104 54 pie
511 2262 222 54 affectionis
689 2262 89 54 ad
734 2262 237 54 corruptionem
927 2262 104 54 sui
971 2262 89 54 effc

264 2303 121 50 ctus:
344 2303 80 50 vt
384 2303 188 50 producatur
532 2303 188 50 indiuiduum
679 2303 134 50 fidei:
773 2303 80 50 vt
814 2303 134 50 tactum
907 2303 94 50 est
961 2303 80 50 in
988 2303 67 50 pri

264 2339 79 44 ma
303 2339 184 44 quaestione
448 2339 145 44 prologi
554 2339 132 44 huius.
646 2339 92 44 nec
698 2339 92 44 est
751 2339 211 44 inconueniens
922 2339 105 44 quod
975 2339 92 44 parua

262 2378 112 44 teda
332 2378 209 44 partialiter
499 2378 181 44 concurrat
639 2378 84 44 ad
680 2378 223 44 productionem
862 2378 209 44 intensioris
1015 2378 56 44 lu

273 2419 141 42 minis
367 2419 126 42 quam
446 2419 126 42 erat
524 2419 141 42 lumen
619 2419 204 42 productum
776 2419 78 42 a
807 2419 126 42 sole
885 2419 110 42 vel
932 2419 126 42 lumine

283 2461 91 41 lo
328 2461 198 41 infinito:
480 2461 122 41 quia
556 2461 152 41 sortes
663 2461 106 41 cum
723 2461 182 41 infinita
860 2461 106 41 ope
906 2461 167 41 infinitum

274 2502 153 42 pondus
381 2502 153 42 potest
488 2502 184 42 portare.
625 2502 76 42 ⁋
656 2502 92 42 Et
702 2502 92 42 si
748 2502 138 42 dicas
840 2502 92 42 in
885 2502 168 42 speculo
993 2502 76 42 con

277 2530 137 48 cauo
363 2530 240 48 aggregamus
551 2530 172 48 plures
671 2530 172 48 radios
792 2530 103 48 ad
843 2530 172 48 eundem
946 2530 120 48 locum

279 2568 107 51 sic
340 2568 123 51 quod
417 2568 169 51 facimus
539 2568 138 51 lumen
631 2568 107 51 ita
693 2568 184 51 intensum
831 2568 123 51 quod
892 2568 184 51 comburimus

270 2611 226 46 cobustibile
451 2611 91 46 in
496 2611 121 46 loco
572 2611 287 46 congregationis.
813 2611 75 46 ⁋
844 2611 196 46 Similiter
979 2611 91 46 cor-

262 2644 122 47 pus
331 2644 174 47 opacum
453 2644 226 47 appositum
626 2644 174 47 duabus
748 2644 208 47 candelis
904 2644 156 47 facit
991 2644 87 47 du

1088 210 95 52 as
1136 210 189 52 vinbras:
1277 210 126 52 ergo
1356 210 158 52 lumina
1466 210 158 52 duarum
1577 210 221 52 candelarum
1750 210 142 52 simul
1829 210 63 52 ma

1089 253 137 45 nent.
1180 253 76 45 ⁋
1211 253 168 45 Dicitur
1333 253 92 45 ad
1379 253 153 45 primum
1485 253 122 45 quod
1562 253 137 45 lumen
1653 253 183 45 intensum
1790 253 107 45 est
1836 253 61 45 si

1098 290 170 43 speculo
1221 290 170 43 propter
1345 290 155 43 multam
1453 290 216 43 distantiam
1623 290 77 43 a
1654 290 108 43 non
1716 290 139 43 gradu
1793 290 108 43 lumi-

1101 328 118 43 nis.
1175 328 74 43 ⁋
1205 328 89 43 Ad
1249 328 133 43 aliam
1337 328 236 43 experientiam
1529 328 162 43 dicitur
1647 328 118 43 quod
1721 328 133 43 illud
1795 328 103 43 solum

1098 365 170 43 ostendit
1225 365 127 43 illud
1310 365 127 43 lumen
1395 365 113 43 esse
1465 365 170 43 causatum
1592 365 85 43 ab
1635 365 127 43 illis
1719 365 141 43 duabus
1804 365 99 43 causa

1097 400 157 56 delis.
1207 400 78 56 ⁋
1238 400 157 56 Tertio
1348 400 157 56 arguit
1457 400 157 56 quidam
1567 400 157 56 doctor
1677 400 125 56 sic:
1739 400 188 56 sequeretur

1098 448 116 36 quod
1171 448 175 36 quilibet
1302 448 131 36 motus
1390 448 233 36 alterationis
1579 448 131 36 debet
1666 448 116 36 esse
1739 448 175 36 infinite
1855 448 73 36 ve-

1096 478 191 50 locitatis:
1247 478 96 50 hoc
1301 478 123 50 autem
1383 478 96 50 est
1438 478 137 50 contra
1534 478 232 50 experientiam.
1712 478 191 50 consequentia

1094 518 134 40 tamen
1183 518 148 40 patet:
1287 518 119 40 quia
1361 518 178 40 quelibet
1495 518 178 40 qualitas
1628 518 104 40 est
1688 518 178 40 infinite
1806 518 104 40 modi-

1102 553 84 49 ce
1144 553 225 49 resistentie:
1327 553 84 49 et
1369 553 183 49 quodlibet
1510 553 169 49 alterans
1637 553 98 49 est
1693 553 169 49 infinite
1805 553 113 49 actiui

1100 590 157 45 tatis.
1210 590 94 45 et
1257 590 220 45 cuiustibet
1430 590 236 45 actiuitatis
1618 590 94 45 ad
1666 590 204 45 infinitam
1807 590 94 45 modi

1101 628 111 46 cam
1165 628 253 46 resistentiam
1370 628 111 46 est
1434 628 190 46 infinita
1576 628 222 46 proportio:
1751 628 127 46 ergo
1814 628 95 46 quod

1096 675 139 35 libet
1188 675 186 35 alterans
1328 675 124 35 agit
1405 675 186 35 secundum
1544 675 201 35 infinitam
1684 675 232 35 proportionem:

1113 709 73 41 et
1149 709 85 41 per
1198 709 170 41 consequens
1332 709 97 41 aget
1393 709 73 41 in
1429 709 158 41 infinitum
1551 709 170 41 velociter.
1685 709 122 41 vltima
1758 709 146 41 consequent

1100 741 144 56 patet.
1201 741 115 56 quia
1273 741 87 56 si
1316 741 159 56 aliquod
1431 741 130 56 agens
1518 741 115 56 agat
1590 741 173 56 secundum
1720 741 159 56 finitam
1820 741 87 56 pro-

1105 780 233 51 portionem:
1288 780 100 51 et
1338 780 150 51 aliud
1438 780 133 51 agat
1521 780 199 51 secundum
1670 780 166 51 duplam
1770 780 133 51 propo-

1097 819 158 47 tionem
1208 819 95 47 in
1255 819 142 47 duplo
1350 819 190 47 velocius
1493 819 127 47 aget
1572 819 190 47 secundum
1714 819 127 47 quam
1777 819 127 47 primum

1107 859 97 47 et
1155 859 97 47 si
1204 859 145 47 aliud
1300 859 129 47 agat
1381 859 193 47 secundum
1526 859 226 47 quadruplam
1687 859 226 47 proportionem

1109 894 257 48 quadrupliciter
1323 894 171 48 velocius
1452 894 129 48 aget:
1537 894 86 48 et
1580 894 100 48 sic
1637 894 114 48 sine
1709 894 143 48 statu.
1795 894 114 48 igitur

1107 934 80 43 si
1147 934 134 43 aliqud
1241 934 107 43 agat
1307 934 161 43 secundum
1428 934 174 43 infinitam
1562 934 214 43 proportionem
1736 934 161 43 infinite
1843 934 67 43 ve-

1107 966 160 50 lociter
1224 966 131 50 agit.
1311 966 117 50 Quod
1384 966 189 50 quodlibet
1530 966 175 50 alterans
1661 966 102 50 sit
1720 966 175 50 alicuius
1836 966 73 50 cer

1104 1005 83 46 te
1146 1005 207 46 actiuitatis
1311 1005 97 46 non
1367 1005 97 46 est
1422 1005 152 46 questio
1532 1005 83 46 Et
1574 1005 110 46 quod
1643 1005 193 46 quaelibbet
1781 1005 138 46 qualitas

1099 1043 99 46 sit
1155 1043 170 46 infinite
1283 1043 142 46 modice
1382 1043 170 46 secundum
1510 1043 241 46 resistentiam:
1708 1043 170 46 pobatur:
1821 1043 85 46 quia

1104 1089 93 43 si
1150 1089 155 43 aliqua
1258 1089 185 43 qualitas
1397 1089 155 43 potest
1505 1089 201 43 resistere
1660 1089 108 43 per
1722 1089 170 43 aliquod
1830 1089 77 43 tem

1117 1120 98 44 pus
1173 1120 126 44 esset
1257 1120 182 44 aliquante
1398 1120 225 44 resistentie.
1580 1120 84 44 et
1622 1120 84 44 si
1664 1120 112 44 alia
1735 1120 140 44 posset
1819 1120 84 44 resi

1104 1160 145 44 stere
1200 1160 112 44 per
1265 1160 209 44 subduplum
1425 1160 161 44 tempus
1538 1160 80 44 /
1570 1160 193 44 subduple
1714 1160 145 44 esset
1795 1160 112 44 resi-

1116 1195 158 49 stentie:
1234 1195 79 49 et
1274 1195 92 49 sic
1326 1195 79 49 in
1366 1195 158 49 abyssum.
1484 1195 105 49 ergo
1550 1195 79 49 si
1589 1195 132 49 aliqua
1681 1195 158 49 qualitas
1800 1195 92 49 per
1839 1195 79 49 nul-

1110 1233 98 50 lum
1166 1233 224 50 tempuspotest
1348 1233 182 50 resistere
1488 1233 98 50 sed
1545 1233 126 50 solum
1629 1233 98 50 per
1685 1233 154 50 instans
1797 1233 112 50 erit
1853 1233 56 50 in

1114 1273 142 49 finite
1213 1273 142 49 modice
1313 1273 227 49 resistentie:
1497 1273 85 49 et
1540 1273 99 49 sic
1597 1273 156 49 pobatur
1710 1273 114 49 quod
1781 1273 128 49 forma
1852 1273 57 49 ac

1100 1309 124 43 debet
1183 1309 192 43 corrumpere
1334 1309 124 43 totum
1416 1309 151 43 calorem
1526 1309 192 43 existentem
1677 1309 82 43 in
1718 1309 82 43 ea
1759 1309 82 43 in
1800 1309 96 43 non
1841 1309 69 43 tem

1110 1349 105 52 pore:
1181 1349 82 52 non
1227 1349 94 52 modo
1286 1349 140 52 secundum
1391 1349 187 52 extensionem:
1543 1349 82 52 sed
1590 1349 105 52 etiam
1660 1349 140 52 secundum
1754 1349 152 52 intensionem

1113 1384 61 47 ⁋
1137 1384 110 47 Illud
1211 1384 86 47 non
1260 1384 172 47 concludit:
1395 1384 135 47 dicetur
1493 1384 98 47 enim
1554 1384 98 47 quod
1615 1384 74 47 ex
1652 1384 110 47 parte
1725 1384 110 47 omnis
1787 1384 123 47 quaelita

1115 1425 99 44 tum
1171 1425 99 44 que
1228 1425 141 44 debent
1326 1425 155 44 produci
1439 1425 85 44 in
1481 1425 113 44 tali
1552 1425 211 44 alteratione
1721 1425 183 44 aliquanta
1848 1425 70 44 est

1115 1465 202 45 resistentia:
1279 1465 76 45 et
1317 1465 88 45 non
1368 1465 76 45 in
1405 1465 164 45 infinitum
1532 1465 126 45 modica
1620 1465 114 45 maior
1696 1465 76 45 ei
1733 1465 88 45 est
1771 1465 139 45 resistem-

1115 1500 94 49 tia
1168 1500 161 49 secundum
1289 1500 107 49 quod
1355 1500 174 49 quaelitas
1489 1500 120 49 magis
1570 1500 134 49 distat
1663 1500 67 49 a
1690 1500 94 49 non
1743 1500 134 49 gradu.
1837 1500 67 49 ⁋
1850 1500 54 49 Se

1118 1543 152 50 contra:
1229 1543 83 50 ex
1270 1543 152 50 omnibus
1381 1543 221 50 resistentiis
1561 1543 138 50 talium
1658 1543 194 50 qualitatum
1810 1543 97 50 non
1852 1543 69 50 fit

1118 1576 98 46 vna
1174 1576 211 46 resistentia
1343 1576 169 46 totalis:
1469 1576 84 46 et
1511 1576 84 46 si
1554 1576 126 46 esset
1638 1576 126 46 adhuc
1722 1576 126 46 esset
1793 1576 126 46 infini-

1106 1610 79 46 te
1145 1610 145 46 modica.
1251 1610 119 46 sicut
1330 1610 105 46 enim
1396 1610 79 46 ex
1435 1610 171 46 infinitis
1567 1610 145 46 punctis
1673 1610 92 46 non
1725 1610 171 46 conflatur
1844 1610 66 46 con

1114 1654 165 47 tinuum:
1234 1654 105 47 sic
1294 1654 105 47 nec
1354 1654 90 47 ex
1399 1654 195 47 infinitis
1549 1654 165 47 modicis
1669 1654 240 47 resistentiis
1849 1654 75 47 com

1113 1693 165 51 ponetur
1233 1693 150 51 aliqua
1338 1693 225 51 resistentia
1519 1693 150 51 certa.
1624 1693 75 51 ⁋
1654 1693 165 51 Dicitur
1774 1693 120 51 quod
1834 1693 75 51 non

1107 1723 191 58 componitr
1254 1723 103 58 vna
1313 1723 176 58 qualitas
1445 1723 191 58 resistens
1593 1723 88 58 ex
1637 1723 132 58 illis
1710 1723 206 58 resistentiis

1117 1767 100 45 sed
1174 1767 128 45 omnes
1259 1767 114 45 ille
1331 1767 200 45 qualitates
1487 1767 200 45 resistunt:
1644 1767 100 45 hoc
1701 1767 100 45 est
1758 1767 100 45 sic
1815 1767 86 45 se
1844 1767 71 45 ha-

1113 1800 122 52 bent
1189 1800 122 52 quod
1265 1800 106 52 non
1326 1800 167 52 possunt
1447 1800 76 52 a
1477 1800 122 52 tali
1553 1800 152 52 agente
1660 1800 152 52 subito
1751 1800 167 52 corrumpi.

1123 1840 123 53 quia
1199 1840 123 53 ordo
1276 1840 154 53 nature
1384 1840 108 53 est
1445 1840 154 53 talis:
1553 1840 123 53 quod
1630 1840 184 53 corrupto
1768 1840 108 53 vno
1814 1840 108 53 gradu

1118 1872 128 58 debet
1203 1872 185 58 succedere
1345 1872 142 58 alius.
1444 1872 85 58 et
1487 1872 99 58 hoc
1544 1872 99 58 non
1601 1872 142 58 potest
1700 1872 128 58 fieri
1785 1872 85 58 ab
1814 1872 99 58 agen-

1104 1915 92 46 te
1150 1915 153 46 finito
1256 1915 153 46 subito
1363 1915 92 46 vt
1409 1915 229 46 experientia
1592 1915 153 46 docet.
1699 1915 198 46 propterea
1836 1915 76 46 dic

1120 1953 92 49 tur
1172 1953 105 49 quod
1238 1953 118 49 omnes
1316 1953 183 49 qualitates
1461 1953 105 49 ille
1526 1953 170 49 resistunt
1657 1953 79 49 at
1696 1953 92 49 non
1749 1953 157 49 infinite
1854 1953 66 49 mo-

1102 1990 129 46 dice
1182 1990 225 46 resistunt.
1359 1990 80 46 ⁋
1391 1990 161 46 Quarto
1504 1990 257 46 argumentatur
1713 1990 145 46 alius
1793 1990 129 46 doctor

1117 2035 100 43 sic
1174 2035 72 43 /
1203 2035 172 43 capiatur
1332 2035 143 43 tempus
1432 2035 86 43 in
1475 2035 100 43 quo
1532 2035 143 43 sortes
1632 2035 158 43 calefit
1747 2035 86 43 et
1790 2035 86 43 in
1833 2035 100 43 vno
1876 2035 43 43 i

1116 2067 145 52 stanti
1217 2067 145 52 illius
1318 2067 159 52 petatur
1434 2067 101 52 est
1492 2067 87 52 ne
1535 2067 116 52 nunc
1607 2067 130 52 calor
1694 2067 116 52 iste
1766 2067 130 52 primo
1839 2067 72 52 pro

1120 2111 137 49 ductus:
1219 2111 75 49 et
1256 2111 137 49 oportet
1356 2111 124 49 dicere
1443 2111 100 49 quod
1505 2111 87 49 sic
1555 2111 149 49 secundum
1667 2111 100 49 hanc
1729 2111 112 49 viam.
1804 2111 75 49 et
1829 2111 100 49 vltra:

1122 2145 130 47 Nunc
1203 2145 114 47 est
1268 2145 179 47 aliquis
1398 2145 146 47 calor
1496 2145 146 47 primo
1594 2145 228 47 productus:
1773 2145 130 47 ergo
1838 2145 81 47 ali

1118 2180 128 48 quis
1198 2180 160 48 gradus
1310 2180 176 48 caloris
1439 2180 128 48 nunc
1519 2180 144 48 primo
1615 2180 112 48 est
1679 2180 225 48 corruptus:
1840 2180 80 48 te-

1118 2226 100 44 net
1175 2226 157 44 conmna.
1289 2226 114 44 quia
1360 2226 114 44 ipsi
1431 2226 142 44 dicunt
1531 2226 114 44 quod
1602 2226 199 44 adueniente
1758 2226 114 44 noua
1815 2226 100 44 forma

1130 2258 200 55 corrumpitur
1290 2258 200 55 praecedens:
1449 2258 107 55 ergo
1516 2258 120 55 simul
1596 2258 93 55 hec
1649 2258 147 55 aduenit
1756 2258 80 55 et
1796 2258 107 55 illa
1849 2258 80 55 pri-

1117 2300 92 45 or
1163 2300 246 45 corrumpitur.
1363 2300 77 45 ⁋
1393 2300 108 45 hoc
1455 2300 215 45 argumentum
1624 2300 108 45 non
1685 2300 138 45 habet
1762 2300 154 45 apparern

1130 2334 102 56 tiam:
1198 2334 125 56 concedo
1289 2334 91 56 enim
1345 2334 91 56 quod
1402 2334 57 56 a
1425 2334 91 56 nunc
1482 2334 79 56 est
1527 2334 102 56 primo
1595 2334 159 56 productus:
1720 2334 79 56 sed
1754 2334 159 56 consequentia

1121 2375 127 48 nego.
1206 2375 113 48 ergo
1276 2375 155 48 aliquis
1389 2375 141 48 gradus
1488 2375 113 48 nunc
1558 2375 99 48 est
1615 2375 127 48 primo
1699 2375 198 48 corruptus.
1854 2375 99 48 sed

1125 2412 135 48 solum
1215 2412 120 48 nunc
1290 2412 225 48 corrumpitur
1470 2412 165 48 aliquis
1591 2412 150 48 gradus
1696 2412 105 48 per
1741 2412 180 48 remotionem

1127 2446 81 50 de
1168 2446 176 50 praesenti
1304 2446 81 50 et
1344 2446 190 50 positionem
1494 2446 81 50 de
1534 2446 190 50 preterito.
1683 2446 163 50 Exemplum
1806 2446 81 50 in
1833 2446 81 50 simi

1123 2491 95 46 li.
1178 2491 109 46 nunc
1246 2491 190 46 producitur
1395 2491 109 46 vnum
1463 2491 150 46 instans
1572 2491 82 46 et
1613 2491 122 46 tamen
1694 2491 136 46 nullum
1790 2491 150 46 instans

1123 2529 134 53 primo
1212 2529 208 53 corruptum.
1376 2529 74 53 ⁋
1405 2529 134 53 Facit
1494 2529 163 53 aliquas
1613 2529 178 53 rationes
1747 2529 119 53 iste
1806 2529 119 53 doctor

1122 2561 126 50 quas
1201 2561 174 50 burleus
1328 2561 126 50 ante
1407 2561 111 50 eum
1470 2561 190 50 fecerat:
1612 2561 95 50 et
1659 2561 205 50 respondet
1817 2561 95 50 ad
1849 2561 79 50 eas

1130 2603 113 47 dem
1194 2603 129 47 quem
1275 2603 113 47 pre
1339 2603 177 47 manibus
1468 2603 193 47 habebat:
1613 2603 97 47 et
1661 2603 145 47 licet
1758 2603 145 47 dicat
1838 2603 81 47 pos

1118 2644 172 49 tionem
1238 2644 121 49 non
1307 2644 138 49 modo
1394 2644 190 49 falsam:
1532 2644 121 49 sed
1600 2644 293 49 impossibilem:
1825 2644 103 49 hanc
