2358 3299
417 194 140 44 tamen
511 194 312 44 impossibilitatem
776 194 125 44 eius
854 194 187 44 rationes
995 194 78 44 a
1010 194 219 44 possibilita-

428 230 97 45 te
476 230 113 45 non
541 230 226 45 segregant.
719 230 81 45 ⁋
751 230 162 45 Quinto
864 230 97 45 ex
913 230 113 45 hac
978 230 210 45 positione
1123 230 97 45 seqd

430 266 107 49 tur
491 266 122 49 quod
567 266 168 49 aliquis
689 266 183 49 effectus
826 266 183 49 producit
964 266 122 49 suam
1040 266 153 49 causam
1131 266 92 49 effe

426 305 161 46 ctiuam.
543 305 205 46 consequens
705 305 102 46 est
763 305 234 46 impossibile:
953 305 88 46 vt
997 305 132 46 patet
1085 305 132 46 primo
1158 305 59 46 de

421 343 181 50 trinita.
557 343 121 50 cap.
632 343 90 50 i.
677 343 241 50 consequentia
873 343 181 50 pobatur:
1009 343 181 50 capiatur
1130 343 90 50 vnum

430 382 124 45 corpus
516 382 137 45 calidum
616 382 74 45 a:
653 382 74 45 et
690 382 62 45 b
715 382 124 45 corpus
802 382 161 45 frigidum:
926 382 87 45 sic
976 382 149 45 scilicet
1087 382 99 45 quod
1150 382 62 45 a
1162 382 62 45 sit

435 421 146 43 maioris
541 421 199 43 actiuitatis
700 421 106 43 quam
766 421 66 43 b
792 421 93 43 sit
845 421 212 43 resistentie:
1017 421 132 43 reagat
1110 421 119 43 tamen
1176 421 40 43 l

423 458 87 49 in
467 458 146 49 ipsum:
569 458 117 49 tunc
642 458 117 49 sic.
715 458 87 49 in
758 458 175 49 instante
890 458 131 49 medio
977 458 146 49 illius
1064 458 146 49 actioni-

429 496 89 44 et
474 496 207 44 reactionis
636 496 133 44 capio
724 496 162 44 calorem
842 496 89 44 in
887 496 74 44 a
916 496 89 44 et
960 496 103 44 sic
1019 496 192 44 cqueritur
1152 496 74 44 vel

425 541 79 40 c
457 541 141 40 paius
551 541 141 40 fuit:
645 541 94 40 et
692 541 110 40 hoc
755 541 110 40 non
818 541 188 40 secundum
959 541 126 40 hunc
1038 541 157 40 modum:
1132 541 94 40 quia

426 570 89 46 ex
471 570 178 46 continua
604 570 222 46 alteratione
782 570 148 46 nullum
885 570 207 46 indiuiduum
1048 570 163 46 caloris
1152 570 74 46 vel

431 609 172 44 frigoris
559 609 129 44 durat
645 609 129 44 vltra
731 609 129 44 ipsum
817 609 172 44 instans.
945 609 86 44 et
988 609 114 44 tunc
1060 609 114 44 sic.
1117 609 100 44 calor

417 646 162 48 nunquam
535 646 133 48 paius
624 646 133 48 fuit.
712 646 133 48 eodem
801 646 118 48 modo
875 646 162 48 dfrigus
993 646 89 48 in
1037 646 74 48 b
1066 646 133 48 passo
1140 646 74 48 nim

432 686 114 45 quam
503 686 128 45 paius
588 686 128 45 fuit.
673 686 100 45 vel
730 686 71 45 c
759 686 128 45 calor
844 686 171 45 producit
972 686 71 45 o
1001 686 156 45 frigus:
1114 686 85 45 et
1143 686 85 45 tunc

427 723 73 43 d
457 723 147 43 frigus
559 723 176 43 effectus
692 723 73 43 c
721 723 161 43 caloris
838 723 176 43 producit
970 723 73 43 c
1000 723 161 43 calorem
1117 723 88 43 et
1147 723 73 43 sic

426 758 191 46 effectus
570 758 191 46 producit
713 758 128 46 suam
793 758 159 46 causam
904 758 128 46 quod
984 758 128 46 erat
1048 758 175 46 probandum

425 796 131 48 Fuga
506 796 114 48 est
572 796 180 48 currere
703 796 98 48 ad
752 796 164 48 causam
866 796 245 48 vniuersalem
1062 796 131 48 sine
1128 796 98 48 appa

423 832 180 47 rentia:
553 832 98 47 vt
602 832 147 47 dicit
700 832 163 47 doctor
815 832 196 47 subtilis
962 832 229 47 impugnando
1125 832 98 47 hanc

418 878 201 45 positionem
575 878 86 45 in
618 878 100 45 hac
676 878 244 45 distinctione.
876 878 100 45 nec
933 878 158 45 videtur
1048 878 143 45 aliqua
1134 878 86 45 alia

417 912 144 48 causa
513 912 112 48 que
577 912 192 48 producat
721 912 144 48 cquam
817 912 80 48 b
849 912 96 48 et
897 912 224 48 econuerso.
1073 912 80 48 ⁋
1089 912 128 48 Respor

432 949 113 47 det
497 949 130 47 huic
578 949 211 47 argumento
740 949 178 47 opinans
870 949 130 47 quod
951 949 146 47 calor
1032 949 178 47 producitu

426 988 89 43 ab
471 988 163 43 omnibus
589 988 207 43 frigoribus
752 988 251 43 precedentibus
959 988 104 43 det
1018 988 148 43 iterum
1121 988 74 43 d
1136 988 89 43 pro-

416 1031 175 43 ducitur
543 1031 95 43 ab
591 1031 175 43 omnibus
718 1031 206 43 caloribus
877 1031 270 43 precedentibus
1099 1031 95 43 c.
1131 1031 95 43 quia

417 1063 198 46 producere
569 1063 106 46 est
630 1063 152 46 facere
736 1063 259 46 dispositionem
949 1063 91 46 ad
980 1063 243 46 introductionem

427 1108 109 38 rei.
495 1108 82 38 et
536 1108 190 38 conceditur
686 1108 109 38 quod
753 1108 68 38 c
781 1108 122 38 calor
862 1108 122 38 prius
944 1108 231 38 producebatur:
1134 1108 95 38 sed
1175 1108 54 38 in

419 1139 113 43 hoc
484 1139 195 43 instanti
630 1139 146 43 primo
727 1139 211 43 productus
889 1139 113 43 est
954 1139 146 43 sicut
1051 1139 146 43 domus
1132 1139 81 43 sue

424 1173 164 48 cessiue
543 1173 253 48 producebatur:
752 1173 89 48 et
797 1173 89 48 in
841 1173 179 48 instanti
976 1173 209 48 terminante
1125 1173 104 48 opera

418 1213 153 47 tionem
525 1213 138 47 primo
617 1213 184 47 prodncta
755 1213 123 47 est.
831 1213 168 47 aliunde
954 1213 184 47 refugium
1076 1213 138 47 reperi-

418 1251 88 48 re
462 1251 103 48 non
521 1251 177 48 poterat:
654 1251 103 48 nec
713 1251 133 48 certe
801 1251 133 48 aliud
890 1251 133 48 nobis
978 1251 192 48 occurrit.
1126 1251 74 48 ⁋
1140 1251 74 48 Sed

426 1294 151 41 contra
532 1294 136 41 istud
622 1294 196 41 arguitur.
773 1294 181 41 quelibet
909 1294 196 41 caliditas
1060 1294 106 41 que
1105 1294 106 41 paiuo

425 1334 125 41 erat
503 1334 94 41 in
550 1334 78 41 a
582 1334 156 41 agente
691 1334 141 41 paius
785 1334 203 41 desinebat
941 1334 141 41 esse:
1035 1334 125 41 ergo
1097 1334 125 41 nullam

416 1361 279 46 causalitatem
642 1361 192 46 habebat
781 1361 209 46 respectu
938 1361 157 46 huius
1025 1361 192 46 effectus.

425 1405 66 44 ⁋
451 1405 197 44 Respondetur
609 1405 105 44 quod
674 1405 210 44 consequentia
845 1405 92 44 est
898 1405 131 44 nulla.
990 1405 158 44 infinite
1108 1405 105 44 enim
1160 1405 66 44 ca-

424 1440 215 36 liditates
590 1440 265 36 precesserunt
806 1440 166 36 quarum
922 1440 199 36 quelibet
1054 1440 166 36 dispone-

419 1480 114 46 bat
484 1480 98 46 ad
533 1480 260 46 productionem
744 1480 212 46 frigoris:
907 1480 98 46 et
956 1480 130 46 ille
1037 1480 146 46 omnes
1118 1480 98 46 pri-

425 1516 95 48 mo
473 1516 111 48 non
536 1516 127 48 sunt
615 1516 158 48 quando
726 1516 127 48 iste
805 1516 190 48 effectus
948 1516 127 48 est.
1011 1516 206 48 quemadmodum

417 1551 153 45 filius
524 1551 183 45 nascitur
661 1551 92 45 in
707 1551 137 45 rerum
799 1551 153 45 natura
906 1551 92 45 et
951 1551 107 45 est
1012 1551 137 45 extra
1089 1551 122 45 vterum

425 1591 187 44 maternum
566 1591 141 44 patre
660 1591 172 44 mortuo.
785 1591 78 44 ⁋
816 1591 141 44 Sexto
910 1591 187 44 arguitur
1050 1591 156 44 quando
1144 1591 78 44 vi-

419 1629 93 50 num
472 1629 93 50 est
525 1629 292 50 transsubstantiatum
777 1629 80 50 in
816 1629 133 50 corpus
909 1629 159 50 christi:
1028 1629 93 50 iam
1081 1629 80 50 si
1108 1629 106 50 speces

418 1675 137 41 vini
503 1675 256 41 applicentur
708 1675 188 41 corpori
845 1675 239 41 corruptiuo
1015 1675 205 41 corrumpen-

422 1705 111 50 tur
486 1705 222 50 accidentia
660 1705 111 50 sub
724 1705 159 50 quibus
835 1705 127 50 erat
914 1705 159 50 corpus
1025 1705 191 50 christi:
1152 1705 64 50 vt

419 1742 125 47 puta
498 1742 203 47 caliditas
654 1742 172 47 dulcedo
779 1742 94 47 et
826 1742 219 47 huiusmodi.
998 1742 94 47 et
1045 1742 94 47 si
1092 1742 109 47 cum
1139 1742 78 47 hoc

423 1787 169 44 teneatur
550 1787 113 44 quod
620 1787 84 44 in
662 1787 225 44 rarefactione
845 1787 197 44 producitur
1000 1787 113 44 noua
1056 1787 155 44 quantitas

424 1823 198 45 totaliter
576 1823 91 45 vt
622 1823 152 45 aliqui
728 1823 198 45 putarunt:
880 1823 107 45 iam
941 1823 107 45 sub
1002 1823 107 45 his
1048 1823 167 45 speciebus

423 1857 161 41 desinet
540 1857 117 41 esse
613 1857 146 41 corpus
716 1857 175 41 christi:
847 1857 117 41 quia
921 1857 190 41 corruptis
1052 1857 161 41 speciebus

426 1893 115 43 sub
491 1893 165 43 quibus
607 1893 132 43 erat
689 1893 115 43 non
755 1893 181 43 amplius
887 1893 148 43 manet
985 1893 115 43 sub
1035 1893 181 43 speciebus

411 1934 165 46 eiusdem
531 1934 180 46 speciei:
666 1934 120 46 quia
741 1934 120 46 tunc
816 1934 105 46 sub
877 1934 165 46 omnibus
997 1934 195 46 speciebus
1132 1934 90 46 eset

418 1969 130 50 corpus
509 1969 156 50 christi:
626 1969 104 50 quod
691 1969 91 50 est
743 1969 143 50 falsum.
846 1969 65 50 ⁋
872 1969 208 50 Respondetur:
1041 1969 104 50 quod
1106 1969 91 50 hoc
1145 1969 78 50 argu

426 2009 148 44 mentum
530 2009 104 44 non
589 2009 193 44 concludit
738 2009 134 44 dicet
827 2009 223 44 aduersarius
1005 2009 178 44 sufficit
1124 2009 89 44 quod

422 2045 140 48 corpus
520 2045 154 48 christi
633 2045 98 48 sit
689 2045 98 48 sub
745 2045 182 48 speciebus
885 2045 154 48 eiusdem
997 2045 154 48 speciei
1096 2045 126 48 priori-

411 2076 106 49 bus
471 2076 272 49 succedentibus:
698 2076 91 49 si
744 2076 121 49 enim
820 2076 242 49 remitteretur
1016 2076 136 49 calor
1107 2076 106 49 vel
1152 2076 61 49 in

424 2119 169 44 tendatur
551 2119 99 44 non
607 2119 155 44 oportet
720 2119 141 44 corpus
819 2119 155 44 christi
932 2119 169 44 desinere
1059 2119 113 44 esse
1129 2119 85 44 in
1157 2119 71 44 eu-

420 2158 209 50 charistia.
584 2158 75 50 ⁋
614 2158 164 50 Septimo
733 2158 194 50 arguitur:
883 2158 209 50 sequeretur
1047 2158 119 50 quod
1122 2158 90 50 in
1151 2158 75 50 ele

425 2198 157 50 mentis
535 2198 298 50 symbolizantibus
786 2198 110 50 non
849 2198 141 50 esset
943 2198 188 50 facilior
1069 2198 141 50 transi-

418 2234 101 42 tus
475 2234 115 42 quam
547 2234 87 42 in
591 2234 188 42 elementis
735 2234 101 42 non
793 2234 303 42 symbolizmantibus:
1038 2234 173 42 consequans

423 2269 102 49 est
482 2269 145 49 contra
583 2269 218 49 aristotelem
758 2269 160 49 secundo
874 2269 87 49 de
918 2269 233 49 generatione.
1107 2269 87 49 et
1136 2269 73 49 con

423 2310 196 41 sequentia
574 2310 151 41 patet:
679 2310 121 41 quia
755 2310 106 41 non
815 2310 106 41 est
875 2310 181 41 facilior
1011 2310 196 41 transitus
1147 2310 75 41 ni-

426 2345 91 46 si
471 2345 122 46 quia
548 2345 137 46 eadem
639 2345 183 46 qualitas
776 2345 152 46 manet:
882 2345 91 46 vt
928 2345 152 46 quando
1034 2345 107 46 aer
1080 2345 137 46 mutatur

419 2382 97 50 in
467 2382 162 50 ignem:
581 2382 146 50 manet
678 2382 211 50 caliditas
841 2382 114 50 que
906 2382 146 50 paius
1003 2382 130 50 erat
1084 2382 97 50 in
1117 2382 97 50 aere

421 2424 92 43 ⁋
457 2424 203 43 Insuper
605 2424 221 43 secundum
771 2424 148 43 hanc
863 2424 240 43 opinionem
1048 2424 166 43 actus
1140 2424 74 43 an

415 2461 85 44 me
457 2461 128 44 esset
543 2461 100 44 ita
600 2461 242 44 indiuisibilis
799 2461 128 44 sicut
884 2461 114 44 ipsa
955 2461 142 44 anima:
1055 2461 114 44 quod
1111 2461 100 44 videi

430 2501 255 53 inconueniens.
640 2501 75 53 ⁋
670 2501 225 53 Respondetur
850 2501 165 53 negando
970 2501 195 53 sequelam:
1120 2501 90 53 et
1165 2501 90 53 ad

416 2531 256 55 probationem
620 2531 273 55 consequentie
842 2531 153 55 illud
944 2531 222 55 assumptum
1098 2531 119 55 nego.

418 2574 98 42 sed
474 2574 112 42 quia
544 2574 98 42 hic
600 2574 126 42 nulla
684 2574 98 42 est
740 2574 238 42 contrarietas:
937 2574 84 42 et
979 2574 168 42 facilius
1105 2574 98 42 est
1147 2574 70 42 pro

411 2609 190 64 cedere
544 2609 114 64 ab
601 2609 133 64 vno
678 2609 171 64 gradu
792 2609 171 64 medio
906 2609 114 64 ad
963 2609 190 64 gradum
1078 2609 152 64 summum

1276 188 125 54 vsque
1360 188 111 54 quam
1429 188 70 54 a
1457 188 97 54 non
1513 188 125 54 gradu
1596 188 83 54 ad
1638 188 139 54 summum
1735 188 139 54 vsque:
1833 188 83 54 in
1874 188 181 54 elementis
1999 188 70 54 non

1284 230 178 52 symbolim
1418 230 163 52 antibus
1537 230 163 52 oportet
1655 230 193 52 procedere
1804 230 74 52 a
1833 230 104 52 non
1893 230 134 52 gradu
1982 230 89 52 ad
2012 230 59 52 in

1282 273 153 45 tensum
1389 273 153 45 gradum
1495 273 153 45 vsque.
1602 273 76 45 ⁋
1633 273 92 45 Ad
1678 273 137 45 aliud
1770 273 107 45 hec
1831 273 168 45 positio
1938 273 137 45 concede

1277 313 102 48 ret
1336 313 131 48 omnes
1423 313 131 48 actus
1510 313 131 48 anime
1597 313 102 48 ita
1655 313 247 48 indiuisibiles
1859 313 131 48 sicut
1946 313 102 48 est
1990 313 87 48 ipsa

1284 350 125 50 anima
1368 350 209 50 entitatiue.
1535 350 70 50 ⁋
1563 350 98 50 Sed
1618 350 153 50 contra:
1730 350 125 50 dices
1813 350 111 50 quod
1883 350 111 50 vnus
1953 350 98 50 per
1994 350 84 50 eun-

1281 381 109 55 dem
1344 381 140 55 actum
1437 381 124 55 pius
1515 381 156 55 peccat
1624 381 124 55 quam
1702 381 140 55 alter
1795 381 109 55 per
1857 381 140 55 duos.
1951 381 124 55 ergo
2013 381 62 55 in

1281 422 199 52 tensiorem
1434 422 138 52 actum
1525 422 153 52 habet.
1632 422 76 52 ⁋
1663 422 107 52 hoc
1724 422 107 52 est
1785 422 153 52 verum.
1892 422 138 52 habet
1969 422 107 52 actum

1275 462 147 45 magis
1373 462 212 45 distantem
1536 462 82 45 a
1569 462 114 45 non
1634 462 147 45 gradu
1732 462 131 45 quam
1814 462 163 45 alter.
1928 462 82 45 ⁋
1944 462 131 45 Qctauo

1287 494 105 51 sic:
1353 494 145 51 aliquid
1458 494 198 51 corrumpetur
1616 494 158 51 secundum
1735 494 105 51 hanc
1801 494 185 51 positionem
1946 494 79 51 ab
1973 494 105 51 aliquo

1283 535 122 51 quod
1359 535 107 51 nec
1420 535 107 51 est
1481 535 107 51 nec
1541 535 122 51 fuit
1618 535 107 51 nec
1678 535 137 51 erit:
1770 535 213 51 consequens
1922 535 152 51 implicat

1278 577 66 52 ex
1311 577 144 52 terminis.
1422 577 88 52 ergo
1477 577 66 52 et
1510 577 77 52 hec
1554 577 133 52 positio.
1653 577 177 52 consequentia
1797 577 110 52 patet:
1874 577 66 52 et
1907 577 155 52 antecedens
2018 577 55 52 pro

1279 610 141 44 batur:
1377 610 98 44 sit
1434 610 84 44 be
1476 610 169 44 frigidum
1602 610 169 44 alicuius
1729 610 211 44 actiuitatis
1897 610 84 44 et
1939 610 70 44 a
1954 610 126 44 calidum

1277 651 130 46 tante
1363 651 232 46 resistentie:
1552 651 145 46 omnino
1653 651 116 46 sint
1725 651 87 46 in
1769 651 145 46 debita
1870 651 188 46 distantia
2015 651 87 46 ad

1276 692 168 40 agendum:
1402 692 98 40 ita
1458 692 112 40 quod
1528 692 168 40 vtrumque
1654 692 98 40 sit
1711 692 126 40 infra
1795 692 154 40 spheram
1893 692 182 40 actiuitatis

1275 728 193 43 alterius:
1424 728 89 43 et
1468 728 178 43 incipiat
1602 728 208 43 frigiditas
1765 728 148 43 ipsius
1869 728 74 43 b
1899 728 163 43 intendi
2003 728 74 43 per

1279 767 212 47 remotionem
1445 767 91 47 de
1491 767 197 47 praesenti
1642 767 91 47 et
1688 767 136 47 agere
1778 767 91 47 in
1824 767 227 47 caliditatem
1990 767 76 47 ips

1276 801 112 47 sius
1346 801 84 47 a:
1388 801 112 47 tunc
1459 801 112 47 sic.
1529 801 183 47 caliditas
1669 801 141 47 ipsius
1768 801 70 47 a
1796 801 225 47 corrumpetur:
1979 801 84 47 et
2007 801 70 47 ta-

1279 844 106 45 men
1339 844 106 45 non
1400 844 226 45 corrumpetur
1580 844 90 45 ab
1626 844 151 45 aliquo
1731 844 121 45 quod
1807 844 106 45 est
1867 844 106 45 vel
1927 844 121 45 quod
1988 844 90 45 fuit

1273 877 91 48 vt
1318 877 136 48 patet
1409 877 257 48 intelligenti)
1620 877 106 48 nec
1681 877 91 48 ab
1726 877 151 48 aliquo
1831 877 121 48 quod
1907 877 136 48 erit:
1982 877 91 48 quia

1277 919 171 41 quelibet
1405 919 200 41 frigiditas
1563 919 86 41 in
1605 919 114 41 bque
1677 919 114 41 post
1748 919 129 41 illam
1834 919 114 41 erit
1906 919 71 41 /
1934 919 114 41 erit
1991 919 86 41 post

1279 950 130 54 illam
1365 950 101 54 per
1423 950 145 54 tempus
1525 950 87 54 id
1568 950 101 54 est
1626 950 116 54 post
1698 950 232 54 corruptionem
1887 950 130 54 eius.
1974 950 72 54 ⁋
1988 950 87 54 Dici

1270 991 106 43 tur
1331 991 121 43 quod
1406 991 197 43 caliditas
1558 991 76 43 a
1588 991 228 43 corrumpetur
1771 991 91 43 ab
1816 991 197 43 infinitis
1953 991 121 43 frigo-

1274 1032 145 47 ribus
1371 1032 113 47 que
1435 1032 129 47 post
1516 1032 113 47 hoc
1581 1032 161 47 erunt.
1694 1032 81 47 ⁋
1726 1032 129 47 Nono
1807 1032 210 47 arguitur.
1952 1032 129 47 chari-

1272 1062 110 49 tas
1335 1062 110 49 non
1398 1062 236 49 corrumpitur
1587 1062 126 49 nisi
1665 1062 220 49 adueniente
1838 1062 173 49 peccato
1948 1062 126 49 morta-

1262 1103 140 47 tali:
1356 1103 109 47 sed
1418 1103 94 47 in
1465 1103 265 47 augmentatione
1684 1103 219 47 charitatis
1855 1103 187 47 peccatum
1980 1103 94 47 mor-

1274 1143 131 50 tale
1356 1143 115 50 non
1421 1143 164 50 venit.
1536 1143 82 50 ⁋
1568 1143 115 50 Sed
1634 1143 147 50 dicit
1732 1143 197 50 Campsale
1880 1143 164 50 tenens
1978 1143 98 50 hanc

1274 1181 197 47 positionem
1429 1181 70 47 (
1457 1181 126 47 prout
1541 1181 155 47 recitat
1653 1181 126 47 adam)
1738 1181 112 47 quod
1808 1181 169 47 charitas
1934 1181 98 47 non
1977 1181 98 47 core-

1270 1222 185 46 rumpitur
1408 1222 108 46 sed
1470 1222 170 46 aduenit
1594 1222 185 46 continuo
1733 1222 123 46 alia
1810 1222 93 46 et
1856 1222 123 46 alia
1933 1222 108 46 non
1979 1222 93 46 com-

1279 1258 166 47 ponens
1396 1258 183 47 aliquid
1529 1258 133 47 vnum
1612 1258 116 47 cum
1679 1258 233 47 prioribus.
1862 1258 83 47 ⁋
1895 1258 133 47 Alia
1962 1258 116 47 argu-

1278 1297 140 44 menta
1372 1297 202 44 Syrumfras
1527 1297 171 44 allegat
1652 1297 124 44 Adam
1730 1297 93 44 de
1776 1297 171 44 actione
1901 1297 93 44 et
1932 1297 140 44 reactio

1269 1333 92 48 ne
1315 1333 138 48 quere
1407 1333 123 48 eum:
1484 1333 138 48 licet
1576 1333 200 48 proteruus
1730 1333 154 48 potest
1837 1333 230 48 satisfacere
2006 1333 77 48 ar-

1272 1373 193 46 gumentis
1416 1373 112 46 ita
1481 1373 128 46 quod
1561 1373 112 46 non
1625 1373 177 46 ducatur
1754 1373 96 46 ad
1786 1373 289 46 contradictionem:

1269 1411 224 43 positionem
1445 1411 144 43 tamen
1541 1411 176 43 propter
1669 1411 208 43 peregrina
1829 1411 112 43 que
1893 1411 192 43 concedit
2021 1411 64 43 re

1282 1447 168 48 putamus
1404 1447 168 48 falsam:
1525 1447 91 48 et
1571 1447 76 48 a
1602 1447 122 48 bene
1678 1447 259 48 philosophante
1891 1447 91 48 re
1921 1447 168 48 iiciendam

1275 1484 107 49 sbet
1342 1484 134 49 gratia
1435 1484 228 49 disputationis
1623 1484 187 49 nonnumquam
1770 1484 161 49 possemus
1891 1484 94 49 eam
1931 1484 147 49 admittere

1294 1529 84 43 ⁋
1328 1529 285 43 Distinctionis
1562 1529 285 43 septimedecime
1797 1529 201 43 questio.
1931 1529 100 43 xii.

1458 1544 171 65 Equitur
1583 1544 155 65 tertia
1691 1544 171 65 positio
1815 1544 109 65 que
1877 1544 140 65 ponit
1955 1544 124 65 intens

1457 1599 166 51 sionem
1574 1599 150 51 forme
1674 1599 150 51 fieri
1773 1599 316 51 perdepurationem
2023 1599 50 51 a

1463 1633 100 53 suo
1520 1633 199 53 contrario:
1676 1633 100 53 que
1733 1633 142 53 nequit
1832 1633 185 53 intelligi
1975 1633 100 53 quo
2017 1633 57 53 ad

1467 1676 177 47 videatur
1600 1676 162 47 aliquid
1718 1676 88 47 de
1762 1676 295 47 compossibilitate
1998 1676 88 47 qua-

1451 1708 153 52 litatum
1562 1708 236 52 contrariarum.
1757 1708 70 52 ⁋
1785 1708 125 52 Circa
1868 1708 111 52 quod
1924 1708 153 52 versantur

1274 1751 178 48 partite
1403 1751 226 48 opiniones:
1581 1751 161 48 quarum
1694 1751 129 48 vnam
1774 1751 242 48 prosequemur
1968 1751 97 48 in
2000 1751 81 48 hac

1280 1784 152 43 uaesti.
1391 1784 166 43 reliquam
1516 1784 83 43 in
1557 1784 180 43 sequenti.
1696 1784 69 43 ⁋
1724 1784 97 43 Pro
1779 1784 125 43 huius
1862 1784 208 43 quaestionis
2015 1784 69 43 elu

1278 1827 212 41 cidatione
1441 1827 245 41 premittamus
1637 1827 131 41 quod
1718 1827 114 41 non
1783 1827 196 41 loquimur
1930 1827 98 41 de
1963 1827 114 41 termi

1277 1865 100 48 nis
1334 1865 201 48 contrariis
1492 1865 100 48 qui
1549 1865 115 48 sunt
1621 1865 186 48 positiui:
1764 1865 86 48 et
1807 1865 100 48 non
1864 1865 172 48 potentes
1979 1865 100 48 simul

1271 1899 202 42 supponere
1427 1899 109 42 pro
1489 1899 140 42 eodem
1582 1899 233 42 copulatiue:
1768 1899 109 42 sed
1830 1899 233 42 successiue.
2000 1899 78 42 Nec

1275 1940 230 47 extendimus
1456 1940 198 47 terminum
1604 1940 99 47 ad
1653 1940 214 47 priuatiue
1818 1940 214 47 opposita:
1966 1940 115 47 sicut

1272 1981 246 47 corruptibile
1472 1981 92 47 et
1518 1981 277 47 incorruptibile
1749 1981 123 47 sunt
1825 1981 200 47 contraria
1964 1981 123 47 decimo

1277 2014 260 47 metaphysice.
1488 2014 114 47 Nec
1553 2014 195 47 loquimur
1699 2014 97 47 de
1748 2014 276 47 contrarietate
1959 2014 130 47 propo-

1275 2048 187 44 sitionum
1416 2048 94 44 de
1462 2048 187 44 opposito
1603 2048 125 44 modo
1681 2048 234 44 enunciandi:
1868 2048 109 44 sed
1915 2048 171 44 loquimur.

1278 2084 96 57 de
1326 2084 273 57 contrarietate
1551 2084 161 57 rerum.
1664 2084 80 57 ⁋
1696 2084 257 57 Contemplemur
1905 2084 129 57 ergo
1986 2084 129 57 quid

1267 2122 152 54 noins
1368 2122 236 54 qualitatum
1554 2122 287 54 contrariarum.
1790 2122 84 54 ⁋
1824 2122 236 54 Qualitates
1993 2122 84 54 con

1275 2163 165 46 trarie
1390 2163 132 46 sunt
1473 2163 231 46 qualitates
1654 2163 165 46 quarum
1770 2163 182 46 naturis
1885 2163 198 46 specificis

1273 2202 116 51 non
1340 2202 199 51 repugnet
1489 2202 232 51 successiue
1672 2202 149 51 eidem
1772 2202 199 51 subiecto
1904 2202 183 51 inherere:

1271 2239 112 52 sed
1335 2239 112 52 non
1399 2239 144 52 simul
1494 2239 192 52 inherere
1638 2239 176 52 possunt
1766 2239 255 52 naturaliter.
1957 2239 128 52 Dictum

1270 2281 106 40 est
1331 2281 152 40 quorum
1437 2281 167 40 naturis
1558 2281 213 40 specificis
1726 2281 167 40 propter
1847 2281 213 40 qualitates
1999 2281 76 40 con

1276 2314 158 50 trarias
1391 2314 86 50 in
1434 2314 144 50 variis
1535 2314 187 50 subiectis
1679 2314 101 50 non
1736 2314 173 50 potentes
1866 2314 173 50 inherere
1981 2314 101 50 eidem

1271 2350 184 53 subiecto:
1412 2350 99 53 cum
1469 2350 170 53 acecuens
1596 2350 99 53 non
1653 2350 141 53 migret
1752 2350 85 53 de
1794 2350 170 53 subiecto
1907 2350 170 53 inhesionis

1280 2387 85 52 in
1322 2387 184 52 subiectum
1464 2387 212 52 inhesionis.
1633 2387 99 52 Sed
1690 2387 127 52 aliis
1775 2387 240 52 quaelitatibus
1959 2387 127 52 eiusdem

1275 2425 161 49 speciei
1392 2425 102 49 non
1451 2425 176 49 repugnat
1583 2425 117 49 sibi
1656 2425 205 49 succedere.
1817 2425 146 49 dictum
1919 2425 102 49 est
1963 2425 117 49 natura

1272 2462 107 53 litur
1344 2462 60 53 /
1367 2462 167 53 quaecumque
1499 2462 95 53 enim
1558 2462 179 53 quaelitates
1701 2462 155 53 contrarie
1821 2462 239 53 supernaturalitur
2011 2462 72 53 pos-

1275 2503 127 48 sunt
1354 2503 143 48 eidem
1449 2503 190 48 subiecto
1592 2503 206 48 inherere.
1750 2503 79 48 ⁋
1782 2503 127 48 Isto
1861 2503 158 48 notato
1956 2503 127 48 ponun-

1279 2540 106 47 tur
1339 2540 106 47 due
1400 2540 257 47 conclusiones.
1611 2540 76 47 ⁋
1642 2540 151 47 Quarum
1747 2540 136 47 prior
1838 2540 121 47 est.
1899 2540 181 47 Qualitates

1279 2585 183 45 contrarie
1420 2585 155 45 possunt
1533 2585 127 45 eidem
1617 2585 169 45 subiecto
1744 2585 169 45 inherere
1871 2585 85 45 de
1914 2585 169 45 potentia
2027 2585 56 45 ab

1273 2621 167 53 soluta
1390 2621 134 53 dei.
1474 2621 84 53 ⁋
1507 2621 184 53 Secunda
1641 2621 134 53 est.
1724 2621 150 53 Nulle
1825 2621 234 53 qualitates
1992 2621 100 53 con
