<?xml version="1.0" encoding="UTF-8"?>
<alto xmlns:xsi="http://www.w3.org/2001/XMLSchema-instance"
      xmlns="http://www.loc.gov/standards/alto/ns-v2#"
      xmlns:page="http://schema.primaresearch.org/PAGE/gts/pagecontent/2013-07-15"
      xsi:schemaLocation="http://www.loc.gov/standards/alto/ns-v2# http://www.loc.gov/standards/alto/alto.xsd">
   <Description>
      <MeasurementUnit>pixel</MeasurementUnit>
      <OCRProcessing ID="IdOcr">
         <ocrProcessingStep>
            <processingDateTime>2020-07-28T08:35:22.553-04:00</processingDateTime>
            <processingSoftware>
               <softwareCreator>READ COOP</softwareCreator>
               <softwareName>Transkribus</softwareName>
            </processingSoftware>
         </ocrProcessingStep>
      </OCRProcessing>
   </Description>
   <Tags/>
   <Layout>
      <Page ID="Page1" PHYSICAL_IMG_NR="1" HEIGHT="3304" WIDTH="2374">
         <TopMargin HEIGHT="0" WIDTH="2374" VPOS="0" HPOS="0"/>
         <LeftMargin HEIGHT="3304" WIDTH="0" VPOS="0" HPOS="0"/>
         <RightMargin HEIGHT="3304" WIDTH="0" VPOS="0" HPOS="2374"/>
         <BottomMargin HEIGHT="0" WIDTH="2374" VPOS="3304" HPOS="0"/>
         <PrintSpace HEIGHT="3304" WIDTH="2374" VPOS="0" HPOS="0">
            <TextBlock ID="TextRegion_1595517866448_150"
                       HEIGHT="2538"
                       WIDTH="839"
                       VPOS="175"
                       HPOS="278">
               <Shape>
                  <Polygon POINTS="278,175 1117,175 1117,2713 278,2713"/>
               </Shape>
               <TextLine ID="r1l3"
                         BASELINE="272"
                         HEIGHT="62"
                         WIDTH="808"
                         VPOS="210"
                         HPOS="291">
                  <String HEIGHT="62"
                          WIDTH="158"
                          VPOS="210"
                          HPOS="275"
                          CONTENT="trarie"/>
                  <SP HEIGHT="62" WIDTH="16" VPOS="210" HPOS="434"/>
                  <String HEIGHT="62"
                          WIDTH="174"
                          VPOS="210"
                          HPOS="386"
                          CONTENT="possunt"/>
                  <SP HEIGHT="62" WIDTH="16" VPOS="210" HPOS="560"/>
                  <String HEIGHT="62"
                          WIDTH="143"
                          VPOS="210"
                          HPOS="513"
                          CONTENT="eidem"/>
                  <SP HEIGHT="62" WIDTH="16" VPOS="210" HPOS="655"/>
                  <String HEIGHT="62"
                          WIDTH="190"
                          VPOS="210"
                          HPOS="608"
                          CONTENT="subiecto"/>
                  <SP HEIGHT="62" WIDTH="16" VPOS="210" HPOS="798"/>
                  <String HEIGHT="62"
                          WIDTH="238"
                          VPOS="210"
                          HPOS="750"
                          CONTENT="naturaliter"/>
                  <SP HEIGHT="62" WIDTH="16" VPOS="210" HPOS="988"/>
                  <String HEIGHT="62"
                          WIDTH="174"
                          VPOS="210"
                          HPOS="925"
                          CONTENT="inherere."/>
               </TextLine>
               <TextLine ID="r1l5"
                         BASELINE="317"
                         HEIGHT="54"
                         WIDTH="794"
                         VPOS="263"
                         HPOS="303">
                  <String HEIGHT="54" WIDTH="75" VPOS="263" HPOS="288" CONTENT="⁋"/>
                  <SP HEIGHT="54" WIDTH="15" VPOS="263" HPOS="363"/>
                  <String HEIGHT="54"
                          WIDTH="135"
                          VPOS="263"
                          HPOS="318"
                          CONTENT="Prior"/>
                  <SP HEIGHT="54" WIDTH="15" VPOS="263" HPOS="453"/>
                  <String HEIGHT="54"
                          WIDTH="195"
                          VPOS="263"
                          HPOS="408"
                          CONTENT="conclusio"/>
                  <SP HEIGHT="54" WIDTH="15" VPOS="263" HPOS="603"/>
                  <String HEIGHT="54"
                          WIDTH="180"
                          VPOS="263"
                          HPOS="558"
                          CONTENT="probatur"/>
                  <SP HEIGHT="54" WIDTH="15" VPOS="263" HPOS="737"/>
                  <String HEIGHT="54"
                          WIDTH="120"
                          VPOS="263"
                          HPOS="693"
                          CONTENT="sic."/>
                  <SP HEIGHT="54" WIDTH="15" VPOS="263" HPOS="812"/>
                  <String HEIGHT="54" WIDTH="105" VPOS="263" HPOS="767" CONTENT="duo"/>
                  <SP HEIGHT="54" WIDTH="15" VPOS="263" HPOS="872"/>
                  <String HEIGHT="54"
                          WIDTH="165"
                          VPOS="263"
                          HPOS="827"
                          CONTENT="corpura"/>
                  <SP HEIGHT="54" WIDTH="15" VPOS="263" HPOS="992"/>
                  <String HEIGHT="54" WIDTH="90" VPOS="263" HPOS="947" CONTENT="de"/>
                  <SP HEIGHT="54" WIDTH="15" VPOS="263" HPOS="1037"/>
                  <String HEIGHT="54"
                          WIDTH="120"
                          VPOS="263"
                          HPOS="977"
                          CONTENT="praedi"/>
               </TextLine>
               <TextLine ID="r1l7"
                         BASELINE="346"
                         HEIGHT="40"
                         WIDTH="796"
                         VPOS="306"
                         HPOS="297">
                  <String HEIGHT="40"
                          WIDTH="165"
                          VPOS="306"
                          HPOS="282"
                          CONTENT="camento"/>
                  <SP HEIGHT="40" WIDTH="15" VPOS="306" HPOS="447"/>
                  <String HEIGHT="40"
                          WIDTH="210"
                          VPOS="306"
                          HPOS="402"
                          CONTENT="substantie"/>
                  <SP HEIGHT="40" WIDTH="15" VPOS="306" HPOS="612"/>
                  <String HEIGHT="40"
                          WIDTH="165"
                          VPOS="306"
                          HPOS="567"
                          CONTENT="possunt"/>
                  <SP HEIGHT="40" WIDTH="15" VPOS="306" HPOS="733"/>
                  <String HEIGHT="40" WIDTH="90" VPOS="306" HPOS="687" CONTENT="se"/>
                  <SP HEIGHT="40" WIDTH="15" VPOS="306" HPOS="778"/>
                  <String HEIGHT="40"
                          WIDTH="210"
                          VPOS="306"
                          HPOS="733"
                          CONTENT="penetrare:"/>
                  <SP HEIGHT="40" WIDTH="15" VPOS="306" HPOS="943"/>
                  <String HEIGHT="40"
                          WIDTH="165"
                          VPOS="306"
                          HPOS="898"
                          CONTENT="christs"/>
                  <SP HEIGHT="40" WIDTH="15" VPOS="306" HPOS="1063"/>
                  <String HEIGHT="40"
                          WIDTH="90"
                          VPOS="306"
                          HPOS="1003"
                          CONTENT="enim"/>
               </TextLine>
               <TextLine ID="r1l9"
                         BASELINE="394"
                         HEIGHT="54"
                         WIDTH="809"
                         VPOS="340"
                         HPOS="297">
                  <String HEIGHT="54"
                          WIDTH="194"
                          VPOS="340"
                          HPOS="281"
                          CONTENT="intrabat"/>
                  <SP HEIGHT="54" WIDTH="16" VPOS="340" HPOS="475"/>
                  <String HEIGHT="54" WIDTH="97" VPOS="340" HPOS="426" CONTENT="ad"/>
                  <SP HEIGHT="54" WIDTH="16" VPOS="340" HPOS="524"/>
                  <String HEIGHT="54"
                          WIDTH="210"
                          VPOS="340"
                          HPOS="475"
                          CONTENT="apostolos"/>
                  <SP HEIGHT="54" WIDTH="16" VPOS="340" HPOS="685"/>
                  <String HEIGHT="54"
                          WIDTH="162"
                          VPOS="340"
                          HPOS="637"
                          CONTENT="ianuis"/>
                  <SP HEIGHT="54" WIDTH="16" VPOS="340" HPOS="799"/>
                  <String HEIGHT="54"
                          WIDTH="194"
                          VPOS="340"
                          HPOS="750"
                          CONTENT="clausis."/>
                  <SP HEIGHT="54" WIDTH="16" VPOS="340" HPOS="944"/>
                  <String HEIGHT="54" WIDTH="97" VPOS="340" HPOS="896" CONTENT="Et"/>
                  <SP HEIGHT="54" WIDTH="16" VPOS="340" HPOS="993"/>
                  <String HEIGHT="54"
                          WIDTH="146"
                          VPOS="340"
                          HPOS="944"
                          CONTENT="eadem"/>
                  <SP HEIGHT="54" WIDTH="16" VPOS="340" HPOS="1090"/>
                  <String HEIGHT="54" WIDTH="81" VPOS="340" HPOS="1025" CONTENT="est"/>
               </TextLine>
               <TextLine ID="r1l11"
                         BASELINE="431"
                         HEIGHT="49"
                         WIDTH="786"
                         VPOS="382"
                         HPOS="307">
                  <String HEIGHT="49"
                          WIDTH="133"
                          VPOS="382"
                          HPOS="292"
                          CONTENT="ratio"/>
                  <SP HEIGHT="49" WIDTH="15" VPOS="382" HPOS="426"/>
                  <String HEIGHT="49" WIDTH="89" VPOS="382" HPOS="381" CONTENT="de"/>
                  <SP HEIGHT="49" WIDTH="15" VPOS="382" HPOS="470"/>
                  <String HEIGHT="49"
                          WIDTH="133"
                          VPOS="382"
                          HPOS="426"
                          CONTENT="corpe"/>
                  <SP HEIGHT="49" WIDTH="15" VPOS="382" HPOS="559"/>
                  <String HEIGHT="49"
                          WIDTH="119"
                          VPOS="382"
                          HPOS="515"
                          CONTENT="albo"/>
                  <SP HEIGHT="49" WIDTH="15" VPOS="382" HPOS="633"/>
                  <String HEIGHT="49" WIDTH="74" VPOS="382" HPOS="589" CONTENT="a"/>
                  <SP HEIGHT="49" WIDTH="15" VPOS="382" HPOS="663"/>
                  <String HEIGHT="49"
                          WIDTH="133"
                          VPOS="382"
                          HPOS="618"
                          CONTENT="nigro"/>
                  <SP HEIGHT="49" WIDTH="15" VPOS="382" HPOS="752"/>
                  <String HEIGHT="49" WIDTH="74" VPOS="382" HPOS="707" CONTENT="a"/>
                  <SP HEIGHT="49" WIDTH="15" VPOS="382" HPOS="782"/>
                  <String HEIGHT="49"
                          WIDTH="148"
                          VPOS="382"
                          HPOS="737"
                          CONTENT="aliis."/>
                  <SP HEIGHT="49" WIDTH="15" VPOS="382" HPOS="885"/>
                  <String HEIGHT="49"
                          WIDTH="119"
                          VPOS="382"
                          HPOS="841"
                          CONTENT="ergo"/>
                  <SP HEIGHT="49" WIDTH="15" VPOS="382" HPOS="960"/>
                  <String HEIGHT="49"
                          WIDTH="163"
                          VPOS="382"
                          HPOS="915"
                          CONTENT="corpesa"/>
                  <SP HEIGHT="49" WIDTH="15" VPOS="382" HPOS="1078"/>
                  <String HEIGHT="49"
                          WIDTH="74"
                          VPOS="382"
                          HPOS="1019"
                          CONTENT="al"
                          SUBS_TYPE="HypPart1"
                          SUBS_CONTENT="album"/>
                  <HYP CONTENT="-"/>
               </TextLine>
               <TextLine ID="r1l13"
                         BASELINE="470"
                         HEIGHT="57"
                         WIDTH="785"
                         VPOS="413"
                         HPOS="306">
                  <String HEIGHT="57"
                          WIDTH="110"
                          VPOS="413"
                          HPOS="290"
                          CONTENT="bum"
                          SUBS_TYPE="HypPart2"
                          SUBS_CONTENT="album"/>
                  <SP HEIGHT="57" WIDTH="16" VPOS="413" HPOS="400"/>
                  <String HEIGHT="57" WIDTH="94" VPOS="413" HPOS="353" CONTENT="et"/>
                  <SP HEIGHT="57" WIDTH="16" VPOS="413" HPOS="447"/>
                  <String HEIGHT="57"
                          WIDTH="157"
                          VPOS="413"
                          HPOS="400"
                          CONTENT="nigrum"/>
                  <SP HEIGHT="57" WIDTH="16" VPOS="413" HPOS="557"/>
                  <String HEIGHT="57"
                          WIDTH="173"
                          VPOS="413"
                          HPOS="510"
                          CONTENT="possunt"/>
                  <SP HEIGHT="57" WIDTH="16" VPOS="413" HPOS="683"/>
                  <String HEIGHT="57" WIDTH="94" VPOS="413" HPOS="636" CONTENT="se"/>
                  <SP HEIGHT="57" WIDTH="16" VPOS="413" HPOS="730"/>
                  <String HEIGHT="57"
                          WIDTH="220"
                          VPOS="413"
                          HPOS="683"
                          CONTENT="penetrare:"/>
                  <SP HEIGHT="57" WIDTH="16" VPOS="413" HPOS="903"/>
                  <String HEIGHT="57" WIDTH="110" VPOS="413" HPOS="856" CONTENT="quo"/>
                  <SP HEIGHT="57" WIDTH="16" VPOS="413" HPOS="965"/>
                  <String HEIGHT="57"
                          WIDTH="141"
                          VPOS="413"
                          HPOS="918"
                          CONTENT="facto"/>
                  <SP HEIGHT="57" WIDTH="16" VPOS="413" HPOS="1060"/>
                  <String HEIGHT="57" WIDTH="94" VPOS="413" HPOS="997" CONTENT="deus"/>
               </TextLine>
               <TextLine ID="r1l15"
                         BASELINE="508"
                         HEIGHT="54"
                         WIDTH="802"
                         VPOS="454"
                         HPOS="297">
                  <String HEIGHT="54"
                          WIDTH="146"
                          VPOS="454"
                          HPOS="282"
                          CONTENT="potest"/>
                  <SP HEIGHT="54" WIDTH="15" VPOS="454" HPOS="428"/>
                  <String HEIGHT="54"
                          WIDTH="190"
                          VPOS="454"
                          HPOS="384"
                          CONTENT="destruere"/>
                  <SP HEIGHT="54" WIDTH="15" VPOS="454" HPOS="574"/>
                  <String HEIGHT="54"
                          WIDTH="117"
                          VPOS="454"
                          HPOS="530"
                          CONTENT="illa"/>
                  <SP HEIGHT="54" WIDTH="15" VPOS="454" HPOS="647"/>
                  <String HEIGHT="54"
                          WIDTH="146"
                          VPOS="454"
                          HPOS="603"
                          CONTENT="corpsa"/>
                  <SP HEIGHT="54" WIDTH="15" VPOS="454" HPOS="749"/>
                  <String HEIGHT="54"
                          WIDTH="219"
                          VPOS="454"
                          HPOS="705"
                          CONTENT="conseruatis"/>
                  <SP HEIGHT="54" WIDTH="15" VPOS="454" HPOS="924"/>
                  <String HEIGHT="54"
                          WIDTH="175"
                          VPOS="454"
                          HPOS="880"
                          CONTENT="albedine"/>
                  <SP HEIGHT="54" WIDTH="15" VPOS="454" HPOS="1055"/>
                  <String HEIGHT="54" WIDTH="87" VPOS="454" HPOS="1012" CONTENT="at"/>
                  <SP HEIGHT="54" WIDTH="15" VPOS="454" HPOS="1099"/>
                  <String HEIGHT="54" WIDTH="58" VPOS="454" HPOS="1041" CONTENT="ni"/>
               </TextLine>
               <TextLine ID="r1l17"
                         BASELINE="544"
                         HEIGHT="45"
                         WIDTH="791"
                         VPOS="499"
                         HPOS="303">
                  <String HEIGHT="45"
                          WIDTH="164"
                          VPOS="499"
                          HPOS="288"
                          CONTENT="gredine"/>
                  <SP HEIGHT="45" WIDTH="15" VPOS="499" HPOS="452"/>
                  <String HEIGHT="45" WIDTH="90" VPOS="499" HPOS="407" CONTENT="in"/>
                  <SP HEIGHT="45" WIDTH="15" VPOS="499" HPOS="497"/>
                  <String HEIGHT="45"
                          WIDTH="134"
                          VPOS="499"
                          HPOS="452"
                          CONTENT="eodem"/>
                  <SP HEIGHT="45" WIDTH="15" VPOS="499" HPOS="587"/>
                  <String HEIGHT="45"
                          WIDTH="134"
                          VPOS="499"
                          HPOS="542"
                          CONTENT="loco."/>
                  <SP HEIGHT="45" WIDTH="15" VPOS="499" HPOS="676"/>
                  <String HEIGHT="45" WIDTH="90" VPOS="499" HPOS="631" CONTENT="Et"/>
                  <SP HEIGHT="45" WIDTH="15" VPOS="499" HPOS="721"/>
                  <String HEIGHT="45"
                          WIDTH="119"
                          VPOS="499"
                          HPOS="676"
                          CONTENT="quod"/>
                  <SP HEIGHT="45" WIDTH="15" VPOS="499" HPOS="796"/>
                  <String HEIGHT="45"
                          WIDTH="224"
                          VPOS="499"
                          HPOS="751"
                          CONTENT="penetratiue"/>
                  <SP HEIGHT="45" WIDTH="15" VPOS="499" HPOS="975"/>
                  <String HEIGHT="45" WIDTH="90" VPOS="499" HPOS="930" CONTENT="se"/>
                  <SP HEIGHT="45" WIDTH="15" VPOS="499" HPOS="1019"/>
                  <String HEIGHT="45"
                          WIDTH="134"
                          VPOS="499"
                          HPOS="960"
                          CONTENT="habeant"/>
               </TextLine>
               <TextLine ID="r1l19"
                         BASELINE="583"
                         HEIGHT="48"
                         WIDTH="801"
                         VPOS="535"
                         HPOS="292">
                  <String HEIGHT="48"
                          WIDTH="231"
                          VPOS="535"
                          HPOS="277"
                          CONTENT="confirmatur"/>
                  <SP HEIGHT="48" WIDTH="15" VPOS="535" HPOS="508"/>
                  <String HEIGHT="48"
                          WIDTH="123"
                          VPOS="535"
                          HPOS="461"
                          CONTENT="idem"/>
                  <SP HEIGHT="48" WIDTH="15" VPOS="535" HPOS="585"/>
                  <String HEIGHT="48"
                          WIDTH="123"
                          VPOS="535"
                          HPOS="538"
                          CONTENT="sic."/>
                  <SP HEIGHT="48" WIDTH="15" VPOS="535" HPOS="662"/>
                  <String HEIGHT="48"
                          WIDTH="139"
                          VPOS="535"
                          HPOS="615"
                          CONTENT="Calor"/>
                  <SP HEIGHT="48" WIDTH="15" VPOS="535" HPOS="754"/>
                  <String HEIGHT="48" WIDTH="92" VPOS="535" HPOS="708" CONTENT="et"/>
                  <SP HEIGHT="48" WIDTH="15" VPOS="535" HPOS="800"/>
                  <String HEIGHT="48"
                          WIDTH="154"
                          VPOS="535"
                          HPOS="754"
                          CONTENT="frigus"/>
                  <SP HEIGHT="48" WIDTH="15" VPOS="535" HPOS="908"/>
                  <String HEIGHT="48" WIDTH="108" VPOS="535" HPOS="862" CONTENT="non"/>
                  <SP HEIGHT="48" WIDTH="15" VPOS="535" HPOS="970"/>
                  <String HEIGHT="48"
                          WIDTH="169"
                          VPOS="535"
                          HPOS="924"
                          CONTENT="possunt"/>
                  <SP HEIGHT="48" WIDTH="15" VPOS="535" HPOS="1093"/>
                  <String HEIGHT="48" WIDTH="62" VPOS="535" HPOS="1031" CONTENT="se"/>
               </TextLine>
               <TextLine ID="r1l21"
                         BASELINE="624"
                         HEIGHT="53"
                         WIDTH="792"
                         VPOS="571"
                         HPOS="292">
                  <String HEIGHT="53"
                          WIDTH="164"
                          VPOS="571"
                          HPOS="278"
                          CONTENT="compati:"/>
                  <SP HEIGHT="53" WIDTH="14" VPOS="571" HPOS="442"/>
                  <String HEIGHT="53" WIDTH="96" VPOS="571" HPOS="401" CONTENT="hoc"/>
                  <SP HEIGHT="53" WIDTH="14" VPOS="571" HPOS="497"/>
                  <String HEIGHT="53"
                          WIDTH="123"
                          VPOS="571"
                          HPOS="456"
                          CONTENT="autem"/>
                  <SP HEIGHT="53" WIDTH="14" VPOS="571" HPOS="579"/>
                  <String HEIGHT="53" WIDTH="96" VPOS="571" HPOS="538" CONTENT="est"/>
                  <SP HEIGHT="53" WIDTH="14" VPOS="571" HPOS="633"/>
                  <String HEIGHT="53"
                          WIDTH="150"
                          VPOS="571"
                          HPOS="592"
                          CONTENT="prpoter"/>
                  <SP HEIGHT="53" WIDTH="14" VPOS="571" HPOS="743"/>
                  <String HEIGHT="53"
                          WIDTH="164"
                          VPOS="571"
                          HPOS="702"
                          CONTENT="actionem"/>
                  <SP HEIGHT="53" WIDTH="14" VPOS="571" HPOS="866"/>
                  <String HEIGHT="53" WIDTH="82" VPOS="571" HPOS="825" CONTENT="et"/>
                  <SP HEIGHT="53" WIDTH="14" VPOS="571" HPOS="906"/>
                  <String HEIGHT="53"
                          WIDTH="178"
                          VPOS="571"
                          HPOS="866"
                          CONTENT="passionem"/>
                  <SP HEIGHT="53" WIDTH="14" VPOS="571" HPOS="1043"/>
                  <String HEIGHT="53"
                          WIDTH="96"
                          VPOS="571"
                          HPOS="988"
                          CONTENT="illor"/>
               </TextLine>
               <TextLine ID="r1l23"
                         BASELINE="660"
                         HEIGHT="48"
                         WIDTH="791"
                         VPOS="612"
                         HPOS="290">
                  <String HEIGHT="48"
                          WIDTH="198"
                          VPOS="612"
                          HPOS="275"
                          CONTENT="corporum:"/>
                  <SP HEIGHT="48" WIDTH="15" VPOS="612" HPOS="473"/>
                  <String HEIGHT="48" WIDTH="106" VPOS="612" HPOS="427" CONTENT="sed"/>
                  <SP HEIGHT="48" WIDTH="15" VPOS="612" HPOS="533"/>
                  <String HEIGHT="48"
                          WIDTH="122"
                          VPOS="612"
                          HPOS="488"
                          CONTENT="deus"/>
                  <SP HEIGHT="48" WIDTH="15" VPOS="612" HPOS="609"/>
                  <String HEIGHT="48"
                          WIDTH="137"
                          VPOS="612"
                          HPOS="564"
                          CONTENT="silam"/>
                  <SP HEIGHT="48" WIDTH="15" VPOS="612" HPOS="701"/>
                  <String HEIGHT="48"
                          WIDTH="183"
                          VPOS="612"
                          HPOS="655"
                          CONTENT="actionem"/>
                  <SP HEIGHT="48" WIDTH="15" VPOS="612" HPOS="838"/>
                  <String HEIGHT="48"
                          WIDTH="152"
                          VPOS="612"
                          HPOS="792"
                          CONTENT="potest"/>
                  <SP HEIGHT="48" WIDTH="15" VPOS="612" HPOS="944"/>
                  <String HEIGHT="48"
                          WIDTH="183"
                          VPOS="612"
                          HPOS="898"
                          CONTENT="impedire"/>
                  <SP HEIGHT="48" WIDTH="15" VPOS="612" HPOS="1081"/>
                  <String HEIGHT="48" WIDTH="61" VPOS="612" HPOS="1020" CONTENT="no"/>
               </TextLine>
               <TextLine ID="r1l25"
                         BASELINE="695"
                         HEIGHT="54"
                         WIDTH="794"
                         VPOS="641"
                         HPOS="297">
                  <String HEIGHT="54"
                          WIDTH="184"
                          VPOS="641"
                          HPOS="283"
                          CONTENT="coagendo:"/>
                  <SP HEIGHT="54" WIDTH="14" VPOS="641" HPOS="467"/>
                  <String HEIGHT="54"
                          WIDTH="156"
                          VPOS="641"
                          HPOS="425"
                          CONTENT="igitur."/>
                  <SP HEIGHT="54" WIDTH="14" VPOS="641" HPOS="581"/>
                  <String HEIGHT="54" WIDTH="71" VPOS="641" HPOS="538" CONTENT="⁋"/>
                  <SP HEIGHT="54" WIDTH="14" VPOS="641" HPOS="609"/>
                  <String HEIGHT="54"
                          WIDTH="156"
                          VPOS="641"
                          HPOS="566"
                          CONTENT="Secunda"/>
                  <SP HEIGHT="54" WIDTH="14" VPOS="641" HPOS="722"/>
                  <String HEIGHT="54"
                          WIDTH="184"
                          VPOS="641"
                          HPOS="680"
                          CONTENT="conclusio"/>
                  <SP HEIGHT="54" WIDTH="14" VPOS="641" HPOS="864"/>
                  <String HEIGHT="54"
                          WIDTH="184"
                          VPOS="641"
                          HPOS="822"
                          CONTENT="probatur:"/>
                  <SP HEIGHT="54" WIDTH="14" VPOS="641" HPOS="1006"/>
                  <String HEIGHT="54" WIDTH="99" VPOS="641" HPOS="963" CONTENT="per"/>
                  <SP HEIGHT="54" WIDTH="14" VPOS="641" HPOS="1063"/>
                  <String HEIGHT="54"
                          WIDTH="85"
                          VPOS="641"
                          HPOS="1006"
                          CONTENT="dif"
                          SUBS_TYPE="HypPart1"
                          SUBS_CONTENT="diffinitionem"/>
                  <HYP CONTENT="-"/>
               </TextLine>
               <TextLine ID="r1l27"
                         BASELINE="722"
                         HEIGHT="45"
                         WIDTH="793"
                         VPOS="677"
                         HPOS="297">
                  <String HEIGHT="45"
                          WIDTH="214"
                          VPOS="677"
                          HPOS="282"
                          CONTENT="finitionem"
                          SUBS_TYPE="HypPart2"
                          SUBS_CONTENT="diffinitionem"/>
                  <SP HEIGHT="45" WIDTH="15" VPOS="677" HPOS="495"/>
                  <String HEIGHT="45"
                          WIDTH="214"
                          VPOS="677"
                          HPOS="450"
                          CONTENT="qualitatum"/>
                  <SP HEIGHT="45" WIDTH="15" VPOS="677" HPOS="663"/>
                  <String HEIGHT="45"
                          WIDTH="259"
                          VPOS="677"
                          HPOS="617"
                          CONTENT="contrariarum."/>
                  <SP HEIGHT="45" WIDTH="15" VPOS="677" HPOS="877"/>
                  <String HEIGHT="45" WIDTH="76" VPOS="677" HPOS="831" CONTENT="⁋"/>
                  <SP HEIGHT="45" WIDTH="15" VPOS="677" HPOS="907"/>
                  <String HEIGHT="45" WIDTH="107" VPOS="677" HPOS="861" CONTENT="Sed"/>
                  <SP HEIGHT="45" WIDTH="15" VPOS="677" HPOS="968"/>
                  <String HEIGHT="45"
                          WIDTH="153"
                          VPOS="677"
                          HPOS="922"
                          CONTENT="aliqui"/>
                  <SP HEIGHT="45" WIDTH="15" VPOS="677" HPOS="1075"/>
                  <String HEIGHT="45"
                          WIDTH="76"
                          VPOS="677"
                          HPOS="1014"
                          CONTENT="so"
                          SUBS_TYPE="HypPart1"
                          SUBS_CONTENT="solent"/>
                  <HYP CONTENT="-"/>
               </TextLine>
               <TextLine ID="r1l29"
                         BASELINE="772"
                         HEIGHT="60"
                         WIDTH="803"
                         VPOS="712"
                         HPOS="291">
                  <String HEIGHT="60"
                          WIDTH="115"
                          VPOS="712"
                          HPOS="277"
                          CONTENT="lent"
                          SUBS_TYPE="HypPart2"
                          SUBS_CONTENT="solent"/>
                  <SP HEIGHT="60" WIDTH="14" VPOS="712" HPOS="391"/>
                  <String HEIGHT="60"
                          WIDTH="158"
                          VPOS="712"
                          HPOS="348"
                          CONTENT="dicere:"/>
                  <SP HEIGHT="60" WIDTH="14" VPOS="712" HPOS="506"/>
                  <String HEIGHT="60"
                          WIDTH="115"
                          VPOS="712"
                          HPOS="463"
                          CONTENT="quod"/>
                  <SP HEIGHT="60" WIDTH="14" VPOS="712" HPOS="578"/>
                  <String HEIGHT="60"
                          WIDTH="201"
                          VPOS="712"
                          HPOS="535"
                          CONTENT="qualitates"/>
                  <SP HEIGHT="60" WIDTH="14" VPOS="712" HPOS="736"/>
                  <String HEIGHT="60"
                          WIDTH="158"
                          VPOS="712"
                          HPOS="693"
                          CONTENT="remisse"/>
                  <SP HEIGHT="60" WIDTH="14" VPOS="712" HPOS="850"/>
                  <String HEIGHT="60"
                          WIDTH="158"
                          VPOS="712"
                          HPOS="807"
                          CONTENT="eiusdem"/>
                  <SP HEIGHT="60" WIDTH="14" VPOS="712" HPOS="965"/>
                  <String HEIGHT="60"
                          WIDTH="158"
                          VPOS="712"
                          HPOS="922"
                          CONTENT="speciei"/>
                  <SP HEIGHT="60" WIDTH="14" VPOS="712" HPOS="1080"/>
                  <String HEIGHT="60" WIDTH="72" VPOS="712" HPOS="1022" CONTENT="cum"/>
               </TextLine>
               <TextLine ID="r1l31"
                         BASELINE="800"
                         HEIGHT="44"
                         WIDTH="787"
                         VPOS="756"
                         HPOS="292">
                  <String HEIGHT="44"
                          WIDTH="185"
                          VPOS="756"
                          HPOS="277"
                          CONTENT="gradibus"/>
                  <SP HEIGHT="44" WIDTH="15" VPOS="756" HPOS="462"/>
                  <String HEIGHT="44"
                          WIDTH="185"
                          VPOS="756"
                          HPOS="415"
                          CONTENT="intensis"/>
                  <SP HEIGHT="44" WIDTH="15" VPOS="756" HPOS="601"/>
                  <String HEIGHT="44" WIDTH="108" VPOS="756" HPOS="554" CONTENT="non"/>
                  <SP HEIGHT="44" WIDTH="15" VPOS="756" HPOS="662"/>
                  <String HEIGHT="44"
                          WIDTH="123"
                          VPOS="756"
                          HPOS="616"
                          CONTENT="sunt"/>
                  <SP HEIGHT="44" WIDTH="15" VPOS="756" HPOS="740"/>
                  <String HEIGHT="44"
                          WIDTH="216"
                          VPOS="756"
                          HPOS="693"
                          CONTENT="contrarie:"/>
                  <SP HEIGHT="44" WIDTH="15" VPOS="756" HPOS="909"/>
                  <String HEIGHT="44"
                          WIDTH="139"
                          VPOS="756"
                          HPOS="863"
                          CONTENT="solas"/>
                  <SP HEIGHT="44" WIDTH="15" VPOS="756" HPOS="1002"/>
                  <String HEIGHT="44"
                          WIDTH="123"
                          VPOS="756"
                          HPOS="956"
                          CONTENT="enim"/>
                  <SP HEIGHT="44" WIDTH="15" VPOS="756" HPOS="1079"/>
                  <String HEIGHT="44" WIDTH="62" VPOS="756" HPOS="1017" CONTENT="vo"/>
               </TextLine>
               <TextLine ID="r1l33"
                         BASELINE="851"
                         HEIGHT="52"
                         WIDTH="799"
                         VPOS="799"
                         HPOS="291">
                  <String HEIGHT="52"
                          WIDTH="128"
                          VPOS="799"
                          HPOS="275"
                          CONTENT="cant"/>
                  <SP HEIGHT="52" WIDTH="16" VPOS="799" HPOS="403"/>
                  <String HEIGHT="52"
                          WIDTH="224"
                          VPOS="799"
                          HPOS="355"
                          CONTENT="contrarias"/>
                  <SP HEIGHT="52" WIDTH="16" VPOS="799" HPOS="579"/>
                  <String HEIGHT="52"
                          WIDTH="240"
                          VPOS="799"
                          HPOS="531"
                          CONTENT="naturaliter"/>
                  <SP HEIGHT="52" WIDTH="16" VPOS="799" HPOS="770"/>
                  <String HEIGHT="52"
                          WIDTH="240"
                          VPOS="799"
                          HPOS="722"
                          CONTENT="repugnantes"/>
                  <SP HEIGHT="52" WIDTH="16" VPOS="799" HPOS="962"/>
                  <String HEIGHT="52"
                          WIDTH="144"
                          VPOS="799"
                          HPOS="914"
                          CONTENT="circa"/>
                  <SP HEIGHT="52" WIDTH="16" VPOS="799" HPOS="1058"/>
                  <String HEIGHT="52" WIDTH="96" VPOS="799" HPOS="994" CONTENT="idem"/>
               </TextLine>
               <TextLine ID="r1l35"
                         BASELINE="876"
                         HEIGHT="47"
                         WIDTH="783"
                         VPOS="829"
                         HPOS="295">
                  <String HEIGHT="47"
                          WIDTH="212"
                          VPOS="829"
                          HPOS="279"
                          CONTENT="obiectum."/>
                  <SP HEIGHT="47" WIDTH="16" VPOS="829" HPOS="491"/>
                  <String HEIGHT="47" WIDTH="82" VPOS="829" HPOS="442" CONTENT="⁋"/>
                  <SP HEIGHT="47" WIDTH="16" VPOS="829" HPOS="523"/>
                  <String HEIGHT="47" WIDTH="114" VPOS="829" HPOS="474" CONTENT="hoc"/>
                  <SP HEIGHT="47" WIDTH="16" VPOS="829" HPOS="589"/>
                  <String HEIGHT="47"
                          WIDTH="147"
                          VPOS="829"
                          HPOS="540"
                          CONTENT="autem"/>
                  <SP HEIGHT="47" WIDTH="16" VPOS="829" HPOS="687"/>
                  <String HEIGHT="47" WIDTH="114" VPOS="829" HPOS="638" CONTENT="est"/>
                  <SP HEIGHT="47" WIDTH="16" VPOS="829" HPOS="752"/>
                  <String HEIGHT="47" WIDTH="98" VPOS="829" HPOS="703" CONTENT="de"/>
                  <SP HEIGHT="47" WIDTH="16" VPOS="829" HPOS="801"/>
                  <String HEIGHT="47"
                          WIDTH="163"
                          VPOS="829"
                          HPOS="752"
                          CONTENT="nomine"/>
                  <SP HEIGHT="47" WIDTH="16" VPOS="829" HPOS="915"/>
                  <String HEIGHT="47"
                          WIDTH="212"
                          VPOS="829"
                          HPOS="866"
                          CONTENT="dimicare:"/>
                  <SP HEIGHT="47" WIDTH="16" VPOS="829" HPOS="1078"/>
                  <String HEIGHT="47" WIDTH="65" VPOS="829" HPOS="1013" CONTENT="vo"/>
               </TextLine>
               <TextLine ID="r1l37"
                         BASELINE="921"
                         HEIGHT="49"
                         WIDTH="797"
                         VPOS="872"
                         HPOS="291">
                  <String HEIGHT="49"
                          WIDTH="149"
                          VPOS="872"
                          HPOS="274"
                          CONTENT="cemus"/>
                  <SP HEIGHT="49" WIDTH="17" VPOS="872" HPOS="424"/>
                  <String HEIGHT="49"
                          WIDTH="232"
                          VPOS="872"
                          HPOS="374"
                          CONTENT="qualitates"/>
                  <SP HEIGHT="49" WIDTH="17" VPOS="872" HPOS="606"/>
                  <String HEIGHT="49"
                          WIDTH="232"
                          VPOS="872"
                          HPOS="557"
                          CONTENT="contrarias"/>
                  <SP HEIGHT="49" WIDTH="17" VPOS="872" HPOS="789"/>
                  <String HEIGHT="49"
                          WIDTH="266"
                          VPOS="872"
                          HPOS="739"
                          CONTENT="repugnantes:"/>
                  <SP HEIGHT="49" WIDTH="17" VPOS="872" HPOS="1005"/>
                  <String HEIGHT="49" WIDTH="116" VPOS="872" HPOS="955" CONTENT="vel"/>
                  <SP HEIGHT="49" WIDTH="17" VPOS="872" HPOS="1071"/>
                  <String HEIGHT="49" WIDTH="83" VPOS="872" HPOS="1005" CONTENT="qua"/>
               </TextLine>
               <TextLine ID="r1l39"
                         BASELINE="962"
                         HEIGHT="59"
                         WIDTH="785"
                         VPOS="903"
                         HPOS="300">
                  <String HEIGHT="59"
                          WIDTH="108"
                          VPOS="903"
                          HPOS="286"
                          CONTENT="sunt"/>
                  <SP HEIGHT="59" WIDTH="14" VPOS="903" HPOS="395"/>
                  <String HEIGHT="59"
                          WIDTH="149"
                          VPOS="903"
                          HPOS="354"
                          CONTENT="eiusdem"/>
                  <SP HEIGHT="59" WIDTH="14" VPOS="903" HPOS="503"/>
                  <String HEIGHT="59"
                          WIDTH="149"
                          VPOS="903"
                          HPOS="462"
                          CONTENT="speciei"/>
                  <SP HEIGHT="59" WIDTH="14" VPOS="903" HPOS="611"/>
                  <String HEIGHT="59" WIDTH="95" VPOS="903" HPOS="571" CONTENT="cum"/>
                  <SP HEIGHT="59" WIDTH="14" VPOS="903" HPOS="665"/>
                  <String HEIGHT="59"
                          WIDTH="108"
                          VPOS="903"
                          HPOS="625"
                          CONTENT="eis:"/>
                  <SP HEIGHT="59" WIDTH="14" VPOS="903" HPOS="733"/>
                  <String HEIGHT="59"
                          WIDTH="108"
                          VPOS="903"
                          HPOS="693"
                          CONTENT="quia"/>
                  <SP HEIGHT="59" WIDTH="14" VPOS="903" HPOS="801"/>
                  <String HEIGHT="59" WIDTH="95" VPOS="903" HPOS="760" CONTENT="sic"/>
                  <SP HEIGHT="59" WIDTH="14" VPOS="903" HPOS="855"/>
                  <String HEIGHT="59"
                          WIDTH="122"
                          VPOS="903"
                          HPOS="814"
                          CONTENT="multi"/>
                  <SP HEIGHT="59" WIDTH="14" VPOS="903" HPOS="936"/>
                  <String HEIGHT="59"
                          WIDTH="176"
                          VPOS="903"
                          HPOS="896"
                          CONTENT="loquentes"/>
                  <SP HEIGHT="59" WIDTH="14" VPOS="903" HPOS="1071"/>
                  <String HEIGHT="59" WIDTH="68" VPOS="903" HPOS="1017" CONTENT="ter"/>
               </TextLine>
               <TextLine ID="r1l41"
                         BASELINE="1002"
                         HEIGHT="58"
                         WIDTH="777"
                         VPOS="944"
                         HPOS="298">
                  <String HEIGHT="58"
                          WIDTH="124"
                          VPOS="944"
                          HPOS="282"
                          CONTENT="mino"/>
                  <SP HEIGHT="58" WIDTH="16" VPOS="944" HPOS="407"/>
                  <String HEIGHT="58"
                          WIDTH="186"
                          VPOS="944"
                          HPOS="360"
                          CONTENT="vtuntur."/>
                  <SP HEIGHT="58" WIDTH="16" VPOS="944" HPOS="547"/>
                  <String HEIGHT="58" WIDTH="78" VPOS="944" HPOS="500" CONTENT="⁋"/>
                  <SP HEIGHT="58" WIDTH="16" VPOS="944" HPOS="578"/>
                  <String HEIGHT="58"
                          WIDTH="155"
                          VPOS="944"
                          HPOS="531"
                          CONTENT="Contra"/>
                  <SP HEIGHT="58" WIDTH="16" VPOS="944" HPOS="687"/>
                  <String HEIGHT="58"
                          WIDTH="171"
                          VPOS="944"
                          HPOS="640"
                          CONTENT="priorem"/>
                  <SP HEIGHT="58" WIDTH="16" VPOS="944" HPOS="811"/>
                  <String HEIGHT="58"
                          WIDTH="249"
                          VPOS="944"
                          HPOS="764"
                          CONTENT="conclusionem"/>
                  <SP HEIGHT="58" WIDTH="16" VPOS="944" HPOS="1013"/>
                  <String HEIGHT="58"
                          WIDTH="124"
                          VPOS="944"
                          HPOS="951"
                          CONTENT="argui"
                          SUBS_TYPE="HypPart1"
                          SUBS_CONTENT="arguisic."/>
                  <HYP CONTENT="-"/>
               </TextLine>
               <TextLine ID="r1l43"
                         BASELINE="1036"
                         HEIGHT="58"
                         WIDTH="788"
                         VPOS="978"
                         HPOS="297">
                  <String HEIGHT="58"
                          WIDTH="115"
                          VPOS="978"
                          HPOS="283"
                          CONTENT="sic."
                          SUBS_TYPE="HypPart2"
                          SUBS_CONTENT="arguisic."/>
                  <SP HEIGHT="58" WIDTH="14" VPOS="978" HPOS="397"/>
                  <String HEIGHT="58"
                          WIDTH="115"
                          VPOS="978"
                          HPOS="354"
                          CONTENT="quia"/>
                  <SP HEIGHT="58" WIDTH="14" VPOS="978" HPOS="469"/>
                  <String HEIGHT="58"
                          WIDTH="115"
                          VPOS="978"
                          HPOS="426"
                          CONTENT="tunc"/>
                  <SP HEIGHT="58" WIDTH="14" VPOS="978" HPOS="541"/>
                  <String HEIGHT="58"
                          WIDTH="115"
                          VPOS="978"
                          HPOS="498"
                          CONTENT="pari"/>
                  <SP HEIGHT="58" WIDTH="14" VPOS="978" HPOS="612"/>
                  <String HEIGHT="58"
                          WIDTH="158"
                          VPOS="978"
                          HPOS="569"
                          CONTENT="ratione"/>
                  <SP HEIGHT="58" WIDTH="14" VPOS="978" HPOS="727"/>
                  <String HEIGHT="58" WIDTH="100" VPOS="978" HPOS="684" CONTENT="due"/>
                  <SP HEIGHT="58" WIDTH="14" VPOS="978" HPOS="784"/>
                  <String HEIGHT="58"
                          WIDTH="129"
                          VPOS="978"
                          HPOS="741"
                          CONTENT="forme"/>
                  <SP HEIGHT="58" WIDTH="14" VPOS="978" HPOS="870"/>
                  <String HEIGHT="58"
                          WIDTH="244"
                          VPOS="978"
                          HPOS="827"
                          CONTENT="substantiales"/>
                  <SP HEIGHT="58" WIDTH="14" VPOS="978" HPOS="1071"/>
                  <String HEIGHT="58" WIDTH="72" VPOS="978" HPOS="1013" CONTENT="pos"/>
               </TextLine>
               <TextLine ID="r1l45"
                         BASELINE="1069"
                         HEIGHT="51"
                         WIDTH="795"
                         VPOS="1018"
                         HPOS="295">
                  <String HEIGHT="51"
                          WIDTH="114"
                          VPOS="1018"
                          HPOS="281"
                          CONTENT="sent"/>
                  <SP HEIGHT="51" WIDTH="14" VPOS="1018" HPOS="394"/>
                  <String HEIGHT="51"
                          WIDTH="142"
                          VPOS="1018"
                          HPOS="352"
                          CONTENT="eandem"/>
                  <SP HEIGHT="51" WIDTH="14" VPOS="1018" HPOS="494"/>
                  <String HEIGHT="51"
                          WIDTH="170"
                          VPOS="1018"
                          HPOS="451"
                          CONTENT="materiam"/>
                  <SP HEIGHT="51" WIDTH="14" VPOS="1018" HPOS="622"/>
                  <String HEIGHT="51"
                          WIDTH="199"
                          VPOS="1018"
                          HPOS="579"
                          CONTENT="informare:"/>
                  <SP HEIGHT="51" WIDTH="14" VPOS="1018" HPOS="778"/>
                  <String HEIGHT="51"
                          WIDTH="199"
                          VPOS="1018"
                          HPOS="735"
                          CONTENT="consequens"/>
                  <SP HEIGHT="51" WIDTH="14" VPOS="1018" HPOS="934"/>
                  <String HEIGHT="51" WIDTH="99" VPOS="1018" HPOS="891" CONTENT="est"/>
                  <SP HEIGHT="51" WIDTH="14" VPOS="1018" HPOS="991"/>
                  <String HEIGHT="51"
                          WIDTH="156"
                          VPOS="1018"
                          HPOS="934"
                          CONTENT="impossibi"/>
               </TextLine>
               <TextLine ID="r1l47"
                         BASELINE="1114"
                         HEIGHT="68"
                         WIDTH="797"
                         VPOS="1046"
                         HPOS="285">
                  <String HEIGHT="68"
                          WIDTH="101"
                          VPOS="1046"
                          HPOS="271"
                          CONTENT="le:"/>
                  <SP HEIGHT="68" WIDTH="14" VPOS="1046" HPOS="372"/>
                  <String HEIGHT="68"
                          WIDTH="116"
                          VPOS="1046"
                          HPOS="328"
                          CONTENT="tunc"/>
                  <SP HEIGHT="68" WIDTH="14" VPOS="1046" HPOS="444"/>
                  <String HEIGHT="68"
                          WIDTH="116"
                          VPOS="1046"
                          HPOS="401"
                          CONTENT="enim"/>
                  <SP HEIGHT="68" WIDTH="14" VPOS="1046" HPOS="517"/>
                  <String HEIGHT="68"
                          WIDTH="116"
                          VPOS="1046"
                          HPOS="473"
                          CONTENT="idem"/>
                  <SP HEIGHT="68" WIDTH="14" VPOS="1046" HPOS="589"/>
                  <String HEIGHT="68"
                          WIDTH="116"
                          VPOS="1046"
                          HPOS="546"
                          CONTENT="erit"/>
                  <SP HEIGHT="68" WIDTH="14" VPOS="1046" HPOS="662"/>
                  <String HEIGHT="68"
                          WIDTH="101"
                          VPOS="1046"
                          HPOS="618"
                          CONTENT="bos"/>
                  <SP HEIGHT="68" WIDTH="14" VPOS="1046" HPOS="720"/>
                  <String HEIGHT="68" WIDTH="72" VPOS="1046" HPOS="676" CONTENT="a"/>
                  <SP HEIGHT="68" WIDTH="14" VPOS="1046" HPOS="749"/>
                  <String HEIGHT="68"
                          WIDTH="159"
                          VPOS="1046"
                          HPOS="705"
                          CONTENT="asinus:"/>
                  <SP HEIGHT="68" WIDTH="14" VPOS="1046" HPOS="865"/>
                  <String HEIGHT="68"
                          WIDTH="116"
                          VPOS="1046"
                          HPOS="821"
                          CONTENT="homo"/>
                  <SP HEIGHT="68" WIDTH="14" VPOS="1046" HPOS="937"/>
                  <String HEIGHT="68" WIDTH="72" VPOS="1046" HPOS="894" CONTENT="a"/>
                  <SP HEIGHT="68" WIDTH="14" VPOS="1046" HPOS="966"/>
                  <String HEIGHT="68"
                          WIDTH="159"
                          VPOS="1046"
                          HPOS="923"
                          CONTENT="asinus:"/>
                  <SP HEIGHT="68" WIDTH="14" VPOS="1046" HPOS="1082"/>
                  <String HEIGHT="68" WIDTH="58" VPOS="1046" HPOS="1024" CONTENT="et"/>
               </TextLine>
               <TextLine ID="r1l49"
                         BASELINE="1142"
                         HEIGHT="49"
                         WIDTH="792"
                         VPOS="1093"
                         HPOS="292">
                  <String HEIGHT="49"
                          WIDTH="109"
                          VPOS="1093"
                          HPOS="276"
                          CONTENT="sic"/>
                  <SP HEIGHT="49" WIDTH="16" VPOS="1093" HPOS="385"/>
                  <String HEIGHT="49"
                          WIDTH="155"
                          VPOS="1093"
                          HPOS="339"
                          CONTENT="asinus"/>
                  <SP HEIGHT="49" WIDTH="16" VPOS="1093" HPOS="494"/>
                  <String HEIGHT="49"
                          WIDTH="295"
                          VPOS="1093"
                          HPOS="447"
                          CONTENT="beatificabitur."/>
                  <SP HEIGHT="49" WIDTH="16" VPOS="1093" HPOS="742"/>
                  <String HEIGHT="49" WIDTH="78" VPOS="1093" HPOS="696" CONTENT="⁋"/>
                  <SP HEIGHT="49" WIDTH="16" VPOS="1093" HPOS="773"/>
                  <String HEIGHT="49"
                          WIDTH="233"
                          VPOS="1093"
                          HPOS="727"
                          CONTENT="Respondetur"/>
                  <SP HEIGHT="49" WIDTH="16" VPOS="1093" HPOS="960"/>
                  <String HEIGHT="49"
                          WIDTH="171"
                          VPOS="1093"
                          HPOS="913"
                          CONTENT="negando"/>
                  <SP HEIGHT="49" WIDTH="16" VPOS="1093" HPOS="1084"/>
                  <String HEIGHT="49" WIDTH="62" VPOS="1093" HPOS="1022" CONTENT="se"/>
               </TextLine>
               <TextLine ID="r1l51"
                         BASELINE="1184"
                         HEIGHT="54"
                         WIDTH="790"
                         VPOS="1130"
                         HPOS="297">
                  <String HEIGHT="54"
                          WIDTH="170"
                          VPOS="1130"
                          HPOS="282"
                          CONTENT="quelam:"/>
                  <SP HEIGHT="54" WIDTH="15" VPOS="1130" HPOS="452"/>
                  <String HEIGHT="54"
                          WIDTH="186"
                          VPOS="1130"
                          HPOS="405"
                          CONTENT="binarius"/>
                  <SP HEIGHT="54" WIDTH="15" VPOS="1130" HPOS="591"/>
                  <String HEIGHT="54"
                          WIDTH="124"
                          VPOS="1130"
                          HPOS="545"
                          CONTENT="enim"/>
                  <SP HEIGHT="54" WIDTH="15" VPOS="1130" HPOS="669"/>
                  <String HEIGHT="54" WIDTH="93" VPOS="1130" HPOS="622" CONTENT="ex"/>
                  <SP HEIGHT="54" WIDTH="15" VPOS="1130" HPOS="715"/>
                  <String HEIGHT="54"
                          WIDTH="170"
                          VPOS="1130"
                          HPOS="669"
                          CONTENT="materia"/>
                  <SP HEIGHT="54" WIDTH="15" VPOS="1130" HPOS="839"/>
                  <String HEIGHT="54" WIDTH="93" VPOS="1130" HPOS="793" CONTENT="et"/>
                  <SP HEIGHT="54" WIDTH="15" VPOS="1130" HPOS="886"/>
                  <String HEIGHT="54"
                          WIDTH="139"
                          VPOS="1130"
                          HPOS="839"
                          CONTENT="forma"/>
                  <SP HEIGHT="54" WIDTH="15" VPOS="1130" HPOS="979"/>
                  <String HEIGHT="54"
                          WIDTH="139"
                          VPOS="1130"
                          HPOS="932"
                          CONTENT="bouis"/>
                  <SP HEIGHT="54" WIDTH="15" VPOS="1130" HPOS="1072"/>
                  <String HEIGHT="54"
                          WIDTH="77"
                          VPOS="1130"
                          HPOS="1010"
                          CONTENT="est"/>
               </TextLine>
               <TextLine ID="r1l53"
                         BASELINE="1227"
                         HEIGHT="62"
                         WIDTH="786"
                         VPOS="1165"
                         HPOS="298">
                  <String HEIGHT="62"
                          WIDTH="123"
                          VPOS="1165"
                          HPOS="283"
                          CONTENT="bos:"/>
                  <SP HEIGHT="62" WIDTH="15" VPOS="1165" HPOS="406"/>
                  <String HEIGHT="62" WIDTH="92" VPOS="1165" HPOS="360" CONTENT="et"/>
                  <SP HEIGHT="62" WIDTH="15" VPOS="1165" HPOS="452"/>
                  <String HEIGHT="62"
                          WIDTH="185"
                          VPOS="1165"
                          HPOS="406"
                          CONTENT="binarius"/>
                  <SP HEIGHT="62" WIDTH="15" VPOS="1165" HPOS="591"/>
                  <String HEIGHT="62" WIDTH="92" VPOS="1165" HPOS="545" CONTENT="ex"/>
                  <SP HEIGHT="62" WIDTH="15" VPOS="1165" HPOS="637"/>
                  <String HEIGHT="62"
                          WIDTH="139"
                          VPOS="1165"
                          HPOS="591"
                          CONTENT="eadem"/>
                  <SP HEIGHT="62" WIDTH="15" VPOS="1165" HPOS="730"/>
                  <String HEIGHT="62"
                          WIDTH="170"
                          VPOS="1165"
                          HPOS="683"
                          CONTENT="materia"/>
                  <SP HEIGHT="62" WIDTH="15" VPOS="1165" HPOS="853"/>
                  <String HEIGHT="62" WIDTH="92" VPOS="1165" HPOS="807" CONTENT="et"/>
                  <SP HEIGHT="62" WIDTH="15" VPOS="1165" HPOS="899"/>
                  <String HEIGHT="62"
                          WIDTH="139"
                          VPOS="1165"
                          HPOS="853"
                          CONTENT="forma"/>
                  <SP HEIGHT="62" WIDTH="15" VPOS="1165" HPOS="992"/>
                  <String HEIGHT="62"
                          WIDTH="123"
                          VPOS="1165"
                          HPOS="945"
                          CONTENT="equi"/>
                  <SP HEIGHT="62" WIDTH="15" VPOS="1165" HPOS="1069"/>
                  <String HEIGHT="62"
                          WIDTH="77"
                          VPOS="1165"
                          HPOS="1007"
                          CONTENT="est"/>
               </TextLine>
               <TextLine ID="r1l55"
                         BASELINE="1263"
                         HEIGHT="58"
                         WIDTH="780"
                         VPOS="1205"
                         HPOS="298">
                  <String HEIGHT="58"
                          WIDTH="132"
                          VPOS="1205"
                          HPOS="285"
                          CONTENT="equus."/>
                  <SP HEIGHT="58" WIDTH="13" VPOS="1205" HPOS="417"/>
                  <String HEIGHT="58" WIDTH="79" VPOS="1205" HPOS="377" CONTENT="et"/>
                  <SP HEIGHT="58" WIDTH="13" VPOS="1205" HPOS="457"/>
                  <String HEIGHT="58" WIDTH="93" VPOS="1205" HPOS="417" CONTENT="sic"/>
                  <SP HEIGHT="58" WIDTH="13" VPOS="1205" HPOS="510"/>
                  <String HEIGHT="58" WIDTH="93" VPOS="1205" HPOS="470" CONTENT="non"/>
                  <SP HEIGHT="58" WIDTH="13" VPOS="1205" HPOS="562"/>
                  <String HEIGHT="58"
                          WIDTH="145"
                          VPOS="1205"
                          HPOS="523"
                          CONTENT="habetur"/>
                  <SP HEIGHT="58" WIDTH="13" VPOS="1205" HPOS="668"/>
                  <String HEIGHT="58"
                          WIDTH="106"
                          VPOS="1205"
                          HPOS="629"
                          CONTENT="quod"/>
                  <SP HEIGHT="58" WIDTH="13" VPOS="1205" HPOS="734"/>
                  <String HEIGHT="58" WIDTH="93" VPOS="1205" HPOS="695" CONTENT="bos"/>
                  <SP HEIGHT="58" WIDTH="13" VPOS="1205" HPOS="787"/>
                  <String HEIGHT="58" WIDTH="93" VPOS="1205" HPOS="747" CONTENT="sit"/>
                  <SP HEIGHT="58" WIDTH="13" VPOS="1205" HPOS="840"/>
                  <String HEIGHT="58"
                          WIDTH="132"
                          VPOS="1205"
                          HPOS="800"
                          CONTENT="equus:"/>
                  <SP HEIGHT="58" WIDTH="13" VPOS="1205" HPOS="933"/>
                  <String HEIGHT="58" WIDTH="93" VPOS="1205" HPOS="893" CONTENT="nec"/>
                  <SP HEIGHT="58" WIDTH="13" VPOS="1205" HPOS="985"/>
                  <String HEIGHT="58"
                          WIDTH="106"
                          VPOS="1205"
                          HPOS="946"
                          CONTENT="quod"/>
                  <SP HEIGHT="58" WIDTH="13" VPOS="1205" HPOS="1052"/>
                  <String HEIGHT="58"
                          WIDTH="79"
                          VPOS="1205"
                          HPOS="999"
                          CONTENT="asi"
                          SUBS_TYPE="HypPart1"
                          SUBS_CONTENT="asinus"/>
                  <HYP CONTENT="-"/>
               </TextLine>
               <TextLine ID="r1l57"
                         BASELINE="1305"
                         HEIGHT="65"
                         WIDTH="789"
                         VPOS="1240"
                         HPOS="285">
                  <String HEIGHT="65"
                          WIDTH="100"
                          VPOS="1240"
                          HPOS="271"
                          CONTENT="nus"
                          SUBS_TYPE="HypPart2"
                          SUBS_CONTENT="asinus"/>
                  <SP HEIGHT="65" WIDTH="14" VPOS="1240" HPOS="371"/>
                  <String HEIGHT="65"
                          WIDTH="273"
                          VPOS="1240"
                          HPOS="328"
                          CONTENT="beatificabitur."/>
                  <SP HEIGHT="65" WIDTH="14" VPOS="1240" HPOS="601"/>
                  <String HEIGHT="65"
                          WIDTH="115"
                          VPOS="1240"
                          HPOS="558"
                          CONTENT="Quoa"/>
                  <SP HEIGHT="65" WIDTH="14" VPOS="1240" HPOS="672"/>
                  <String HEIGHT="65"
                          WIDTH="129"
                          VPOS="1240"
                          HPOS="629"
                          CONTENT="forma"/>
                  <SP HEIGHT="65" WIDTH="14" VPOS="1240" HPOS="758"/>
                  <String HEIGHT="65"
                          WIDTH="115"
                          VPOS="1240"
                          HPOS="715"
                          CONTENT="equi"/>
                  <SP HEIGHT="65" WIDTH="14" VPOS="1240" HPOS="830"/>
                  <String HEIGHT="65"
                          WIDTH="143"
                          VPOS="1240"
                          HPOS="787"
                          CONTENT="potest"/>
                  <SP HEIGHT="65" WIDTH="14" VPOS="1240" HPOS="931"/>
                  <String HEIGHT="65"
                          WIDTH="172"
                          VPOS="1240"
                          HPOS="888"
                          CONTENT="materiam"/>
                  <SP HEIGHT="65" WIDTH="14" VPOS="1240" HPOS="1060"/>
                  <String HEIGHT="65"
                          WIDTH="72"
                          VPOS="1240"
                          HPOS="1002"
                          CONTENT="qua"/>
               </TextLine>
               <TextLine ID="r1l59"
                         BASELINE="1341"
                         HEIGHT="62"
                         WIDTH="796"
                         VPOS="1279"
                         HPOS="289">
                  <String HEIGHT="62"
                          WIDTH="234"
                          VPOS="1279"
                          HPOS="273"
                          CONTENT="litercumque"/>
                  <SP HEIGHT="62" WIDTH="16" VPOS="1279" HPOS="508"/>
                  <String HEIGHT="62"
                          WIDTH="203"
                          VPOS="1279"
                          HPOS="461"
                          CONTENT="figuratam"/>
                  <SP HEIGHT="62" WIDTH="16" VPOS="1279" HPOS="664"/>
                  <String HEIGHT="62"
                          WIDTH="203"
                          VPOS="1279"
                          HPOS="617"
                          CONTENT="informare"/>
                  <SP HEIGHT="62" WIDTH="16" VPOS="1279" HPOS="820"/>
                  <String HEIGHT="62"
                          WIDTH="187"
                          VPOS="1279"
                          HPOS="773"
                          CONTENT="probatur"/>
                  <SP HEIGHT="62" WIDTH="16" VPOS="1279" HPOS="960"/>
                  <String HEIGHT="62"
                          WIDTH="125"
                          VPOS="1279"
                          HPOS="913"
                          CONTENT="sic:"/>
                  <SP HEIGHT="62" WIDTH="16" VPOS="1279" HPOS="1038"/>
                  <String HEIGHT="62"
                          WIDTH="109"
                          VPOS="1279"
                          HPOS="976"
                          CONTENT="forma"/>
               </TextLine>
               <TextLine ID="r1l61"
                         BASELINE="1379"
                         HEIGHT="51"
                         WIDTH="787"
                         VPOS="1328"
                         HPOS="288">
                  <String HEIGHT="51"
                          WIDTH="114"
                          VPOS="1328"
                          HPOS="274"
                          CONTENT="equi"/>
                  <SP HEIGHT="51" WIDTH="14" VPOS="1328" HPOS="388"/>
                  <String HEIGHT="51"
                          WIDTH="100"
                          VPOS="1328"
                          HPOS="345"
                          CONTENT="est"/>
                  <SP HEIGHT="51" WIDTH="14" VPOS="1328" HPOS="445"/>
                  <String HEIGHT="51" WIDTH="86" VPOS="1328" HPOS="402" CONTENT="in"/>
                  <SP HEIGHT="51" WIDTH="14" VPOS="1328" HPOS="488"/>
                  <String HEIGHT="51"
                          WIDTH="172"
                          VPOS="1328"
                          HPOS="445"
                          CONTENT="qualibet"/>
                  <SP HEIGHT="51" WIDTH="14" VPOS="1328" HPOS="617"/>
                  <String HEIGHT="51"
                          WIDTH="129"
                          VPOS="1328"
                          HPOS="574"
                          CONTENT="parte"/>
                  <SP HEIGHT="51" WIDTH="14" VPOS="1328" HPOS="703"/>
                  <String HEIGHT="51"
                          WIDTH="157"
                          VPOS="1328"
                          HPOS="660"
                          CONTENT="materie"/>
                  <SP HEIGHT="51" WIDTH="14" VPOS="1328" HPOS="817"/>
                  <String HEIGHT="51"
                          WIDTH="114"
                          VPOS="1328"
                          HPOS="775"
                          CONTENT="equi"/>
                  <SP HEIGHT="51" WIDTH="14" VPOS="1328" HPOS="889"/>
                  <String HEIGHT="51"
                          WIDTH="143"
                          VPOS="1328"
                          HPOS="846"
                          CONTENT="saltem"/>
                  <SP HEIGHT="51" WIDTH="14" VPOS="1328" HPOS="989"/>
                  <String HEIGHT="51" WIDTH="86" VPOS="1328" HPOS="946" CONTENT="in"/>
                  <SP HEIGHT="51" WIDTH="14" VPOS="1328" HPOS="1032"/>
                  <String HEIGHT="51"
                          WIDTH="100"
                          VPOS="1328"
                          HPOS="975"
                          CONTENT="quali"/>
               </TextLine>
               <TextLine ID="r1l63"
                         BASELINE="1417"
                         HEIGHT="58"
                         WIDTH="774"
                         VPOS="1359"
                         HPOS="298">
                  <String HEIGHT="58"
                          WIDTH="104"
                          VPOS="1359"
                          HPOS="283"
                          CONTENT="bet"/>
                  <SP HEIGHT="58" WIDTH="15" VPOS="1359" HPOS="387"/>
                  <String HEIGHT="58"
                          WIDTH="134"
                          VPOS="1359"
                          HPOS="343"
                          CONTENT="parte"/>
                  <SP HEIGHT="58" WIDTH="15" VPOS="1359" HPOS="477"/>
                  <String HEIGHT="58"
                          WIDTH="164"
                          VPOS="1359"
                          HPOS="432"
                          CONTENT="materie"/>
                  <SP HEIGHT="58" WIDTH="15" VPOS="1359" HPOS="596"/>
                  <String HEIGHT="58"
                          WIDTH="119"
                          VPOS="1359"
                          HPOS="551"
                          CONTENT="equi"/>
                  <SP HEIGHT="58" WIDTH="15" VPOS="1359" HPOS="670"/>
                  <String HEIGHT="58"
                          WIDTH="104"
                          VPOS="1359"
                          HPOS="625"
                          CONTENT="est"/>
                  <SP HEIGHT="58" WIDTH="15" VPOS="1359" HPOS="730"/>
                  <String HEIGHT="58"
                          WIDTH="134"
                          VPOS="1359"
                          HPOS="685"
                          CONTENT="forma"/>
                  <SP HEIGHT="58" WIDTH="15" VPOS="1359" HPOS="819"/>
                  <String HEIGHT="58"
                          WIDTH="134"
                          VPOS="1359"
                          HPOS="774"
                          CONTENT="equi."/>
                  <SP HEIGHT="58" WIDTH="15" VPOS="1359" HPOS="908"/>
                  <String HEIGHT="58"
                          WIDTH="179"
                          VPOS="1359"
                          HPOS="864"
                          CONTENT="Capiatur"/>
                  <SP HEIGHT="58" WIDTH="15" VPOS="1359" HPOS="1042"/>
                  <String HEIGHT="58"
                          WIDTH="89"
                          VPOS="1359"
                          HPOS="983"
                          CONTENT="for"
                          SUBS_TYPE="HypPart1"
                          SUBS_CONTENT="forma"/>
                  <HYP CONTENT="-"/>
               </TextLine>
               <TextLine ID="r1l65"
                         BASELINE="1444"
                         HEIGHT="45"
                         WIDTH="790"
                         VPOS="1399"
                         HPOS="279">
                  <String HEIGHT="45"
                          WIDTH="86"
                          VPOS="1399"
                          HPOS="265"
                          CONTENT="ma"
                          SUBS_TYPE="HypPart2"
                          SUBS_CONTENT="forma"/>
                  <SP HEIGHT="45" WIDTH="14" VPOS="1399" HPOS="351"/>
                  <String HEIGHT="45"
                          WIDTH="187"
                          VPOS="1399"
                          HPOS="308"
                          CONTENT="partialis"/>
                  <SP HEIGHT="45" WIDTH="14" VPOS="1399" HPOS="494"/>
                  <String HEIGHT="45" WIDTH="86" VPOS="1399" HPOS="451" CONTENT="in"/>
                  <SP HEIGHT="45" WIDTH="14" VPOS="1399" HPOS="538"/>
                  <String HEIGHT="45"
                          WIDTH="144"
                          VPOS="1399"
                          HPOS="494"
                          CONTENT="oculo:"/>
                  <SP HEIGHT="45" WIDTH="14" VPOS="1399" HPOS="638"/>
                  <String HEIGHT="45"
                          WIDTH="115"
                          VPOS="1399"
                          HPOS="595"
                          CONTENT="deus"/>
                  <SP HEIGHT="45" WIDTH="14" VPOS="1399" HPOS="710"/>
                  <String HEIGHT="45"
                          WIDTH="144"
                          VPOS="1399"
                          HPOS="667"
                          CONTENT="potest"/>
                  <SP HEIGHT="45" WIDTH="14" VPOS="1399" HPOS="810"/>
                  <String HEIGHT="45"
                          WIDTH="129"
                          VPOS="1399"
                          HPOS="767"
                          CONTENT="illam"/>
                  <SP HEIGHT="45" WIDTH="14" VPOS="1399" HPOS="897"/>
                  <String HEIGHT="45"
                          WIDTH="144"
                          VPOS="1399"
                          HPOS="854"
                          CONTENT="formam"/>
                  <SP HEIGHT="45" WIDTH="14" VPOS="1399" HPOS="997"/>
                  <String HEIGHT="45" WIDTH="86" VPOS="1399" HPOS="954" CONTENT="in"/>
                  <SP HEIGHT="45" WIDTH="14" VPOS="1399" HPOS="1040"/>
                  <String HEIGHT="45"
                          WIDTH="86"
                          VPOS="1399"
                          HPOS="983"
                          CONTENT="ocu"
                          SUBS_TYPE="HypPart1"
                          SUBS_CONTENT="oculo"/>
                  <HYP CONTENT="-"/>
               </TextLine>
               <TextLine ID="r1l67"
                         BASELINE="1484"
                         HEIGHT="54"
                         WIDTH="790"
                         VPOS="1430"
                         HPOS="291">
                  <String HEIGHT="54"
                          WIDTH="88"
                          VPOS="1430"
                          HPOS="276"
                          CONTENT="lo"
                          SUBS_TYPE="HypPart2"
                          SUBS_CONTENT="oculo"/>
                  <SP HEIGHT="54" WIDTH="15" VPOS="1430" HPOS="364"/>
                  <String HEIGHT="54"
                          WIDTH="102"
                          VPOS="1430"
                          HPOS="320"
                          CONTENT="vel"/>
                  <SP HEIGHT="54" WIDTH="15" VPOS="1430" HPOS="423"/>
                  <String HEIGHT="54" WIDTH="88" VPOS="1430" HPOS="379" CONTENT="in"/>
                  <SP HEIGHT="54" WIDTH="15" VPOS="1430" HPOS="467"/>
                  <String HEIGHT="54"
                          WIDTH="146"
                          VPOS="1430"
                          HPOS="423"
                          CONTENT="quauis"/>
                  <SP HEIGHT="54" WIDTH="15" VPOS="1430" HPOS="569"/>
                  <String HEIGHT="54"
                          WIDTH="132"
                          VPOS="1430"
                          HPOS="525"
                          CONTENT="parte"/>
                  <SP HEIGHT="54" WIDTH="15" VPOS="1430" HPOS="657"/>
                  <String HEIGHT="54"
                          WIDTH="161"
                          VPOS="1430"
                          HPOS="613"
                          CONTENT="materie"/>
                  <SP HEIGHT="54" WIDTH="15" VPOS="1430" HPOS="774"/>
                  <String HEIGHT="54"
                          WIDTH="219"
                          VPOS="1430"
                          HPOS="730"
                          CONTENT="informatiue"/>
                  <SP HEIGHT="54" WIDTH="15" VPOS="1430" HPOS="949"/>
                  <String HEIGHT="54"
                          WIDTH="132"
                          VPOS="1430"
                          HPOS="905"
                          CONTENT="aliis"/>
                  <SP HEIGHT="54" WIDTH="15" VPOS="1430" HPOS="1037"/>
                  <String HEIGHT="54"
                          WIDTH="102"
                          VPOS="1430"
                          HPOS="979"
                          CONTENT="parti"/>
               </TextLine>
               <TextLine ID="r1l69"
                         BASELINE="1521"
                         HEIGHT="52"
                         WIDTH="787"
                         VPOS="1469"
                         HPOS="291">
                  <String HEIGHT="52"
                          WIDTH="100"
                          VPOS="1469"
                          HPOS="277"
                          CONTENT="bus"/>
                  <SP HEIGHT="52" WIDTH="14" VPOS="1469" HPOS="377"/>
                  <String HEIGHT="52"
                          WIDTH="186"
                          VPOS="1469"
                          HPOS="334"
                          CONTENT="corruptis"/>
                  <SP HEIGHT="52" WIDTH="14" VPOS="1469" HPOS="520"/>
                  <String HEIGHT="52"
                          WIDTH="172"
                          VPOS="1469"
                          HPOS="477"
                          CONTENT="seruare:"/>
                  <SP HEIGHT="52" WIDTH="14" VPOS="1469" HPOS="649"/>
                  <String HEIGHT="52"
                          WIDTH="100"
                          VPOS="1469"
                          HPOS="606"
                          CONTENT="sic"/>
                  <SP HEIGHT="52" WIDTH="14" VPOS="1469" HPOS="706"/>
                  <String HEIGHT="52"
                          WIDTH="143"
                          VPOS="1469"
                          HPOS="663"
                          CONTENT="potest"/>
                  <SP HEIGHT="52" WIDTH="14" VPOS="1469" HPOS="806"/>
                  <String HEIGHT="52"
                          WIDTH="200"
                          VPOS="1469"
                          HPOS="763"
                          CONTENT="corrumpere"/>
                  <SP HEIGHT="52" WIDTH="14" VPOS="1469" HPOS="964"/>
                  <String HEIGHT="52"
                          WIDTH="172"
                          VPOS="1469"
                          HPOS="906"
                          CONTENT="qualitatum"/>
               </TextLine>
               <TextLine ID="r1l71"
                         BASELINE="1569"
                         HEIGHT="59"
                         WIDTH="788"
                         VPOS="1510"
                         HPOS="285">
                  <String HEIGHT="59"
                          WIDTH="125"
                          VPOS="1510"
                          HPOS="267"
                          CONTENT="uam"/>
                  <SP HEIGHT="59" WIDTH="18" VPOS="1510" HPOS="392"/>
                  <String HEIGHT="59"
                          WIDTH="304"
                          VPOS="1510"
                          HPOS="339"
                          CONTENT="dispositionem"/>
                  <SP HEIGHT="59" WIDTH="18" VPOS="1510" HPOS="643"/>
                  <String HEIGHT="59"
                          WIDTH="161"
                          VPOS="1510"
                          HPOS="589"
                          CONTENT="forma"/>
                  <SP HEIGHT="59" WIDTH="18" VPOS="1510" HPOS="751"/>
                  <String HEIGHT="59"
                          WIDTH="251"
                          VPOS="1510"
                          HPOS="697"
                          CONTENT="informante"/>
                  <SP HEIGHT="59" WIDTH="18" VPOS="1510" HPOS="948"/>
                  <String HEIGHT="59"
                          WIDTH="197"
                          VPOS="1510"
                          HPOS="876"
                          CONTENT="materiam."/>
               </TextLine>
               <TextLine ID="r1l73"
                         BASELINE="1595"
                         HEIGHT="45"
                         WIDTH="787"
                         VPOS="1550"
                         HPOS="280">
                  <String HEIGHT="45" WIDTH="91" VPOS="1550" HPOS="265" CONTENT="Et"/>
                  <SP HEIGHT="45" WIDTH="15" VPOS="1550" HPOS="356"/>
                  <String HEIGHT="45"
                          WIDTH="106"
                          VPOS="1550"
                          HPOS="310"
                          CONTENT="hoc"/>
                  <SP HEIGHT="45" WIDTH="15" VPOS="1550" HPOS="416"/>
                  <String HEIGHT="45"
                          WIDTH="182"
                          VPOS="1550"
                          HPOS="371"
                          CONTENT="probatur"/>
                  <SP HEIGHT="45" WIDTH="15" VPOS="1550" HPOS="552"/>
                  <String HEIGHT="45"
                          WIDTH="106"
                          VPOS="1550"
                          HPOS="507"
                          CONTENT="per"/>
                  <SP HEIGHT="45" WIDTH="15" VPOS="1550" HPOS="613"/>
                  <String HEIGHT="45"
                          WIDTH="106"
                          VPOS="1550"
                          HPOS="568"
                          CONTENT="hoc"/>
                  <SP HEIGHT="45" WIDTH="15" VPOS="1550" HPOS="674"/>
                  <String HEIGHT="45"
                          WIDTH="121"
                          VPOS="1550"
                          HPOS="628"
                          CONTENT="quod"/>
                  <SP HEIGHT="45" WIDTH="15" VPOS="1550" HPOS="749"/>
                  <String HEIGHT="45"
                          WIDTH="182"
                          VPOS="1550"
                          HPOS="704"
                          CONTENT="narratur"/>
                  <SP HEIGHT="45" WIDTH="15" VPOS="1550" HPOS="885"/>
                  <String HEIGHT="45" WIDTH="91" VPOS="1550" HPOS="840" CONTENT="de"/>
                  <SP HEIGHT="45" WIDTH="15" VPOS="1550" HPOS="931"/>
                  <String HEIGHT="45"
                          WIDTH="151"
                          VPOS="1550"
                          HPOS="885"
                          CONTENT="lingua"/>
                  <SP HEIGHT="45" WIDTH="15" VPOS="1550" HPOS="1037"/>
                  <String HEIGHT="45"
                          WIDTH="91"
                          VPOS="1550"
                          HPOS="976"
                          CONTENT="cuiu"/>
               </TextLine>
               <TextLine ID="r1l75"
                         BASELINE="1635"
                         HEIGHT="45"
                         WIDTH="781"
                         VPOS="1590"
                         HPOS="285">
                  <String HEIGHT="45"
                          WIDTH="109"
                          VPOS="1590"
                          HPOS="269"
                          CONTENT="dam"/>
                  <SP HEIGHT="45" WIDTH="16" VPOS="1590" HPOS="379"/>
                  <String HEIGHT="45"
                          WIDTH="172"
                          VPOS="1590"
                          HPOS="332"
                          CONTENT="pagani:"/>
                  <SP HEIGHT="45" WIDTH="16" VPOS="1590" HPOS="504"/>
                  <String HEIGHT="45"
                          WIDTH="109"
                          VPOS="1590"
                          HPOS="457"
                          CONTENT="que"/>
                  <SP HEIGHT="45" WIDTH="16" VPOS="1590" HPOS="566"/>
                  <String HEIGHT="45"
                          WIDTH="156"
                          VPOS="1590"
                          HPOS="519"
                          CONTENT="semper"/>
                  <SP HEIGHT="45" WIDTH="16" VPOS="1590" HPOS="676"/>
                  <String HEIGHT="45"
                          WIDTH="141"
                          VPOS="1590"
                          HPOS="629"
                          CONTENT="dedit"/>
                  <SP HEIGHT="45" WIDTH="16" VPOS="1590" HPOS="769"/>
                  <String HEIGHT="45"
                          WIDTH="156"
                          VPOS="1590"
                          HPOS="722"
                          CONTENT="rectam"/>
                  <SP HEIGHT="45" WIDTH="16" VPOS="1590" HPOS="879"/>
                  <String HEIGHT="45"
                          WIDTH="219"
                          VPOS="1590"
                          HPOS="832"
                          CONTENT="sententiam"/>
                  <SP HEIGHT="45" WIDTH="16" VPOS="1590" HPOS="1050"/>
                  <String HEIGHT="45" WIDTH="78" VPOS="1590" HPOS="988" CONTENT="qua"/>
               </TextLine>
               <TextLine ID="r1l77"
                         BASELINE="1678"
                         HEIGHT="56"
                         WIDTH="796"
                         VPOS="1622"
                         HPOS="280">
                  <String HEIGHT="56"
                          WIDTH="133"
                          VPOS="1622"
                          HPOS="265"
                          CONTENT="anima"/>
                  <SP HEIGHT="56" WIDTH="15" VPOS="1622" HPOS="398"/>
                  <String HEIGHT="56"
                          WIDTH="206"
                          VPOS="1622"
                          HPOS="354"
                          CONTENT="informauit"/>
                  <SP HEIGHT="56" WIDTH="15" VPOS="1622" HPOS="560"/>
                  <String HEIGHT="56"
                          WIDTH="118"
                          VPOS="1622"
                          HPOS="516"
                          CONTENT="post"/>
                  <SP HEIGHT="56" WIDTH="15" VPOS="1622" HPOS="634"/>
                  <String HEIGHT="56"
                          WIDTH="147"
                          VPOS="1622"
                          HPOS="590"
                          CONTENT="mortem"/>
                  <SP HEIGHT="56" WIDTH="15" VPOS="1622" HPOS="737"/>
                  <String HEIGHT="56" WIDTH="88" VPOS="1622" HPOS="693" CONTENT="vt"/>
                  <SP HEIGHT="56" WIDTH="15" VPOS="1622" HPOS="781"/>
                  <String HEIGHT="56"
                          WIDTH="206"
                          VPOS="1622"
                          HPOS="737"
                          CONTENT="penitentia"/>
                  <SP HEIGHT="56" WIDTH="15" VPOS="1622" HPOS="943"/>
                  <String HEIGHT="56" WIDTH="88" VPOS="1622" HPOS="899" CONTENT="et"/>
                  <SP HEIGHT="56" WIDTH="15" VPOS="1622" HPOS="988"/>
                  <String HEIGHT="56"
                          WIDTH="118"
                          VPOS="1622"
                          HPOS="943"
                          CONTENT="fide"/>
                  <SP HEIGHT="56" WIDTH="15" VPOS="1622" HPOS="1061"/>
                  <String HEIGHT="56"
                          WIDTH="74"
                          VPOS="1622"
                          HPOS="1002"
                          CONTENT="sal"/>
               </TextLine>
               <TextLine ID="r1l79"
                         BASELINE="1714"
                         HEIGHT="52"
                         WIDTH="806"
                         VPOS="1662"
                         HPOS="273">
                  <String HEIGHT="52"
                          WIDTH="186"
                          VPOS="1662"
                          HPOS="258"
                          CONTENT="uaretur."/>
                  <SP HEIGHT="52" WIDTH="16" VPOS="1662" HPOS="444"/>
                  <String HEIGHT="52" WIDTH="78" VPOS="1662" HPOS="397" CONTENT="⁋"/>
                  <SP HEIGHT="52" WIDTH="16" VPOS="1662" HPOS="475"/>
                  <String HEIGHT="52"
                          WIDTH="171"
                          VPOS="1662"
                          HPOS="428"
                          CONTENT="Secundo"/>
                  <SP HEIGHT="52" WIDTH="16" VPOS="1662" HPOS="599"/>
                  <String HEIGHT="52"
                          WIDTH="202"
                          VPOS="1662"
                          HPOS="552"
                          CONTENT="arguitur:"/>
                  <SP HEIGHT="52" WIDTH="16" VPOS="1662" HPOS="754"/>
                  <String HEIGHT="52" WIDTH="93" VPOS="1662" HPOS="707" CONTENT="si"/>
                  <SP HEIGHT="52" WIDTH="16" VPOS="1662" HPOS="800"/>
                  <String HEIGHT="52"
                          WIDTH="155"
                          VPOS="1662"
                          HPOS="754"
                          CONTENT="albedo"/>
                  <SP HEIGHT="52" WIDTH="16" VPOS="1662" HPOS="909"/>
                  <String HEIGHT="52" WIDTH="78" VPOS="1662" HPOS="862" CONTENT="a"/>
                  <SP HEIGHT="52" WIDTH="16" VPOS="1662" HPOS="940"/>
                  <String HEIGHT="52"
                          WIDTH="171"
                          VPOS="1662"
                          HPOS="893"
                          CONTENT="nigredo"/>
                  <SP HEIGHT="52" WIDTH="16" VPOS="1662" HPOS="1064"/>
                  <String HEIGHT="52"
                          WIDTH="78"
                          VPOS="1662"
                          HPOS="1002"
                          CONTENT="sum"/>
               </TextLine>
               <TextLine ID="r1l81"
                         BASELINE="1758"
                         HEIGHT="63"
                         WIDTH="784"
                         VPOS="1695"
                         HPOS="283">
                  <String HEIGHT="63" WIDTH="94" VPOS="1695" HPOS="267" CONTENT="ma"/>
                  <SP HEIGHT="63" WIDTH="16" VPOS="1695" HPOS="361"/>
                  <String HEIGHT="63"
                          WIDTH="157"
                          VPOS="1695"
                          HPOS="314"
                          CONTENT="essent"/>
                  <SP HEIGHT="63" WIDTH="16" VPOS="1695" HPOS="471"/>
                  <String HEIGHT="63" WIDTH="94" VPOS="1695" HPOS="424" CONTENT="in"/>
                  <SP HEIGHT="63" WIDTH="16" VPOS="1695" HPOS="518"/>
                  <String HEIGHT="63"
                          WIDTH="141"
                          VPOS="1695"
                          HPOS="471"
                          CONTENT="eodem"/>
                  <SP HEIGHT="63" WIDTH="16" VPOS="1695" HPOS="612"/>
                  <String HEIGHT="63"
                          WIDTH="188"
                          VPOS="1695"
                          HPOS="565"
                          CONTENT="subiecto"/>
                  <SP HEIGHT="63" WIDTH="16" VPOS="1695" HPOS="753"/>
                  <String HEIGHT="63"
                          WIDTH="204"
                          VPOS="1695"
                          HPOS="706"
                          CONTENT="adequato:"/>
                  <SP HEIGHT="63" WIDTH="16" VPOS="1695" HPOS="910"/>
                  <String HEIGHT="63"
                          WIDTH="110"
                          VPOS="1695"
                          HPOS="863"
                          CONTENT="tuc"/>
                  <SP HEIGHT="63" WIDTH="16" VPOS="1695" HPOS="973"/>
                  <String HEIGHT="63"
                          WIDTH="110"
                          VPOS="1695"
                          HPOS="926"
                          CONTENT="non"/>
                  <SP HEIGHT="63" WIDTH="16" VPOS="1695" HPOS="1036"/>
                  <String HEIGHT="63"
                          WIDTH="94"
                          VPOS="1695"
                          HPOS="973"
                          CONTENT="pos"
                          SUBS_TYPE="HypPart1"
                          SUBS_CONTENT="possent"/>
                  <HYP CONTENT="-"/>
               </TextLine>
               <TextLine ID="r1l83"
                         BASELINE="1796"
                         HEIGHT="64"
                         WIDTH="783"
                         VPOS="1732"
                         HPOS="283">
                  <String HEIGHT="64"
                          WIDTH="114"
                          VPOS="1732"
                          HPOS="269"
                          CONTENT="sent"
                          SUBS_TYPE="HypPart2"
                          SUBS_CONTENT="possent"/>
                  <SP HEIGHT="64" WIDTH="14" VPOS="1732" HPOS="383"/>
                  <String HEIGHT="64"
                          WIDTH="142"
                          VPOS="1732"
                          HPOS="340"
                          CONTENT="videri"/>
                  <SP HEIGHT="64" WIDTH="14" VPOS="1732" HPOS="482"/>
                  <String HEIGHT="64" WIDTH="85" VPOS="1732" HPOS="440" CONTENT="ab"/>
                  <SP HEIGHT="64" WIDTH="14" VPOS="1732" HPOS="525"/>
                  <String HEIGHT="64"
                          WIDTH="128"
                          VPOS="1732"
                          HPOS="482"
                          CONTENT="oculo"/>
                  <SP HEIGHT="64" WIDTH="14" VPOS="1732" HPOS="610"/>
                  <String HEIGHT="64"
                          WIDTH="242"
                          VPOS="1732"
                          HPOS="568"
                          CONTENT="prospiciente:"/>
                  <SP HEIGHT="64" WIDTH="14" VPOS="1732" HPOS="810"/>
                  <String HEIGHT="64"
                          WIDTH="114"
                          VPOS="1732"
                          HPOS="767"
                          CONTENT="quia"/>
                  <SP HEIGHT="64" WIDTH="14" VPOS="1732" HPOS="881"/>
                  <String HEIGHT="64"
                          WIDTH="100"
                          VPOS="1732"
                          HPOS="838"
                          CONTENT="vel"/>
                  <SP HEIGHT="64" WIDTH="14" VPOS="1732" HPOS="938"/>
                  <String HEIGHT="64"
                          WIDTH="142"
                          VPOS="1732"
                          HPOS="895"
                          CONTENT="oculus"/>
                  <SP HEIGHT="64" WIDTH="14" VPOS="1732" HPOS="1038"/>
                  <String HEIGHT="64"
                          WIDTH="100"
                          VPOS="1732"
                          HPOS="995"
                          CONTENT="iud"/>
                  <SP HEIGHT="64" WIDTH="14" VPOS="1732" HPOS="1094"/>
                  <String HEIGHT="64" WIDTH="28" VPOS="1732" HPOS="1038" CONTENT=""/>
               </TextLine>
               <TextLine ID="r1l85"
                         BASELINE="1830"
                         HEIGHT="56"
                         WIDTH="789"
                         VPOS="1774"
                         HPOS="283">
                  <String HEIGHT="56"
                          WIDTH="142"
                          VPOS="1774"
                          HPOS="267"
                          CONTENT="caret"/>
                  <SP HEIGHT="56" WIDTH="16" VPOS="1774" HPOS="409"/>
                  <String HEIGHT="56"
                          WIDTH="110"
                          VPOS="1774"
                          HPOS="362"
                          CONTENT="ibi"/>
                  <SP HEIGHT="56" WIDTH="16" VPOS="1774" HPOS="472"/>
                  <String HEIGHT="56"
                          WIDTH="126"
                          VPOS="1774"
                          HPOS="425"
                          CONTENT="esse"/>
                  <SP HEIGHT="56" WIDTH="16" VPOS="1774" HPOS="551"/>
                  <String HEIGHT="56"
                          WIDTH="205"
                          VPOS="1774"
                          HPOS="504"
                          CONTENT="albedinem"/>
                  <SP HEIGHT="56" WIDTH="16" VPOS="1774" HPOS="709"/>
                  <String HEIGHT="56"
                          WIDTH="110"
                          VPOS="1774"
                          HPOS="662"
                          CONTENT="vel"/>
                  <SP HEIGHT="56" WIDTH="16" VPOS="1774" HPOS="772"/>
                  <String HEIGHT="56"
                          WIDTH="237"
                          VPOS="1774"
                          HPOS="725"
                          CONTENT="nigredinem."/>
                  <SP HEIGHT="56" WIDTH="16" VPOS="1774" HPOS="962"/>
                  <String HEIGHT="56" WIDTH="79" VPOS="1774" HPOS="914" CONTENT="⁋"/>
                  <SP HEIGHT="56" WIDTH="16" VPOS="1774" HPOS="993"/>
                  <String HEIGHT="56"
                          WIDTH="142"
                          VPOS="1774"
                          HPOS="930"
                          CONTENT="Respon"
                          SUBS_TYPE="HypPart1"
                          SUBS_CONTENT="Respondetur:"/>
                  <HYP CONTENT="-"/>
               </TextLine>
               <TextLine ID="r1l87"
                         BASELINE="1871"
                         HEIGHT="61"
                         WIDTH="785"
                         VPOS="1810"
                         HPOS="282">
                  <String HEIGHT="61"
                          WIDTH="135"
                          VPOS="1810"
                          HPOS="268"
                          CONTENT="detur:"
                          SUBS_TYPE="HypPart2"
                          SUBS_CONTENT="Respondetur:"/>
                  <SP HEIGHT="61" WIDTH="14" VPOS="1810" HPOS="404"/>
                  <String HEIGHT="61"
                          WIDTH="108"
                          VPOS="1810"
                          HPOS="363"
                          CONTENT="quod"/>
                  <SP HEIGHT="61" WIDTH="14" VPOS="1810" HPOS="471"/>
                  <String HEIGHT="61"
                          WIDTH="189"
                          VPOS="1810"
                          HPOS="431"
                          CONTENT="qualitates"/>
                  <SP HEIGHT="61" WIDTH="14" VPOS="1810" HPOS="620"/>
                  <String HEIGHT="61"
                          WIDTH="203"
                          VPOS="1810"
                          HPOS="580"
                          CONTENT="indistincte"/>
                  <SP HEIGHT="61" WIDTH="14" VPOS="1810" HPOS="783"/>
                  <String HEIGHT="61"
                          WIDTH="162"
                          VPOS="1810"
                          HPOS="742"
                          CONTENT="secundum"/>
                  <SP HEIGHT="61" WIDTH="14" VPOS="1810" HPOS="905"/>
                  <String HEIGHT="61"
                          WIDTH="122"
                          VPOS="1810"
                          HPOS="864"
                          CONTENT="situm"/>
                  <SP HEIGHT="61" WIDTH="14" VPOS="1810" HPOS="986"/>
                  <String HEIGHT="61"
                          WIDTH="135"
                          VPOS="1810"
                          HPOS="932"
                          CONTENT="existen"
                          SUBS_TYPE="HypPart1"
                          SUBS_CONTENT="existentes"/>
                  <HYP CONTENT="-"/>
               </TextLine>
               <TextLine ID="r1l89"
                         BASELINE="1908"
                         HEIGHT="58"
                         WIDTH="790"
                         VPOS="1850"
                         HPOS="283">
                  <String HEIGHT="58"
                          WIDTH="101"
                          VPOS="1850"
                          HPOS="269"
                          CONTENT="tes"
                          SUBS_TYPE="HypPart2"
                          SUBS_CONTENT="existentes"/>
                  <SP HEIGHT="58" WIDTH="14" VPOS="1850" HPOS="369"/>
                  <String HEIGHT="58"
                          WIDTH="101"
                          VPOS="1850"
                          HPOS="326"
                          CONTENT="vel"/>
                  <SP HEIGHT="58" WIDTH="14" VPOS="1850" HPOS="427"/>
                  <String HEIGHT="58"
                          WIDTH="129"
                          VPOS="1850"
                          HPOS="384"
                          CONTENT="etiam"/>
                  <SP HEIGHT="58" WIDTH="14" VPOS="1850" HPOS="513"/>
                  <String HEIGHT="58"
                          WIDTH="129"
                          VPOS="1850"
                          HPOS="470"
                          CONTENT="simul"/>
                  <SP HEIGHT="58" WIDTH="14" VPOS="1850" HPOS="599"/>
                  <String HEIGHT="58"
                          WIDTH="172"
                          VPOS="1850"
                          HPOS="556"
                          CONTENT="secundum"/>
                  <SP HEIGHT="58" WIDTH="14" VPOS="1850" HPOS="728"/>
                  <String HEIGHT="58"
                          WIDTH="144"
                          VPOS="1850"
                          HPOS="685"
                          CONTENT="eandem"/>
                  <SP HEIGHT="58" WIDTH="14" VPOS="1850" HPOS="829"/>
                  <String HEIGHT="58"
                          WIDTH="144"
                          VPOS="1850"
                          HPOS="786"
                          CONTENT="lineam"/>
                  <SP HEIGHT="58" WIDTH="14" VPOS="1850" HPOS="929"/>
                  <String HEIGHT="58"
                          WIDTH="158"
                          VPOS="1850"
                          HPOS="886"
                          CONTENT="species"/>
                  <SP HEIGHT="58" WIDTH="14" VPOS="1850" HPOS="1044"/>
                  <String HEIGHT="58"
                          WIDTH="86"
                          VPOS="1850"
                          HPOS="987"
                          CONTENT="suas"/>
               </TextLine>
               <TextLine ID="r1l91"
                         BASELINE="1939"
                         HEIGHT="48"
                         WIDTH="793"
                         VPOS="1891"
                         HPOS="280">
                  <String HEIGHT="48"
                          WIDTH="285"
                          VPOS="1891"
                          HPOS="264"
                          CONTENT="multiplicantes"/>
                  <SP HEIGHT="48" WIDTH="16" VPOS="1891" HPOS="550"/>
                  <String HEIGHT="48" WIDTH="95" VPOS="1891" HPOS="502" CONTENT="ad"/>
                  <SP HEIGHT="48" WIDTH="16" VPOS="1891" HPOS="597"/>
                  <String HEIGHT="48"
                          WIDTH="143"
                          VPOS="1891"
                          HPOS="550"
                          CONTENT="visum"/>
                  <SP HEIGHT="48" WIDTH="16" VPOS="1891" HPOS="692"/>
                  <String HEIGHT="48"
                          WIDTH="238"
                          VPOS="1891"
                          HPOS="645"
                          CONTENT="indistincte"/>
                  <SP HEIGHT="48" WIDTH="16" VPOS="1891" HPOS="883"/>
                  <String HEIGHT="48" WIDTH="95" VPOS="1891" HPOS="835" CONTENT="et"/>
                  <SP HEIGHT="48" WIDTH="16" VPOS="1891" HPOS="930"/>
                  <String HEIGHT="48"
                          WIDTH="174"
                          VPOS="1891"
                          HPOS="883"
                          CONTENT="confuse"/>
                  <SP HEIGHT="48" WIDTH="16" VPOS="1891" HPOS="1057"/>
                  <String HEIGHT="48"
                          WIDTH="79"
                          VPOS="1891"
                          HPOS="994"
                          CONTENT="vi"
                          SUBS_TYPE="HypPart1"
                          SUBS_CONTENT="videntur:"/>
                  <HYP CONTENT="-"/>
               </TextLine>
               <TextLine ID="r1l93"
                         BASELINE="1986"
                         HEIGHT="63"
                         WIDTH="776"
                         VPOS="1923"
                         HPOS="282">
                  <String HEIGHT="63"
                          WIDTH="158"
                          VPOS="1923"
                          HPOS="268"
                          CONTENT="dentur:"
                          SUBS_TYPE="HypPart2"
                          SUBS_CONTENT="videntur:"/>
                  <SP HEIGHT="63" WIDTH="14" VPOS="1923" HPOS="426"/>
                  <String HEIGHT="63"
                          WIDTH="115"
                          VPOS="1923"
                          HPOS="383"
                          CONTENT="quia"/>
                  <SP HEIGHT="63" WIDTH="14" VPOS="1923" HPOS="498"/>
                  <String HEIGHT="63" WIDTH="86" VPOS="1923" HPOS="454" CONTENT="si"/>
                  <SP HEIGHT="63" WIDTH="14" VPOS="1923" HPOS="541"/>
                  <String HEIGHT="63"
                          WIDTH="129"
                          VPOS="1923"
                          HPOS="498"
                          CONTENT="lumen"/>
                  <SP HEIGHT="63" WIDTH="14" VPOS="1923" HPOS="627"/>
                  <String HEIGHT="63"
                          WIDTH="244"
                          VPOS="1923"
                          HPOS="584"
                          CONTENT="multiplicetur"/>
                  <SP HEIGHT="63" WIDTH="14" VPOS="1923" HPOS="828"/>
                  <String HEIGHT="63"
                          WIDTH="101"
                          VPOS="1923"
                          HPOS="785"
                          CONTENT="per"/>
                  <SP HEIGHT="63" WIDTH="14" VPOS="1923" HPOS="886"/>
                  <String HEIGHT="63"
                          WIDTH="144"
                          VPOS="1923"
                          HPOS="842"
                          CONTENT="vitrum"/>
                  <SP HEIGHT="63" WIDTH="14" VPOS="1923" HPOS="986"/>
                  <String HEIGHT="63"
                          WIDTH="129"
                          VPOS="1923"
                          HPOS="929"
                          CONTENT="croceum"/>
               </TextLine>
               <TextLine ID="r1l95"
                         BASELINE="2023"
                         HEIGHT="60"
                         WIDTH="785"
                         VPOS="1963"
                         HPOS="274">
                  <String HEIGHT="60" WIDTH="94" VPOS="1963" HPOS="258" CONTENT="et"/>
                  <SP HEIGHT="60" WIDTH="16" VPOS="1963" HPOS="353"/>
                  <String HEIGHT="60"
                          WIDTH="110"
                          VPOS="1963"
                          HPOS="305"
                          CONTENT="per"/>
                  <SP HEIGHT="60" WIDTH="16" VPOS="1963" HPOS="415"/>
                  <String HEIGHT="60"
                          WIDTH="157"
                          VPOS="1963"
                          HPOS="368"
                          CONTENT="vitrum"/>
                  <SP HEIGHT="60" WIDTH="16" VPOS="1963" HPOS="525"/>
                  <String HEIGHT="60"
                          WIDTH="173"
                          VPOS="1963"
                          HPOS="478"
                          CONTENT="blaueum"/>
                  <SP HEIGHT="60" WIDTH="16" VPOS="1963" HPOS="651"/>
                  <String HEIGHT="60"
                          WIDTH="126"
                          VPOS="1963"
                          HPOS="604"
                          CONTENT="sibi"/>
                  <SP HEIGHT="60" WIDTH="16" VPOS="1963" HPOS="729"/>
                  <String HEIGHT="60"
                          WIDTH="173"
                          VPOS="1963"
                          HPOS="682"
                          CONTENT="inuicem"/>
                  <SP HEIGHT="60" WIDTH="16" VPOS="1963" HPOS="855"/>
                  <String HEIGHT="60"
                          WIDTH="204"
                          VPOS="1963"
                          HPOS="808"
                          CONTENT="supposita"/>
                  <SP HEIGHT="60" WIDTH="16" VPOS="1963" HPOS="1012"/>
                  <String HEIGHT="60"
                          WIDTH="110"
                          VPOS="1963"
                          HPOS="949"
                          CONTENT="totur"/>
               </TextLine>
               <TextLine ID="r1l97"
                         BASELINE="2055"
                         HEIGHT="54"
                         WIDTH="782"
                         VPOS="2001"
                         HPOS="282">
                  <String HEIGHT="54"
                          WIDTH="203"
                          VPOS="2001"
                          HPOS="266"
                          CONTENT="apparebit"/>
                  <SP HEIGHT="54" WIDTH="16" VPOS="2001" HPOS="470"/>
                  <String HEIGHT="54"
                          WIDTH="172"
                          VPOS="2001"
                          HPOS="423"
                          CONTENT="viride."/>
                  <SP HEIGHT="54" WIDTH="16" VPOS="2001" HPOS="595"/>
                  <String HEIGHT="54" WIDTH="94" VPOS="2001" HPOS="548" CONTENT="et"/>
                  <SP HEIGHT="54" WIDTH="16" VPOS="2001" HPOS="642"/>
                  <String HEIGHT="54"
                          WIDTH="141"
                          VPOS="2001"
                          HPOS="595"
                          CONTENT="niger"/>
                  <SP HEIGHT="54" WIDTH="16" VPOS="2001" HPOS="736"/>
                  <String HEIGHT="54"
                          WIDTH="141"
                          VPOS="2001"
                          HPOS="689"
                          CONTENT="carbo"/>
                  <SP HEIGHT="54" WIDTH="16" VPOS="2001" HPOS="829"/>
                  <String HEIGHT="54"
                          WIDTH="141"
                          VPOS="2001"
                          HPOS="782"
                          CONTENT="visus"/>
                  <SP HEIGHT="54" WIDTH="16" VPOS="2001" HPOS="923"/>
                  <String HEIGHT="54"
                          WIDTH="109"
                          VPOS="2001"
                          HPOS="876"
                          CONTENT="per"/>
                  <SP HEIGHT="54" WIDTH="16" VPOS="2001" HPOS="986"/>
                  <String HEIGHT="54"
                          WIDTH="141"
                          VPOS="2001"
                          HPOS="923"
                          CONTENT="flammam"/>
               </TextLine>
               <TextLine ID="r1l99"
                         BASELINE="2098"
                         HEIGHT="62"
                         WIDTH="789"
                         VPOS="2036"
                         HPOS="280">
                  <String HEIGHT="62"
                          WIDTH="174"
                          VPOS="2036"
                          HPOS="264"
                          CONTENT="apparet"/>
                  <SP HEIGHT="62" WIDTH="16" VPOS="2036" HPOS="438"/>
                  <String HEIGHT="62"
                          WIDTH="174"
                          VPOS="2036"
                          HPOS="390"
                          CONTENT="rubeus:"/>
                  <SP HEIGHT="62" WIDTH="16" VPOS="2036" HPOS="564"/>
                  <String HEIGHT="62" WIDTH="95" VPOS="2036" HPOS="517" CONTENT="et"/>
                  <SP HEIGHT="62" WIDTH="16" VPOS="2036" HPOS="611"/>
                  <String HEIGHT="62"
                          WIDTH="110"
                          VPOS="2036"
                          HPOS="564"
                          CONTENT="sol"/>
                  <SP HEIGHT="62" WIDTH="16" VPOS="2036" HPOS="675"/>
                  <String HEIGHT="62"
                          WIDTH="126"
                          VPOS="2036"
                          HPOS="627"
                          CONTENT="mane"/>
                  <SP HEIGHT="62" WIDTH="16" VPOS="2036" HPOS="753"/>
                  <String HEIGHT="62"
                          WIDTH="110"
                          VPOS="2036"
                          HPOS="706"
                          CONTENT="per"/>
                  <SP HEIGHT="62" WIDTH="16" VPOS="2036" HPOS="817"/>
                  <String HEIGHT="62"
                          WIDTH="174"
                          VPOS="2036"
                          HPOS="769"
                          CONTENT="grossos"/>
                  <SP HEIGHT="62" WIDTH="16" VPOS="2036" HPOS="943"/>
                  <String HEIGHT="62"
                          WIDTH="174"
                          VPOS="2036"
                          HPOS="895"
                          CONTENT="vapores"/>
                  <SP HEIGHT="62" WIDTH="16" VPOS="2036" HPOS="1069"/>
                  <String HEIGHT="62" WIDTH="63" VPOS="2036" HPOS="1006" CONTENT="ru"/>
               </TextLine>
               <TextLine ID="r1l101"
                         BASELINE="2123"
                         HEIGHT="52"
                         WIDTH="783"
                         VPOS="2071"
                         HPOS="274">
                  <String HEIGHT="52"
                          WIDTH="133"
                          VPOS="2071"
                          HPOS="257"
                          CONTENT="beus"/>
                  <SP HEIGHT="52" WIDTH="17" VPOS="2071" HPOS="391"/>
                  <String HEIGHT="52"
                          WIDTH="200"
                          VPOS="2071"
                          HPOS="341"
                          CONTENT="apparet."/>
                  <SP HEIGHT="52" WIDTH="17" VPOS="2071" HPOS="541"/>
                  <String HEIGHT="52" WIDTH="83" VPOS="2071" HPOS="491" CONTENT="⁋"/>
                  <SP HEIGHT="52" WIDTH="17" VPOS="2071" HPOS="574"/>
                  <String HEIGHT="52"
                          WIDTH="167"
                          VPOS="2071"
                          HPOS="524"
                          CONTENT="Contra"/>
                  <SP HEIGHT="52" WIDTH="17" VPOS="2071" HPOS="690"/>
                  <String HEIGHT="52"
                          WIDTH="200"
                          VPOS="2071"
                          HPOS="641"
                          CONTENT="secundam"/>
                  <SP HEIGHT="52" WIDTH="17" VPOS="2071" HPOS="840"/>
                  <String HEIGHT="52"
                          WIDTH="267"
                          VPOS="2071"
                          HPOS="790"
                          CONTENT="conclusionem"/>
                  <SP HEIGHT="52" WIDTH="17" VPOS="2071" HPOS="1057"/>
                  <String HEIGHT="52" WIDTH="67" VPOS="2071" HPOS="990" CONTENT="ar"/>
               </TextLine>
               <TextLine ID="r1l103"
                         BASELINE="2169"
                         HEIGHT="53"
                         WIDTH="783"
                         VPOS="2116"
                         HPOS="280">
                  <String HEIGHT="53"
                          WIDTH="148"
                          VPOS="2116"
                          HPOS="265"
                          CONTENT="guitur"/>
                  <SP HEIGHT="53" WIDTH="15" VPOS="2116" HPOS="413"/>
                  <String HEIGHT="53"
                          WIDTH="118"
                          VPOS="2116"
                          HPOS="369"
                          CONTENT="sic."/>
                  <SP HEIGHT="53" WIDTH="15" VPOS="2116" HPOS="487"/>
                  <String HEIGHT="53" WIDTH="89" VPOS="2116" HPOS="443" CONTENT="in"/>
                  <SP HEIGHT="53" WIDTH="15" VPOS="2116" HPOS="531"/>
                  <String HEIGHT="53"
                          WIDTH="118"
                          VPOS="2116"
                          HPOS="487"
                          CONTENT="aqua"/>
                  <SP HEIGHT="53" WIDTH="15" VPOS="2116" HPOS="605"/>
                  <String HEIGHT="53"
                          WIDTH="148"
                          VPOS="2116"
                          HPOS="561"
                          CONTENT="tepida"/>
                  <SP HEIGHT="53" WIDTH="15" VPOS="2116" HPOS="708"/>
                  <String HEIGHT="53"
                          WIDTH="118"
                          VPOS="2116"
                          HPOS="664"
                          CONTENT="sunt"/>
                  <SP HEIGHT="53" WIDTH="15" VPOS="2116" HPOS="782"/>
                  <String HEIGHT="53"
                          WIDTH="192"
                          VPOS="2116"
                          HPOS="738"
                          CONTENT="caliditas"/>
                  <SP HEIGHT="53" WIDTH="15" VPOS="2116" HPOS="930"/>
                  <String HEIGHT="53" WIDTH="89" VPOS="2116" HPOS="886" CONTENT="et"/>
                  <SP HEIGHT="53" WIDTH="15" VPOS="2116" HPOS="974"/>
                  <String HEIGHT="53"
                          WIDTH="148"
                          VPOS="2116"
                          HPOS="915"
                          CONTENT="frigidi"
                          SUBS_TYPE="HypPart1"
                          SUBS_CONTENT="frigiditas"/>
                  <HYP CONTENT="-"/>
               </TextLine>
               <TextLine ID="r1l105"
                         BASELINE="2204"
                         HEIGHT="53"
                         WIDTH="788"
                         VPOS="2151"
                         HPOS="276">
                  <String HEIGHT="53"
                          WIDTH="99"
                          VPOS="2151"
                          HPOS="262"
                          CONTENT="tas"
                          SUBS_TYPE="HypPart2"
                          SUBS_CONTENT="frigiditas"/>
                  <SP HEIGHT="53" WIDTH="14" VPOS="2151" HPOS="360"/>
                  <String HEIGHT="53"
                          WIDTH="141"
                          VPOS="2151"
                          HPOS="318"
                          CONTENT="simul:"/>
                  <SP HEIGHT="53" WIDTH="14" VPOS="2151" HPOS="459"/>
                  <String HEIGHT="53" WIDTH="99" VPOS="2151" HPOS="417" CONTENT="sed"/>
                  <SP HEIGHT="53" WIDTH="14" VPOS="2151" HPOS="515"/>
                  <String HEIGHT="53"
                          WIDTH="113"
                          VPOS="2151"
                          HPOS="473"
                          CONTENT="ille"/>
                  <SP HEIGHT="53" WIDTH="14" VPOS="2151" HPOS="586"/>
                  <String HEIGHT="53"
                          WIDTH="113"
                          VPOS="2151"
                          HPOS="543"
                          CONTENT="sunt"/>
                  <SP HEIGHT="53" WIDTH="14" VPOS="2151" HPOS="656"/>
                  <String HEIGHT="53"
                          WIDTH="197"
                          VPOS="2151"
                          HPOS="614"
                          CONTENT="qualitates"/>
                  <SP HEIGHT="53" WIDTH="14" VPOS="2151" HPOS="811"/>
                  <String HEIGHT="53"
                          WIDTH="197"
                          VPOS="2151"
                          HPOS="769"
                          CONTENT="contrarie."/>
                  <SP HEIGHT="53" WIDTH="14" VPOS="2151" HPOS="966"/>
                  <String HEIGHT="53"
                          WIDTH="113"
                          VPOS="2151"
                          HPOS="923"
                          CONTENT="ergo"/>
                  <SP HEIGHT="53" WIDTH="14" VPOS="2151" HPOS="1036"/>
                  <String HEIGHT="53"
                          WIDTH="84"
                          VPOS="2151"
                          HPOS="980"
                          CONTENT="qua"
                          SUBS_TYPE="HypPart1"
                          SUBS_CONTENT="qualitates"/>
                  <HYP CONTENT="-"/>
               </TextLine>
               <TextLine ID="r1l107"
                         BASELINE="2250"
                         HEIGHT="67"
                         WIDTH="797"
                         VPOS="2183"
                         HPOS="273">
                  <String HEIGHT="67"
                          WIDTH="154"
                          VPOS="2183"
                          HPOS="259"
                          CONTENT="litates"
                          SUBS_TYPE="HypPart2"
                          SUBS_CONTENT="qualitates"/>
                  <SP HEIGHT="67" WIDTH="14" VPOS="2183" HPOS="413"/>
                  <String HEIGHT="67"
                          WIDTH="182"
                          VPOS="2183"
                          HPOS="371"
                          CONTENT="contrarie"/>
                  <SP HEIGHT="67" WIDTH="14" VPOS="2183" HPOS="553"/>
                  <String HEIGHT="67" WIDTH="84" VPOS="2183" HPOS="511" CONTENT="se"/>
                  <SP HEIGHT="67" WIDTH="14" VPOS="2183" HPOS="595"/>
                  <String HEIGHT="67"
                          WIDTH="238"
                          VPOS="2183"
                          HPOS="553"
                          CONTENT="compatiuntur."/>
                  <SP HEIGHT="67" WIDTH="14" VPOS="2183" HPOS="790"/>
                  <String HEIGHT="67"
                          WIDTH="126"
                          VPOS="2183"
                          HPOS="748"
                          CONTENT="maior"/>
                  <SP HEIGHT="67" WIDTH="14" VPOS="2183" HPOS="874"/>
                  <String HEIGHT="67"
                          WIDTH="140"
                          VPOS="2183"
                          HPOS="832"
                          CONTENT="patet:"/>
                  <SP HEIGHT="67" WIDTH="14" VPOS="2183" HPOS="972"/>
                  <String HEIGHT="67"
                          WIDTH="112"
                          VPOS="2183"
                          HPOS="930"
                          CONTENT="quia"/>
                  <SP HEIGHT="67" WIDTH="14" VPOS="2183" HPOS="1042"/>
                  <String HEIGHT="67"
                          WIDTH="84"
                          VPOS="2183"
                          HPOS="986"
                          CONTENT="illa"/>
               </TextLine>
               <TextLine ID="r1l109"
                         BASELINE="2284"
                         HEIGHT="55"
                         WIDTH="786"
                         VPOS="2229"
                         HPOS="281">
                  <String HEIGHT="55"
                          WIDTH="123"
                          VPOS="2229"
                          HPOS="266"
                          CONTENT="aqua"/>
                  <SP HEIGHT="55" WIDTH="15" VPOS="2229" HPOS="389"/>
                  <String HEIGHT="55"
                          WIDTH="200"
                          VPOS="2229"
                          HPOS="343"
                          CONTENT="calefacit"/>
                  <SP HEIGHT="55" WIDTH="15" VPOS="2229" HPOS="543"/>
                  <String HEIGHT="55" WIDTH="92" VPOS="2229" HPOS="497" CONTENT="et"/>
                  <SP HEIGHT="55" WIDTH="15" VPOS="2229" HPOS="589"/>
                  <String HEIGHT="55"
                          WIDTH="231"
                          VPOS="2229"
                          HPOS="543"
                          CONTENT="frigefacit."/>
                  <SP HEIGHT="55" WIDTH="15" VPOS="2229" HPOS="774"/>
                  <String HEIGHT="55" WIDTH="77" VPOS="2229" HPOS="728" CONTENT="⁋"/>
                  <SP HEIGHT="55" WIDTH="15" VPOS="2229" HPOS="805"/>
                  <String HEIGHT="55"
                          WIDTH="108"
                          VPOS="2229"
                          HPOS="759"
                          CONTENT="Sed"/>
                  <SP HEIGHT="55" WIDTH="15" VPOS="2229" HPOS="867"/>
                  <String HEIGHT="55"
                          WIDTH="139"
                          VPOS="2229"
                          HPOS="820"
                          CONTENT="dices"/>
                  <SP HEIGHT="55" WIDTH="15" VPOS="2229" HPOS="959"/>
                  <String HEIGHT="55"
                          WIDTH="154"
                          VPOS="2229"
                          HPOS="913"
                          CONTENT="(sicut"/>
                  <SP HEIGHT="55" WIDTH="15" VPOS="2229" HPOS="1067"/>
                  <String HEIGHT="55" WIDTH="62" VPOS="2229" HPOS="1005" CONTENT="di"/>
               </TextLine>
               <TextLine ID="r1l111"
                         BASELINE="2322"
                         HEIGHT="58"
                         WIDTH="785"
                         VPOS="2264"
                         HPOS="273">
                  <String HEIGHT="58"
                          WIDTH="160"
                          VPOS="2264"
                          HPOS="257"
                          CONTENT="cendum"/>
                  <SP HEIGHT="58" WIDTH="16" VPOS="2264" HPOS="417"/>
                  <String HEIGHT="58"
                          WIDTH="128"
                          VPOS="2264"
                          HPOS="369"
                          CONTENT="est)"/>
                  <SP HEIGHT="58" WIDTH="16" VPOS="2264" HPOS="497"/>
                  <String HEIGHT="58"
                          WIDTH="128"
                          VPOS="2264"
                          HPOS="449"
                          CONTENT="aqua"/>
                  <SP HEIGHT="58" WIDTH="16" VPOS="2264" HPOS="577"/>
                  <String HEIGHT="58"
                          WIDTH="160"
                          VPOS="2264"
                          HPOS="529"
                          CONTENT="tepida"/>
                  <SP HEIGHT="58" WIDTH="16" VPOS="2264" HPOS="690"/>
                  <String HEIGHT="58"
                          WIDTH="144"
                          VPOS="2264"
                          HPOS="641"
                          CONTENT="habet"/>
                  <SP HEIGHT="58" WIDTH="16" VPOS="2264" HPOS="786"/>
                  <String HEIGHT="58"
                          WIDTH="160"
                          VPOS="2264"
                          HPOS="738"
                          CONTENT="frigus"/>
                  <SP HEIGHT="58" WIDTH="16" VPOS="2264" HPOS="898"/>
                  <String HEIGHT="58" WIDTH="96" VPOS="2264" HPOS="850" CONTENT="in"/>
                  <SP HEIGHT="58" WIDTH="16" VPOS="2264" HPOS="946"/>
                  <String HEIGHT="58"
                          WIDTH="112"
                          VPOS="2264"
                          HPOS="898"
                          CONTENT="vna"/>
                  <SP HEIGHT="58" WIDTH="16" VPOS="2264" HPOS="1010"/>
                  <String HEIGHT="58"
                          WIDTH="112"
                          VPOS="2264"
                          HPOS="946"
                          CONTENT="parte"/>
               </TextLine>
               <TextLine ID="r1l114"
                         BASELINE="2365"
                         HEIGHT="63"
                         WIDTH="782"
                         VPOS="2302"
                         HPOS="282">
                  <String HEIGHT="63" WIDTH="77" VPOS="2302" HPOS="269" CONTENT="et"/>
                  <SP HEIGHT="63" WIDTH="13" VPOS="2302" HPOS="346"/>
                  <String HEIGHT="63"
                          WIDTH="141"
                          VPOS="2302"
                          HPOS="308"
                          CONTENT="calorem"/>
                  <SP HEIGHT="63" WIDTH="13" VPOS="2302" HPOS="449"/>
                  <String HEIGHT="63" WIDTH="77" VPOS="2302" HPOS="410" CONTENT="in"/>
                  <SP HEIGHT="63" WIDTH="13" VPOS="2302" HPOS="487"/>
                  <String HEIGHT="63"
                          WIDTH="115"
                          VPOS="2302"
                          HPOS="449"
                          CONTENT="alia:"/>
                  <SP HEIGHT="63" WIDTH="13" VPOS="2302" HPOS="564"/>
                  <String HEIGHT="63" WIDTH="77" VPOS="2302" HPOS="526" CONTENT="et"/>
                  <SP HEIGHT="63" WIDTH="13" VPOS="2302" HPOS="602"/>
                  <String HEIGHT="63" WIDTH="90" VPOS="2302" HPOS="564" CONTENT="sic"/>
                  <SP HEIGHT="63" WIDTH="13" VPOS="2302" HPOS="654"/>
                  <String HEIGHT="63"
                          WIDTH="167"
                          VPOS="2302"
                          HPOS="615"
                          CONTENT="calefacit"/>
                  <SP HEIGHT="63" WIDTH="13" VPOS="2302" HPOS="782"/>
                  <String HEIGHT="63"
                          WIDTH="154"
                          VPOS="2302"
                          HPOS="744"
                          CONTENT="secundum"/>
                  <SP HEIGHT="63" WIDTH="13" VPOS="2302" HPOS="897"/>
                  <String HEIGHT="63"
                          WIDTH="103"
                          VPOS="2302"
                          HPOS="859"
                          CONTENT="vnam"/>
                  <SP HEIGHT="63" WIDTH="13" VPOS="2302" HPOS="961"/>
                  <String HEIGHT="63"
                          WIDTH="141"
                          VPOS="2302"
                          HPOS="923"
                          CONTENT="partem:"/>
                  <SP HEIGHT="63" WIDTH="13" VPOS="2302" HPOS="1064"/>
                  <String HEIGHT="63" WIDTH="51" VPOS="2302" HPOS="1013" CONTENT="et"/>
               </TextLine>
               <TextLine ID="r1l116"
                         BASELINE="2403"
                         HEIGHT="67"
                         WIDTH="782"
                         VPOS="2336"
                         HPOS="282">
                  <String HEIGHT="67"
                          WIDTH="203"
                          VPOS="2336"
                          HPOS="268"
                          CONTENT="frigefacit"/>
                  <SP HEIGHT="67" WIDTH="14" VPOS="2336" HPOS="470"/>
                  <String HEIGHT="67"
                          WIDTH="174"
                          VPOS="2336"
                          HPOS="427"
                          CONTENT="secundum"/>
                  <SP HEIGHT="67" WIDTH="14" VPOS="2336" HPOS="601"/>
                  <String HEIGHT="67"
                          WIDTH="145"
                          VPOS="2336"
                          HPOS="557"
                          CONTENT="aliam."/>
                  <SP HEIGHT="67" WIDTH="14" VPOS="2336" HPOS="702"/>
                  <String HEIGHT="67" WIDTH="72" VPOS="2336" HPOS="659" CONTENT="⁋"/>
                  <SP HEIGHT="67" WIDTH="14" VPOS="2336" HPOS="731"/>
                  <String HEIGHT="67"
                          WIDTH="101"
                          VPOS="2336"
                          HPOS="687"
                          CONTENT="Sed"/>
                  <SP HEIGHT="67" WIDTH="14" VPOS="2336" HPOS="789"/>
                  <String HEIGHT="67"
                          WIDTH="159"
                          VPOS="2336"
                          HPOS="745"
                          CONTENT="contra:"/>
                  <SP HEIGHT="67" WIDTH="14" VPOS="2336" HPOS="905"/>
                  <String HEIGHT="67"
                          WIDTH="174"
                          VPOS="2336"
                          HPOS="861"
                          CONTENT="quelibet"/>
                  <SP HEIGHT="67" WIDTH="14" VPOS="2336" HPOS="1035"/>
                  <String HEIGHT="67"
                          WIDTH="87"
                          VPOS="2336"
                          HPOS="977"
                          CONTENT="pars"/>
               </TextLine>
               <TextLine ID="r1l118"
                         BASELINE="2436"
                         HEIGHT="55"
                         WIDTH="791"
                         VPOS="2381"
                         HPOS="274">
                  <String HEIGHT="55"
                          WIDTH="122"
                          VPOS="2381"
                          HPOS="259"
                          CONTENT="aque"/>
                  <SP HEIGHT="55" WIDTH="15" VPOS="2381" HPOS="380"/>
                  <String HEIGHT="55"
                          WIDTH="152"
                          VPOS="2381"
                          HPOS="335"
                          CONTENT="tepide"/>
                  <SP HEIGHT="55" WIDTH="15" VPOS="2381" HPOS="487"/>
                  <String HEIGHT="55"
                          WIDTH="106"
                          VPOS="2381"
                          HPOS="441"
                          CONTENT="est"/>
                  <SP HEIGHT="55" WIDTH="15" VPOS="2381" HPOS="548"/>
                  <String HEIGHT="55"
                          WIDTH="167"
                          VPOS="2381"
                          HPOS="502"
                          CONTENT="tepida:"/>
                  <SP HEIGHT="55" WIDTH="15" VPOS="2381" HPOS="670"/>
                  <String HEIGHT="55"
                          WIDTH="122"
                          VPOS="2381"
                          HPOS="624"
                          CONTENT="ergo"/>
                  <SP HEIGHT="55" WIDTH="15" VPOS="2381" HPOS="746"/>
                  <String HEIGHT="55"
                          WIDTH="198"
                          VPOS="2381"
                          HPOS="700"
                          CONTENT="quacumque"/>
                  <SP HEIGHT="55" WIDTH="15" VPOS="2381" HPOS="898"/>
                  <String HEIGHT="55"
                          WIDTH="137"
                          VPOS="2381"
                          HPOS="852"
                          CONTENT="parte"/>
                  <SP HEIGHT="55" WIDTH="15" VPOS="2381" HPOS="989"/>
                  <String HEIGHT="55"
                          WIDTH="122"
                          VPOS="2381"
                          HPOS="943"
                          CONTENT="data"/>
                  <SP HEIGHT="55" WIDTH="15" VPOS="2381" HPOS="1065"/>
                  <String HEIGHT="55" WIDTH="61" VPOS="2381" HPOS="1004" CONTENT="in"/>
               </TextLine>
               <TextLine ID="r1l120"
                         BASELINE="2478"
                         HEIGHT="63"
                         WIDTH="779"
                         VPOS="2415"
                         HPOS="279">
                  <String HEIGHT="63"
                          WIDTH="105"
                          VPOS="2415"
                          HPOS="264"
                          CONTENT="qua"/>
                  <SP HEIGHT="63" WIDTH="15" VPOS="2415" HPOS="369"/>
                  <String HEIGHT="63"
                          WIDTH="120"
                          VPOS="2415"
                          HPOS="324"
                          CONTENT="erit"/>
                  <SP HEIGHT="63" WIDTH="15" VPOS="2415" HPOS="444"/>
                  <String HEIGHT="63"
                          WIDTH="210"
                          VPOS="2415"
                          HPOS="399"
                          CONTENT="caliditas:"/>
                  <SP HEIGHT="63" WIDTH="15" VPOS="2415" HPOS="609"/>
                  <String HEIGHT="63" WIDTH="90" VPOS="2415" HPOS="564" CONTENT="in"/>
                  <SP HEIGHT="63" WIDTH="15" VPOS="2415" HPOS="654"/>
                  <String HEIGHT="63"
                          WIDTH="135"
                          VPOS="2415"
                          HPOS="609"
                          CONTENT="eadem"/>
                  <SP HEIGHT="63" WIDTH="15" VPOS="2415" HPOS="743"/>
                  <String HEIGHT="63"
                          WIDTH="120"
                          VPOS="2415"
                          HPOS="698"
                          CONTENT="erit"/>
                  <SP HEIGHT="63" WIDTH="15" VPOS="2415" HPOS="818"/>
                  <String HEIGHT="63"
                          WIDTH="225"
                          VPOS="2415"
                          HPOS="773"
                          CONTENT="frigiditas."/>
                  <SP HEIGHT="63" WIDTH="15" VPOS="2415" HPOS="998"/>
                  <String HEIGHT="63" WIDTH="75" VPOS="2415" HPOS="953" CONTENT="⁋"/>
                  <SP HEIGHT="63" WIDTH="15" VPOS="2415" HPOS="1028"/>
                  <String HEIGHT="63"
                          WIDTH="90"
                          VPOS="2415"
                          HPOS="968"
                          CONTENT="Ulte"/>
               </TextLine>
               <TextLine ID="r1l122"
                         BASELINE="2516"
                         HEIGHT="61"
                         WIDTH="771"
                         VPOS="2455"
                         HPOS="284">
                  <String HEIGHT="61"
                          WIDTH="119"
                          VPOS="2455"
                          HPOS="269"
                          CONTENT="rius"/>
                  <SP HEIGHT="61" WIDTH="15" VPOS="2455" HPOS="388"/>
                  <String HEIGHT="61"
                          WIDTH="119"
                          VPOS="2455"
                          HPOS="343"
                          CONTENT="pono"/>
                  <SP HEIGHT="61" WIDTH="15" VPOS="2455" HPOS="462"/>
                  <String HEIGHT="61"
                          WIDTH="119"
                          VPOS="2455"
                          HPOS="417"
                          CONTENT="quod"/>
                  <SP HEIGHT="61" WIDTH="15" VPOS="2455" HPOS="536"/>
                  <String HEIGHT="61"
                          WIDTH="119"
                          VPOS="2455"
                          HPOS="492"
                          CONTENT="aqua"/>
                  <SP HEIGHT="61" WIDTH="15" VPOS="2455" HPOS="610"/>
                  <String HEIGHT="61"
                          WIDTH="148"
                          VPOS="2455"
                          HPOS="566"
                          CONTENT="fuerit"/>
                  <SP HEIGHT="61" WIDTH="15" VPOS="2455" HPOS="714"/>
                  <String HEIGHT="61"
                          WIDTH="148"
                          VPOS="2455"
                          HPOS="670"
                          CONTENT="calida"/>
                  <SP HEIGHT="61" WIDTH="15" VPOS="2455" HPOS="818"/>
                  <String HEIGHT="61" WIDTH="89" VPOS="2455" HPOS="773" CONTENT="in"/>
                  <SP HEIGHT="61" WIDTH="15" VPOS="2455" HPOS="862"/>
                  <String HEIGHT="61"
                          WIDTH="148"
                          VPOS="2455"
                          HPOS="818"
                          CONTENT="summo:"/>
                  <SP HEIGHT="61" WIDTH="15" VPOS="2455" HPOS="966"/>
                  <String HEIGHT="61" WIDTH="89" VPOS="2455" HPOS="922" CONTENT="et"/>
                  <SP HEIGHT="61" WIDTH="15" VPOS="2455" HPOS="1011"/>
                  <String HEIGHT="61"
                          WIDTH="104"
                          VPOS="2455"
                          HPOS="951"
                          CONTENT="remo"
                          SUBS_TYPE="HypPart1"
                          SUBS_CONTENT="remoueatur"/>
                  <HYP CONTENT="-"/>
               </TextLine>
               <TextLine ID="r1l124"
                         BASELINE="2555"
                         HEIGHT="62"
                         WIDTH="773"
                         VPOS="2493"
                         HPOS="285">
                  <String HEIGHT="62"
                          WIDTH="158"
                          VPOS="2493"
                          HPOS="269"
                          CONTENT="ueatur"
                          SUBS_TYPE="HypPart2"
                          SUBS_CONTENT="remoueatur"/>
                  <SP HEIGHT="62" WIDTH="16" VPOS="2493" HPOS="427"/>
                  <String HEIGHT="62" WIDTH="95" VPOS="2493" HPOS="380" CONTENT="ab"/>
                  <SP HEIGHT="62" WIDTH="16" VPOS="2493" HPOS="474"/>
                  <String HEIGHT="62"
                          WIDTH="142"
                          VPOS="2493"
                          HPOS="427"
                          CONTENT="igne:"/>
                  <SP HEIGHT="62" WIDTH="16" VPOS="2493" HPOS="569"/>
                  <String HEIGHT="62"
                          WIDTH="110"
                          VPOS="2493"
                          HPOS="522"
                          CONTENT="iam"/>
                  <SP HEIGHT="62" WIDTH="16" VPOS="2493" HPOS="632"/>
                  <String HEIGHT="62"
                          WIDTH="142"
                          VPOS="2493"
                          HPOS="585"
                          CONTENT="calor"/>
                  <SP HEIGHT="62" WIDTH="16" VPOS="2493" HPOS="727"/>
                  <String HEIGHT="62"
                          WIDTH="237"
                          VPOS="2493"
                          HPOS="679"
                          CONTENT="vniformiter"/>
                  <SP HEIGHT="62" WIDTH="16" VPOS="2493" HPOS="916"/>
                  <String HEIGHT="62"
                          WIDTH="205"
                          VPOS="2493"
                          HPOS="853"
                          CONTENT="corrumpetur"/>
               </TextLine>
               <TextLine ID="r1l126"
                         BASELINE="2581"
                         HEIGHT="51"
                         WIDTH="782"
                         VPOS="2530"
                         HPOS="281">
                  <String HEIGHT="51" WIDTH="77" VPOS="2530" HPOS="266" CONTENT="a"/>
                  <SP HEIGHT="51" WIDTH="15" VPOS="2530" HPOS="342"/>
                  <String HEIGHT="51"
                          WIDTH="138"
                          VPOS="2530"
                          HPOS="296"
                          CONTENT="forma"/>
                  <SP HEIGHT="51" WIDTH="15" VPOS="2530" HPOS="434"/>
                  <String HEIGHT="51"
                          WIDTH="245"
                          VPOS="2530"
                          HPOS="388"
                          CONTENT="substantiali"/>
                  <SP HEIGHT="51" WIDTH="15" VPOS="2530" HPOS="634"/>
                  <String HEIGHT="51"
                          WIDTH="138"
                          VPOS="2530"
                          HPOS="588"
                          CONTENT="aque:"/>
                  <SP HEIGHT="51" WIDTH="15" VPOS="2530" HPOS="726"/>
                  <String HEIGHT="51"
                          WIDTH="123"
                          VPOS="2530"
                          HPOS="680"
                          CONTENT="ergo"/>
                  <SP HEIGHT="51" WIDTH="15" VPOS="2530" HPOS="802"/>
                  <String HEIGHT="51" WIDTH="92" VPOS="2530" HPOS="756" CONTENT="in"/>
                  <SP HEIGHT="51" WIDTH="15" VPOS="2530" HPOS="848"/>
                  <String HEIGHT="51"
                          WIDTH="138"
                          VPOS="2530"
                          HPOS="802"
                          CONTENT="nulla"/>
                  <SP HEIGHT="51" WIDTH="15" VPOS="2530" HPOS="940"/>
                  <String HEIGHT="51"
                          WIDTH="138"
                          VPOS="2530"
                          HPOS="894"
                          CONTENT="parte"/>
                  <SP HEIGHT="51" WIDTH="15" VPOS="2530" HPOS="1032"/>
                  <String HEIGHT="51"
                          WIDTH="92"
                          VPOS="2530"
                          HPOS="971"
                          CONTENT="erit"/>
               </TextLine>
               <TextLine ID="r1l128"
                         BASELINE="2633"
                         HEIGHT="75"
                         WIDTH="781"
                         VPOS="2558"
                         HPOS="286">
                  <String HEIGHT="75"
                          WIDTH="213"
                          VPOS="2558"
                          HPOS="272"
                          CONTENT="frigiditas."/>
                  <SP HEIGHT="75" WIDTH="14" VPOS="2558" HPOS="485"/>
                  <String HEIGHT="75" WIDTH="85" VPOS="2558" HPOS="442" CONTENT="et"/>
                  <SP HEIGHT="75" WIDTH="14" VPOS="2558" HPOS="527"/>
                  <String HEIGHT="75"
                          WIDTH="128"
                          VPOS="2558"
                          HPOS="485"
                          CONTENT="tamen"/>
                  <SP HEIGHT="75" WIDTH="14" VPOS="2558" HPOS="613"/>
                  <String HEIGHT="75"
                          WIDTH="114"
                          VPOS="2558"
                          HPOS="570"
                          CONTENT="ipse"/>
                  <SP HEIGHT="75" WIDTH="14" VPOS="2558" HPOS="684"/>
                  <String HEIGHT="75"
                          WIDTH="128"
                          VPOS="2558"
                          HPOS="641"
                          CONTENT="adhuc"/>
                  <SP HEIGHT="75" WIDTH="14" VPOS="2558" HPOS="769"/>
                  <String HEIGHT="75"
                          WIDTH="199"
                          VPOS="2558"
                          HPOS="726"
                          CONTENT="calefacit:"/>
                  <SP HEIGHT="75" WIDTH="14" VPOS="2558" HPOS="925"/>
                  <String HEIGHT="75"
                          WIDTH="114"
                          VPOS="2558"
                          HPOS="882"
                          CONTENT="quia"/>
                  <SP HEIGHT="75" WIDTH="14" VPOS="2558" HPOS="996"/>
                  <String HEIGHT="75" WIDTH="99" VPOS="2558" HPOS="953" CONTENT="ibi"/>
                  <SP HEIGHT="75" WIDTH="14" VPOS="2558" HPOS="1053"/>
                  <String HEIGHT="75" WIDTH="71" VPOS="2558" HPOS="996" CONTENT="est"/>
               </TextLine>
               <TextLine ID="r1l130"
                         BASELINE="2665"
                         HEIGHT="62"
                         WIDTH="772"
                         VPOS="2603"
                         HPOS="285">
                  <String HEIGHT="62"
                          WIDTH="143"
                          VPOS="2603"
                          HPOS="271"
                          CONTENT="calor."/>
                  <SP HEIGHT="62" WIDTH="14" VPOS="2603" HPOS="414"/>
                  <String HEIGHT="62" WIDTH="86" VPOS="2603" HPOS="371" CONTENT="et"/>
                  <SP HEIGHT="62" WIDTH="14" VPOS="2603" HPOS="457"/>
                  <String HEIGHT="62"
                          WIDTH="200"
                          VPOS="2603"
                          HPOS="414"
                          CONTENT="frigefacit"/>
                  <SP HEIGHT="62" WIDTH="14" VPOS="2603" HPOS="614"/>
                  <String HEIGHT="62"
                          WIDTH="129"
                          VPOS="2603"
                          HPOS="571"
                          CONTENT="aquam"/>
                  <SP HEIGHT="62" WIDTH="14" VPOS="2603" HPOS="700"/>
                  <String HEIGHT="62"
                          WIDTH="214"
                          VPOS="2603"
                          HPOS="657"
                          CONTENT="ebullientem"/>
                  <SP HEIGHT="62" WIDTH="14" VPOS="2603" HPOS="871"/>
                  <String HEIGHT="62" WIDTH="86" VPOS="2603" HPOS="828" CONTENT="si"/>
                  <SP HEIGHT="62" WIDTH="14" VPOS="2603" HPOS="914"/>
                  <String HEIGHT="62"
                          WIDTH="100"
                          VPOS="2603"
                          HPOS="871"
                          CONTENT="cum"/>
                  <SP HEIGHT="62" WIDTH="14" VPOS="2603" HPOS="971"/>
                  <String HEIGHT="62"
                          WIDTH="100"
                          VPOS="2603"
                          HPOS="928"
                          CONTENT="eam"/>
                  <SP HEIGHT="62" WIDTH="14" VPOS="2603" HPOS="1028"/>
                  <String HEIGHT="62"
                          WIDTH="86"
                          VPOS="2603"
                          HPOS="971"
                          CONTENT="com"
                          SUBS_TYPE="HypPart1"
                          SUBS_CONTENT="commisceatur."/>
                  <HYP CONTENT="-"/>
               </TextLine>
               <TextLine ID="r1l132"
                         BASELINE="2719"
                         HEIGHT="84"
                         WIDTH="785"
                         VPOS="2635"
                         HPOS="279">
                  <String HEIGHT="84"
                          WIDTH="220"
                          VPOS="2635"
                          HPOS="263"
                          CONTENT="misceatur."
                          SUBS_TYPE="HypPart2"
                          SUBS_CONTENT="commisceatur."/>
                  <SP HEIGHT="84" WIDTH="16" VPOS="2635" HPOS="483"/>
                  <String HEIGHT="84"
                          WIDTH="126"
                          VPOS="2635"
                          HPOS="436"
                          CONTENT="ergo"/>
                  <SP HEIGHT="84" WIDTH="16" VPOS="2635" HPOS="562"/>
                  <String HEIGHT="84"
                          WIDTH="173"
                          VPOS="2635"
                          HPOS="515"
                          CONTENT="necesse"/>
                  <SP HEIGHT="84" WIDTH="16" VPOS="2635" HPOS="687"/>
                  <String HEIGHT="84"
                          WIDTH="110"
                          VPOS="2635"
                          HPOS="640"
                          CONTENT="est"/>
                  <SP HEIGHT="84" WIDTH="16" VPOS="2635" HPOS="750"/>
                  <String HEIGHT="84"
                          WIDTH="110"
                          VPOS="2635"
                          HPOS="703"
                          CONTENT="ibi"/>
                  <SP HEIGHT="84" WIDTH="16" VPOS="2635" HPOS="813"/>
                  <String HEIGHT="84"
                          WIDTH="126"
                          VPOS="2635"
                          HPOS="766"
                          CONTENT="dare"/>
                  <SP HEIGHT="84" WIDTH="16" VPOS="2635" HPOS="891"/>
                  <String HEIGHT="84"
                          WIDTH="236"
                          VPOS="2635"
                          HPOS="829"
                          CONTENT="frigiditatem."/>
               </TextLine>
            </TextBlock>
            <TextBlock ID="TextRegion_1595517866448_149"
                       HEIGHT="2538"
                       WIDTH="854"
                       VPOS="175"
                       HPOS="1117">
               <Shape>
                  <Polygon POINTS="1117,175 1971,175 1971,235 1951,1520 1932,2713 1117,2713"/>
               </Shape>
               <TextLine ID="r1l4"
                         BASELINE="288"
                         HEIGHT="58"
                         WIDTH="791"
                         VPOS="230"
                         HPOS="1170">
                  <String HEIGHT="58" WIDTH="81" VPOS="230" HPOS="1154" CONTENT="⁋"/>
                  <SP HEIGHT="58" WIDTH="16" VPOS="230" HPOS="1235"/>
                  <String HEIGHT="58"
                          WIDTH="258"
                          VPOS="230"
                          HPOS="1186"
                          CONTENT="Respondetur."/>
                  <SP HEIGHT="58" WIDTH="16" VPOS="230" HPOS="1444"/>
                  <String HEIGHT="58"
                          WIDTH="178"
                          VPOS="230"
                          HPOS="1396"
                          CONTENT="negando"/>
                  <SP HEIGHT="58" WIDTH="16" VPOS="230" HPOS="1574"/>
                  <String HEIGHT="58"
                          WIDTH="129"
                          VPOS="230"
                          HPOS="1525"
                          CONTENT="quod"/>
                  <SP HEIGHT="58" WIDTH="16" VPOS="230" HPOS="1654"/>
                  <String HEIGHT="58"
                          WIDTH="194"
                          VPOS="230"
                          HPOS="1606"
                          CONTENT="quelibet"/>
                  <SP HEIGHT="58" WIDTH="16" VPOS="230" HPOS="1800"/>
                  <String HEIGHT="58"
                          WIDTH="129"
                          VPOS="230"
                          HPOS="1751"
                          CONTENT="pars"/>
                  <SP HEIGHT="58" WIDTH="16" VPOS="230" HPOS="1880"/>
                  <String HEIGHT="58"
                          WIDTH="129"
                          VPOS="230"
                          HPOS="1832"
                          CONTENT="aque"/>
                  <SP HEIGHT="58" WIDTH="16" VPOS="230" HPOS="1961"/>
                  <String HEIGHT="58" WIDTH="65" VPOS="230" HPOS="1896" CONTENT="te"/>
               </TextLine>
               <TextLine ID="r1l6"
                         BASELINE="333"
                         HEIGHT="58"
                         WIDTH="785"
                         VPOS="275"
                         HPOS="1170">
                  <String HEIGHT="58"
                          WIDTH="126"
                          VPOS="275"
                          HPOS="1154"
                          CONTENT="pide"/>
                  <SP HEIGHT="58" WIDTH="16" VPOS="275" HPOS="1280"/>
                  <String HEIGHT="58"
                          WIDTH="110"
                          VPOS="275"
                          HPOS="1233"
                          CONTENT="sit"/>
                  <SP HEIGHT="58" WIDTH="16" VPOS="275" HPOS="1343"/>
                  <String HEIGHT="58"
                          WIDTH="173"
                          VPOS="275"
                          HPOS="1296"
                          CONTENT="tepida:"/>
                  <SP HEIGHT="58" WIDTH="16" VPOS="275" HPOS="1468"/>
                  <String HEIGHT="58"
                          WIDTH="188"
                          VPOS="275"
                          HPOS="1421"
                          CONTENT="capiendo"/>
                  <SP HEIGHT="58" WIDTH="16" VPOS="275" HPOS="1610"/>
                  <String HEIGHT="58"
                          WIDTH="236"
                          VPOS="275"
                          HPOS="1563"
                          CONTENT="tepiditatem"/>
                  <SP HEIGHT="58" WIDTH="16" VPOS="275" HPOS="1798"/>
                  <String HEIGHT="58"
                          WIDTH="110"
                          VPOS="275"
                          HPOS="1751"
                          CONTENT="pro"/>
                  <SP HEIGHT="58" WIDTH="16" VPOS="275" HPOS="1861"/>
                  <String HEIGHT="58"
                          WIDTH="157"
                          VPOS="275"
                          HPOS="1798"
                          CONTENT="congerie"/>
               </TextLine>
               <TextLine ID="r1l8"
                         BASELINE="371"
                         HEIGHT="55"
                         WIDTH="798"
                         VPOS="316"
                         HPOS="1162">
                  <String HEIGHT="55"
                          WIDTH="218"
                          VPOS="316"
                          HPOS="1147"
                          CONTENT="caliditatis"/>
                  <SP HEIGHT="55" WIDTH="15" VPOS="316" HPOS="1365"/>
                  <String HEIGHT="55" WIDTH="87" VPOS="316" HPOS="1322" CONTENT="et"/>
                  <SP HEIGHT="55" WIDTH="15" VPOS="316" HPOS="1409"/>
                  <String HEIGHT="55"
                          WIDTH="247"
                          VPOS="316"
                          HPOS="1365"
                          CONTENT="frigiditatis:"/>
                  <SP HEIGHT="55" WIDTH="15" VPOS="316" HPOS="1612"/>
                  <String HEIGHT="55"
                          WIDTH="145"
                          VPOS="316"
                          HPOS="1568"
                          CONTENT="aliqua"/>
                  <SP HEIGHT="55" WIDTH="15" VPOS="316" HPOS="1713"/>
                  <String HEIGHT="55"
                          WIDTH="116"
                          VPOS="316"
                          HPOS="1670"
                          CONTENT="enim"/>
                  <SP HEIGHT="55" WIDTH="15" VPOS="316" HPOS="1786"/>
                  <String HEIGHT="55"
                          WIDTH="116"
                          VPOS="316"
                          HPOS="1742"
                          CONTENT="pars"/>
                  <SP HEIGHT="55" WIDTH="15" VPOS="316" HPOS="1858"/>
                  <String HEIGHT="55"
                          WIDTH="102"
                          VPOS="316"
                          HPOS="1815"
                          CONTENT="est"/>
                  <SP HEIGHT="55" WIDTH="15" VPOS="316" HPOS="1916"/>
                  <String HEIGHT="55"
                          WIDTH="102"
                          VPOS="316"
                          HPOS="1858"
                          CONTENT="cali"
                          SUBS_TYPE="HypPart1"
                          SUBS_CONTENT="calida"/>
                  <HYP CONTENT="-"/>
               </TextLine>
               <TextLine ID="r1l10"
                         BASELINE="409"
                         HEIGHT="58"
                         WIDTH="785"
                         VPOS="351"
                         HPOS="1167">
                  <String HEIGHT="58"
                          WIDTH="96"
                          VPOS="351"
                          HPOS="1151"
                          CONTENT="da"
                          SUBS_TYPE="HypPart2"
                          SUBS_CONTENT="calida"/>
                  <SP HEIGHT="58" WIDTH="16" VPOS="351" HPOS="1247"/>
                  <String HEIGHT="58"
                          WIDTH="192"
                          VPOS="351"
                          HPOS="1199"
                          CONTENT="secundum"/>
                  <SP HEIGHT="58" WIDTH="16" VPOS="351" HPOS="1391"/>
                  <String HEIGHT="58" WIDTH="96" VPOS="351" HPOS="1343" CONTENT="se"/>
                  <SP HEIGHT="58" WIDTH="16" VPOS="351" HPOS="1439"/>
                  <String HEIGHT="58"
                          WIDTH="144"
                          VPOS="351"
                          HPOS="1391"
                          CONTENT="totam"/>
                  <SP HEIGHT="58" WIDTH="16" VPOS="351" HPOS="1535"/>
                  <String HEIGHT="58"
                          WIDTH="352"
                          VPOS="351"
                          HPOS="1487"
                          CONTENT="syncategorematice:"/>
                  <SP HEIGHT="58" WIDTH="16" VPOS="351" HPOS="1840"/>
                  <String HEIGHT="58"
                          WIDTH="176"
                          VPOS="351"
                          HPOS="1776"
                          CONTENT="identidem"/>
               </TextLine>
               <TextLine ID="r1l12"
                         BASELINE="451"
                         HEIGHT="65"
                         WIDTH="793"
                         VPOS="386"
                         HPOS="1171">
                  <String HEIGHT="65"
                          WIDTH="144"
                          VPOS="386"
                          HPOS="1157"
                          CONTENT="aliqua"/>
                  <SP HEIGHT="65" WIDTH="14" VPOS="386" HPOS="1301"/>
                  <String HEIGHT="65"
                          WIDTH="115"
                          VPOS="386"
                          HPOS="1258"
                          CONTENT="pars"/>
                  <SP HEIGHT="65" WIDTH="14" VPOS="386" HPOS="1373"/>
                  <String HEIGHT="65"
                          WIDTH="144"
                          VPOS="386"
                          HPOS="1330"
                          CONTENT="minuta"/>
                  <SP HEIGHT="65" WIDTH="14" VPOS="386" HPOS="1474"/>
                  <String HEIGHT="65"
                          WIDTH="101"
                          VPOS="386"
                          HPOS="1431"
                          CONTENT="est"/>
                  <SP HEIGHT="65" WIDTH="14" VPOS="386" HPOS="1531"/>
                  <String HEIGHT="65"
                          WIDTH="159"
                          VPOS="386"
                          HPOS="1488"
                          CONTENT="frigida"/>
                  <SP HEIGHT="65" WIDTH="14" VPOS="386" HPOS="1647"/>
                  <String HEIGHT="65"
                          WIDTH="173"
                          VPOS="386"
                          HPOS="1604"
                          CONTENT="secundum"/>
                  <SP HEIGHT="65" WIDTH="14" VPOS="386" HPOS="1777"/>
                  <String HEIGHT="65" WIDTH="87" VPOS="386" HPOS="1733" CONTENT="se"/>
                  <SP HEIGHT="65" WIDTH="14" VPOS="386" HPOS="1820"/>
                  <String HEIGHT="65"
                          WIDTH="144"
                          VPOS="386"
                          HPOS="1777"
                          CONTENT="totam:"/>
                  <SP HEIGHT="65" WIDTH="14" VPOS="386" HPOS="1921"/>
                  <String HEIGHT="65" WIDTH="87" VPOS="386" HPOS="1877" CONTENT="et"/>
                  <SP HEIGHT="65" WIDTH="14" VPOS="386" HPOS="1964"/>
                  <String HEIGHT="65" WIDTH="58" VPOS="386" HPOS="1906" CONTENT="bi"/>
               </TextLine>
               <TextLine ID="r1l14"
                         BASELINE="487"
                         HEIGHT="58"
                         WIDTH="785"
                         VPOS="429"
                         HPOS="1167">
                  <String HEIGHT="58"
                          WIDTH="157"
                          VPOS="429"
                          HPOS="1151"
                          CONTENT="narius"/>
                  <SP HEIGHT="58" WIDTH="16" VPOS="429" HPOS="1308"/>
                  <String HEIGHT="58"
                          WIDTH="110"
                          VPOS="429"
                          HPOS="1261"
                          CONTENT="est"/>
                  <SP HEIGHT="58" WIDTH="16" VPOS="429" HPOS="1371"/>
                  <String HEIGHT="58"
                          WIDTH="173"
                          VPOS="429"
                          HPOS="1324"
                          CONTENT="tepidus"/>
                  <SP HEIGHT="58" WIDTH="16" VPOS="429" HPOS="1497"/>
                  <String HEIGHT="58"
                          WIDTH="126"
                          VPOS="429"
                          HPOS="1450"
                          CONTENT="tali"/>
                  <SP HEIGHT="58" WIDTH="16" VPOS="429" HPOS="1575"/>
                  <String HEIGHT="58"
                          WIDTH="236"
                          VPOS="429"
                          HPOS="1528"
                          CONTENT="tepiditate."/>
                  <SP HEIGHT="58" WIDTH="16" VPOS="429" HPOS="1764"/>
                  <String HEIGHT="58" WIDTH="79" VPOS="429" HPOS="1717" CONTENT="⁋"/>
                  <SP HEIGHT="58" WIDTH="16" VPOS="429" HPOS="1795"/>
                  <String HEIGHT="58" WIDTH="94" VPOS="429" HPOS="1748" CONTENT="Ad"/>
                  <SP HEIGHT="58" WIDTH="16" VPOS="429" HPOS="1842"/>
                  <String HEIGHT="58"
                          WIDTH="141"
                          VPOS="429"
                          HPOS="1795"
                          CONTENT="aliud"/>
                  <SP HEIGHT="58" WIDTH="16" VPOS="429" HPOS="1936"/>
                  <String HEIGHT="58"
                          WIDTH="79"
                          VPOS="429"
                          HPOS="1874"
                          CONTENT="ne"
                          SUBS_TYPE="HypPart1"
                          SUBS_CONTENT="nego:"/>
                  <HYP CONTENT="-"/>
               </TextLine>
               <TextLine ID="r1l16"
                         BASELINE="521"
                         HEIGHT="52"
                         WIDTH="795"
                         VPOS="469"
                         HPOS="1168">
                  <String HEIGHT="52"
                          WIDTH="103"
                          VPOS="469"
                          HPOS="1153"
                          CONTENT="go:"
                          SUBS_TYPE="HypPart2"
                          SUBS_CONTENT="nego:"/>
                  <SP HEIGHT="52" WIDTH="15" VPOS="469" HPOS="1256"/>
                  <String HEIGHT="52"
                          WIDTH="118"
                          VPOS="469"
                          HPOS="1212"
                          CONTENT="quod"/>
                  <SP HEIGHT="52" WIDTH="15" VPOS="469" HPOS="1330"/>
                  <String HEIGHT="52"
                          WIDTH="118"
                          VPOS="469"
                          HPOS="1286"
                          CONTENT="aqua"/>
                  <SP HEIGHT="52" WIDTH="15" VPOS="469" HPOS="1404"/>
                  <String HEIGHT="52"
                          WIDTH="162"
                          VPOS="469"
                          HPOS="1359"
                          CONTENT="remisse"/>
                  <SP HEIGHT="52" WIDTH="15" VPOS="469" HPOS="1521"/>
                  <String HEIGHT="52"
                          WIDTH="147"
                          VPOS="469"
                          HPOS="1477"
                          CONTENT="calida"/>
                  <SP HEIGHT="52" WIDTH="15" VPOS="469" HPOS="1624"/>
                  <String HEIGHT="52"
                          WIDTH="177"
                          VPOS="469"
                          HPOS="1580"
                          CONTENT="commixta"/>
                  <SP HEIGHT="52" WIDTH="15" VPOS="469" HPOS="1757"/>
                  <String HEIGHT="52"
                          WIDTH="118"
                          VPOS="469"
                          HPOS="1713"
                          CONTENT="adue"/>
                  <SP HEIGHT="52" WIDTH="15" VPOS="469" HPOS="1831"/>
                  <String HEIGHT="52"
                          WIDTH="147"
                          VPOS="469"
                          HPOS="1786"
                          CONTENT="calide"/>
                  <SP HEIGHT="52" WIDTH="15" VPOS="469" HPOS="1934"/>
                  <String HEIGHT="52"
                          WIDTH="88"
                          VPOS="469"
                          HPOS="1875"
                          CONTENT="quo"
                          SUBS_TYPE="HypPart1"
                          SUBS_CONTENT="quouis"/>
                  <HYP CONTENT="-"/>
               </TextLine>
               <TextLine ID="r1l18"
                         BASELINE="559"
                         HEIGHT="52"
                         WIDTH="792"
                         VPOS="507"
                         HPOS="1167">
                  <String HEIGHT="52"
                          WIDTH="107"
                          VPOS="507"
                          HPOS="1152"
                          CONTENT="uis"
                          SUBS_TYPE="HypPart2"
                          SUBS_CONTENT="quouis"/>
                  <SP HEIGHT="52" WIDTH="15" VPOS="507" HPOS="1258"/>
                  <String HEIGHT="52"
                          WIDTH="122"
                          VPOS="507"
                          HPOS="1213"
                          CONTENT="modo"/>
                  <SP HEIGHT="52" WIDTH="15" VPOS="507" HPOS="1335"/>
                  <String HEIGHT="52"
                          WIDTH="107"
                          VPOS="507"
                          HPOS="1289"
                          CONTENT="eam"/>
                  <SP HEIGHT="52" WIDTH="15" VPOS="507" HPOS="1395"/>
                  <String HEIGHT="52"
                          WIDTH="137"
                          VPOS="507"
                          HPOS="1350"
                          CONTENT="frige"/>
                  <SP HEIGHT="52" WIDTH="15" VPOS="507" HPOS="1487"/>
                  <String HEIGHT="52"
                          WIDTH="168"
                          VPOS="507"
                          HPOS="1441"
                          CONTENT="faciat."/>
                  <SP HEIGHT="52" WIDTH="15" VPOS="507" HPOS="1609"/>
                  <String HEIGHT="52"
                          WIDTH="152"
                          VPOS="507"
                          HPOS="1563"
                          CONTENT="nullum"/>
                  <SP HEIGHT="52" WIDTH="15" VPOS="507" HPOS="1715"/>
                  <String HEIGHT="52"
                          WIDTH="122"
                          VPOS="507"
                          HPOS="1670"
                          CONTENT="enim"/>
                  <SP HEIGHT="52" WIDTH="15" VPOS="507" HPOS="1791"/>
                  <String HEIGHT="52"
                          WIDTH="107"
                          VPOS="507"
                          HPOS="1746"
                          CONTENT="est"/>
                  <SP HEIGHT="52" WIDTH="15" VPOS="507" HPOS="1852"/>
                  <String HEIGHT="52"
                          WIDTH="107"
                          VPOS="507"
                          HPOS="1807"
                          CONTENT="ibi"/>
                  <SP HEIGHT="52" WIDTH="15" VPOS="507" HPOS="1913"/>
                  <String HEIGHT="52"
                          WIDTH="107"
                          VPOS="507"
                          HPOS="1852"
                          CONTENT="peni"
                          SUBS_TYPE="HypPart1"
                          SUBS_CONTENT="penitus"/>
                  <HYP CONTENT="-"/>
               </TextLine>
               <TextLine ID="r1l20"
                         BASELINE="595"
                         HEIGHT="53"
                         WIDTH="777"
                         VPOS="542"
                         HPOS="1168">
                  <String HEIGHT="53"
                          WIDTH="109"
                          VPOS="542"
                          HPOS="1152"
                          CONTENT="tus"
                          SUBS_TYPE="HypPart2"
                          SUBS_CONTENT="penitus"/>
                  <SP HEIGHT="53" WIDTH="16" VPOS="542" HPOS="1261"/>
                  <String HEIGHT="53"
                          WIDTH="171"
                          VPOS="542"
                          HPOS="1215"
                          CONTENT="frigus:"/>
                  <SP HEIGHT="53" WIDTH="16" VPOS="542" HPOS="1386"/>
                  <String HEIGHT="53"
                          WIDTH="124"
                          VPOS="542"
                          HPOS="1339"
                          CONTENT="immo"/>
                  <SP HEIGHT="53" WIDTH="16" VPOS="542" HPOS="1463"/>
                  <String HEIGHT="53"
                          WIDTH="186"
                          VPOS="542"
                          HPOS="1417"
                          CONTENT="contraia"/>
                  <SP HEIGHT="53" WIDTH="16" VPOS="542" HPOS="1603"/>
                  <String HEIGHT="53"
                          WIDTH="109"
                          VPOS="542"
                          HPOS="1557"
                          CONTENT="qua"/>
                  <SP HEIGHT="53" WIDTH="16" VPOS="542" HPOS="1665"/>
                  <String HEIGHT="53"
                          WIDTH="155"
                          VPOS="542"
                          HPOS="1619"
                          CONTENT="calida"/>
                  <SP HEIGHT="53" WIDTH="16" VPOS="542" HPOS="1774"/>
                  <String HEIGHT="53"
                          WIDTH="202"
                          VPOS="542"
                          HPOS="1727"
                          CONTENT="calefacit"/>
                  <SP HEIGHT="53" WIDTH="16" VPOS="542" HPOS="1929"/>
                  <String HEIGHT="53" WIDTH="78" VPOS="542" HPOS="1867" CONTENT="fri"/>
               </TextLine>
               <TextLine ID="r1l22"
                         BASELINE="634"
                         HEIGHT="52"
                         WIDTH="786"
                         VPOS="582"
                         HPOS="1164">
                  <String HEIGHT="52"
                          WIDTH="140"
                          VPOS="582"
                          HPOS="1150"
                          CONTENT="gidam:"/>
                  <SP HEIGHT="52" WIDTH="14" VPOS="582" HPOS="1290"/>
                  <String HEIGHT="52"
                          WIDTH="154"
                          VPOS="582"
                          HPOS="1248"
                          CONTENT="nititur"/>
                  <SP HEIGHT="52" WIDTH="14" VPOS="582" HPOS="1403"/>
                  <String HEIGHT="52"
                          WIDTH="112"
                          VPOS="582"
                          HPOS="1361"
                          CONTENT="enim"/>
                  <SP HEIGHT="52" WIDTH="14" VPOS="582" HPOS="1473"/>
                  <String HEIGHT="52"
                          WIDTH="182"
                          VPOS="582"
                          HPOS="1431"
                          CONTENT="dissimile"/>
                  <SP HEIGHT="52" WIDTH="14" VPOS="582" HPOS="1613"/>
                  <String HEIGHT="52"
                          WIDTH="112"
                          VPOS="582"
                          HPOS="1571"
                          CONTENT="sibi"/>
                  <SP HEIGHT="52" WIDTH="14" VPOS="582" HPOS="1683"/>
                  <String HEIGHT="52"
                          WIDTH="211"
                          VPOS="582"
                          HPOS="1641"
                          CONTENT="assimilare."/>
                  <SP HEIGHT="52" WIDTH="14" VPOS="582" HPOS="1852"/>
                  <String HEIGHT="52" WIDTH="98" VPOS="582" HPOS="1810" CONTENT="Sed"/>
                  <SP HEIGHT="52" WIDTH="14" VPOS="582" HPOS="1908"/>
                  <String HEIGHT="52"
                          WIDTH="98"
                          VPOS="582"
                          HPOS="1852"
                          CONTENT="certe"/>
               </TextLine>
               <TextLine ID="r1l24"
                         BASELINE="673"
                         HEIGHT="56"
                         WIDTH="795"
                         VPOS="617"
                         HPOS="1166">
                  <String HEIGHT="56"
                          WIDTH="125"
                          VPOS="617"
                          HPOS="1150"
                          CONTENT="bene"/>
                  <SP HEIGHT="56" WIDTH="16" VPOS="617" HPOS="1275"/>
                  <String HEIGHT="56"
                          WIDTH="140"
                          VPOS="617"
                          HPOS="1228"
                          CONTENT="verum"/>
                  <SP HEIGHT="56" WIDTH="16" VPOS="617" HPOS="1369"/>
                  <String HEIGHT="56"
                          WIDTH="109"
                          VPOS="617"
                          HPOS="1322"
                          CONTENT="est"/>
                  <SP HEIGHT="56" WIDTH="16" VPOS="617" HPOS="1431"/>
                  <String HEIGHT="56"
                          WIDTH="125"
                          VPOS="617"
                          HPOS="1384"
                          CONTENT="quod"/>
                  <SP HEIGHT="56" WIDTH="16" VPOS="617" HPOS="1509"/>
                  <String HEIGHT="56"
                          WIDTH="125"
                          VPOS="617"
                          HPOS="1462"
                          CONTENT="tota"/>
                  <SP HEIGHT="56" WIDTH="16" VPOS="617" HPOS="1587"/>
                  <String HEIGHT="56"
                          WIDTH="125"
                          VPOS="617"
                          HPOS="1540"
                          CONTENT="aqua"/>
                  <SP HEIGHT="56" WIDTH="16" VPOS="617" HPOS="1665"/>
                  <String HEIGHT="56"
                          WIDTH="187"
                          VPOS="617"
                          HPOS="1618"
                          CONTENT="commixta"/>
                  <SP HEIGHT="56" WIDTH="16" VPOS="617" HPOS="1805"/>
                  <String HEIGHT="56"
                          WIDTH="171"
                          VPOS="617"
                          HPOS="1758"
                          CONTENT="apparet"/>
                  <SP HEIGHT="56" WIDTH="16" VPOS="617" HPOS="1930"/>
                  <String HEIGHT="56"
                          WIDTH="94"
                          VPOS="617"
                          HPOS="1867"
                          CONTENT="fri"
                          SUBS_TYPE="HypPart1"
                          SUBS_CONTENT="frigida:"/>
                  <HYP CONTENT="-"/>
               </TextLine>
               <TextLine ID="r1l26"
                         BASELINE="710"
                         HEIGHT="54"
                         WIDTH="800"
                         VPOS="656"
                         HPOS="1158">
                  <String HEIGHT="54"
                          WIDTH="150"
                          VPOS="656"
                          HPOS="1141"
                          CONTENT="gida:"
                          SUBS_TYPE="HypPart2"
                          SUBS_CONTENT="frigida:"/>
                  <SP HEIGHT="54" WIDTH="17" VPOS="656" HPOS="1291"/>
                  <String HEIGHT="54"
                          WIDTH="133"
                          VPOS="656"
                          HPOS="1241"
                          CONTENT="apud"/>
                  <SP HEIGHT="54" WIDTH="17" VPOS="656" HPOS="1375"/>
                  <String HEIGHT="54"
                          WIDTH="217"
                          VPOS="656"
                          HPOS="1325"
                          CONTENT="sapientes"/>
                  <SP HEIGHT="54" WIDTH="17" VPOS="656" HPOS="1541"/>
                  <String HEIGHT="54"
                          WIDTH="150"
                          VPOS="656"
                          HPOS="1491"
                          CONTENT="minus"/>
                  <SP HEIGHT="54" WIDTH="17" VPOS="656" HPOS="1641"/>
                  <String HEIGHT="54"
                          WIDTH="167"
                          VPOS="656"
                          HPOS="1591"
                          CONTENT="calida"/>
                  <SP HEIGHT="54" WIDTH="17" VPOS="656" HPOS="1758"/>
                  <String HEIGHT="54"
                          WIDTH="183"
                          VPOS="656"
                          HPOS="1708"
                          CONTENT="propter"/>
                  <SP HEIGHT="54" WIDTH="17" VPOS="656" HPOS="1891"/>
                  <String HEIGHT="54"
                          WIDTH="133"
                          VPOS="656"
                          HPOS="1825"
                          CONTENT="partes"/>
               </TextLine>
               <TextLine ID="r1l28"
                         BASELINE="746"
                         HEIGHT="49"
                         WIDTH="780"
                         VPOS="697"
                         HPOS="1167">
                  <String HEIGHT="49"
                          WIDTH="175"
                          VPOS="697"
                          HPOS="1151"
                          CONTENT="intense"/>
                  <SP HEIGHT="49" WIDTH="16" VPOS="697" HPOS="1326"/>
                  <String HEIGHT="49"
                          WIDTH="175"
                          VPOS="697"
                          HPOS="1278"
                          CONTENT="calidas"/>
                  <SP HEIGHT="49" WIDTH="16" VPOS="697" HPOS="1454"/>
                  <String HEIGHT="49" WIDTH="96" VPOS="697" HPOS="1406" CONTENT="et"/>
                  <SP HEIGHT="49" WIDTH="16" VPOS="697" HPOS="1501"/>
                  <String HEIGHT="49"
                          WIDTH="175"
                          VPOS="697"
                          HPOS="1454"
                          CONTENT="remisse"/>
                  <SP HEIGHT="49" WIDTH="16" VPOS="697" HPOS="1629"/>
                  <String HEIGHT="49"
                          WIDTH="175"
                          VPOS="697"
                          HPOS="1581"
                          CONTENT="calidas"/>
                  <SP HEIGHT="49" WIDTH="16" VPOS="697" HPOS="1756"/>
                  <String HEIGHT="49"
                          WIDTH="223"
                          VPOS="697"
                          HPOS="1708"
                          CONTENT="commixtas."/>
                  <SP HEIGHT="49" WIDTH="16" VPOS="697" HPOS="1931"/>
                  <String HEIGHT="49" WIDTH="80" VPOS="697" HPOS="1867" CONTENT="Nec"/>
               </TextLine>
               <TextLine ID="r1l30"
                         BASELINE="782"
                         HEIGHT="53"
                         WIDTH="796"
                         VPOS="729"
                         HPOS="1159">
                  <String HEIGHT="53"
                          WIDTH="171"
                          VPOS="729"
                          HPOS="1145"
                          CONTENT="sequitur"/>
                  <SP HEIGHT="53" WIDTH="14" VPOS="729" HPOS="1315"/>
                  <String HEIGHT="53"
                          WIDTH="114"
                          VPOS="729"
                          HPOS="1273"
                          CONTENT="quod"/>
                  <SP HEIGHT="53" WIDTH="14" VPOS="729" HPOS="1386"/>
                  <String HEIGHT="53"
                          WIDTH="114"
                          VPOS="729"
                          HPOS="1344"
                          CONTENT="tota"/>
                  <SP HEIGHT="53" WIDTH="14" VPOS="729" HPOS="1458"/>
                  <String HEIGHT="53"
                          WIDTH="114"
                          VPOS="729"
                          HPOS="1415"
                          CONTENT="aqua"/>
                  <SP HEIGHT="53" WIDTH="14" VPOS="729" HPOS="1529"/>
                  <String HEIGHT="53"
                          WIDTH="185"
                          VPOS="729"
                          HPOS="1486"
                          CONTENT="calefiet:"/>
                  <SP HEIGHT="53" WIDTH="14" VPOS="729" HPOS="1671"/>
                  <String HEIGHT="53"
                          WIDTH="100"
                          VPOS="729"
                          HPOS="1628"
                          CONTENT="vel"/>
                  <SP HEIGHT="53" WIDTH="14" VPOS="729" HPOS="1728"/>
                  <String HEIGHT="53"
                          WIDTH="142"
                          VPOS="729"
                          HPOS="1685"
                          CONTENT="maneat"/>
                  <SP HEIGHT="53" WIDTH="14" VPOS="729" HPOS="1827"/>
                  <String HEIGHT="53"
                          WIDTH="100"
                          VPOS="729"
                          HPOS="1784"
                          CONTENT="diu"/>
                  <SP HEIGHT="53" WIDTH="14" VPOS="729" HPOS="1884"/>
                  <String HEIGHT="53"
                          WIDTH="114"
                          VPOS="729"
                          HPOS="1841"
                          CONTENT="illa"/>
                  <SP HEIGHT="53" WIDTH="14" VPOS="729" HPOS="1955"/>
                  <String HEIGHT="53" WIDTH="57" VPOS="729" HPOS="1898" CONTENT="ca"/>
               </TextLine>
               <TextLine ID="r1l32"
                         BASELINE="821"
                         HEIGHT="59"
                         WIDTH="789"
                         VPOS="762"
                         HPOS="1165">
                  <String HEIGHT="59"
                          WIDTH="177"
                          VPOS="762"
                          HPOS="1149"
                          CONTENT="liditas"/>
                  <SP HEIGHT="59" WIDTH="16" VPOS="762" HPOS="1326"/>
                  <String HEIGHT="59"
                          WIDTH="161"
                          VPOS="762"
                          HPOS="1278"
                          CONTENT="summa."/>
                  <SP HEIGHT="59" WIDTH="16" VPOS="762" HPOS="1439"/>
                  <String HEIGHT="59"
                          WIDTH="145"
                          VPOS="762"
                          HPOS="1390"
                          CONTENT="forma"/>
                  <SP HEIGHT="59" WIDTH="16" VPOS="762" HPOS="1535"/>
                  <String HEIGHT="59"
                          WIDTH="274"
                          VPOS="762"
                          HPOS="1487"
                          CONTENT="substantialis"/>
                  <SP HEIGHT="59" WIDTH="16" VPOS="762" HPOS="1761"/>
                  <String HEIGHT="59"
                          WIDTH="129"
                          VPOS="762"
                          HPOS="1712"
                          CONTENT="aque"/>
                  <SP HEIGHT="59" WIDTH="16" VPOS="762" HPOS="1841"/>
                  <String HEIGHT="59"
                          WIDTH="177"
                          VPOS="762"
                          HPOS="1777"
                          CONTENT="concurrit"/>
               </TextLine>
               <TextLine ID="line_1595517847687_135"
                         BASELINE="859"
                         HEIGHT="60"
                         WIDTH="805"
                         VPOS="799"
                         HPOS="1161">
                  <String HEIGHT="60" WIDTH="99" VPOS="799" HPOS="1145" CONTENT="ad"/>
                  <SP HEIGHT="60" WIDTH="16" VPOS="799" HPOS="1243"/>
                  <String HEIGHT="60"
                          WIDTH="214"
                          VPOS="799"
                          HPOS="1194"
                          CONTENT="vtriusque"/>
                  <SP HEIGHT="60" WIDTH="16" VPOS="799" HPOS="1407"/>
                  <String HEIGHT="60"
                          WIDTH="263"
                          VPOS="799"
                          HPOS="1358"
                          CONTENT="expulsionem."/>
                  <SP HEIGHT="60" WIDTH="16" VPOS="799" HPOS="1621"/>
                  <String HEIGHT="60" WIDTH="82" VPOS="799" HPOS="1572" CONTENT="⁋"/>
                  <SP HEIGHT="60" WIDTH="16" VPOS="799" HPOS="1654"/>
                  <String HEIGHT="60"
                          WIDTH="181"
                          VPOS="799"
                          HPOS="1605"
                          CONTENT="Secundo"/>
                  <SP HEIGHT="60" WIDTH="16" VPOS="799" HPOS="1785"/>
                  <String HEIGHT="60"
                          WIDTH="164"
                          VPOS="799"
                          HPOS="1736"
                          CONTENT="arguit"/>
                  <SP HEIGHT="60" WIDTH="16" VPOS="799" HPOS="1900"/>
                  <String HEIGHT="60"
                          WIDTH="131"
                          VPOS="799"
                          HPOS="1835"
                          CONTENT="quidam"/>
               </TextLine>
               <TextLine ID="line_1595517847689_137"
                         BASELINE="901"
                         HEIGHT="62"
                         WIDTH="809"
                         VPOS="839"
                         HPOS="1155">
                  <String HEIGHT="62"
                          WIDTH="124"
                          VPOS="839"
                          HPOS="1139"
                          CONTENT="sic."/>
                  <SP HEIGHT="62" WIDTH="16" VPOS="839" HPOS="1264"/>
                  <String HEIGHT="62"
                          WIDTH="124"
                          VPOS="839"
                          HPOS="1217"
                          CONTENT="aqua"/>
                  <SP HEIGHT="62" WIDTH="16" VPOS="839" HPOS="1342"/>
                  <String HEIGHT="62"
                          WIDTH="156"
                          VPOS="839"
                          HPOS="1295"
                          CONTENT="tepida"/>
                  <SP HEIGHT="62" WIDTH="16" VPOS="839" HPOS="1451"/>
                  <String HEIGHT="62"
                          WIDTH="202"
                          VPOS="839"
                          HPOS="1404"
                          CONTENT="calefacit"/>
                  <SP HEIGHT="62" WIDTH="16" VPOS="839" HPOS="1606"/>
                  <String HEIGHT="62"
                          WIDTH="140"
                          VPOS="839"
                          HPOS="1560"
                          CONTENT="manum"/>
                  <SP HEIGHT="62" WIDTH="16" VPOS="839" HPOS="1700"/>
                  <String HEIGHT="62"
                          WIDTH="218"
                          VPOS="839"
                          HPOS="1653"
                          CONTENT="impositam:"/>
                  <SP HEIGHT="62" WIDTH="16" VPOS="839" HPOS="1871"/>
                  <String HEIGHT="62" WIDTH="93" VPOS="839" HPOS="1824" CONTENT="et"/>
                  <SP HEIGHT="62" WIDTH="16" VPOS="839" HPOS="1917"/>
                  <String HEIGHT="62"
                          WIDTH="109"
                          VPOS="839"
                          HPOS="1855"
                          CONTENT="refri"/>
               </TextLine>
               <TextLine ID="r1l38"
                         BASELINE="939"
                         HEIGHT="59"
                         WIDTH="783"
                         VPOS="880"
                         HPOS="1158">
                  <String HEIGHT="59"
                          WIDTH="153"
                          VPOS="880"
                          HPOS="1141"
                          CONTENT="gerat"/>
                  <SP HEIGHT="59" WIDTH="17" VPOS="880" HPOS="1294"/>
                  <String HEIGHT="59"
                          WIDTH="170"
                          VPOS="880"
                          HPOS="1243"
                          CONTENT="serrum"/>
                  <SP HEIGHT="59" WIDTH="17" VPOS="880" HPOS="1413"/>
                  <String HEIGHT="59"
                          WIDTH="204"
                          VPOS="880"
                          HPOS="1362"
                          CONTENT="ignitum."/>
                  <SP HEIGHT="59" WIDTH="17" VPOS="880" HPOS="1567"/>
                  <String HEIGHT="59" WIDTH="85" VPOS="880" HPOS="1515" CONTENT="⁋"/>
                  <SP HEIGHT="59" WIDTH="17" VPOS="880" HPOS="1601"/>
                  <String HEIGHT="59"
                          WIDTH="204"
                          VPOS="880"
                          HPOS="1550"
                          CONTENT="Capiendo"/>
                  <SP HEIGHT="59" WIDTH="17" VPOS="880" HPOS="1754"/>
                  <String HEIGHT="59"
                          WIDTH="153"
                          VPOS="880"
                          HPOS="1703"
                          CONTENT="aquam"/>
                  <SP HEIGHT="59" WIDTH="17" VPOS="880" HPOS="1856"/>
                  <String HEIGHT="59"
                          WIDTH="153"
                          VPOS="880"
                          HPOS="1788"
                          CONTENT="tepidam"/>
               </TextLine>
               <TextLine ID="r1l40"
                         BASELINE="977"
                         HEIGHT="60"
                         WIDTH="784"
                         VPOS="917"
                         HPOS="1152">
                  <String HEIGHT="60"
                          WIDTH="136"
                          VPOS="917"
                          HPOS="1137"
                          CONTENT="illud"/>
                  <SP HEIGHT="60" WIDTH="15" VPOS="917" HPOS="1273"/>
                  <String HEIGHT="60"
                          WIDTH="136"
                          VPOS="917"
                          HPOS="1227"
                          CONTENT="habet"/>
                  <SP HEIGHT="60" WIDTH="15" VPOS="917" HPOS="1363"/>
                  <String HEIGHT="60"
                          WIDTH="136"
                          VPOS="917"
                          HPOS="1318"
                          CONTENT="verum"/>
                  <SP HEIGHT="60" WIDTH="15" VPOS="917" HPOS="1454"/>
                  <String HEIGHT="60"
                          WIDTH="106"
                          VPOS="917"
                          HPOS="1408"
                          CONTENT="que"/>
                  <SP HEIGHT="60" WIDTH="15" VPOS="917" HPOS="1514"/>
                  <String HEIGHT="60"
                          WIDTH="106"
                          VPOS="917"
                          HPOS="1469"
                          CONTENT="est"/>
                  <SP HEIGHT="60" WIDTH="15" VPOS="917" HPOS="1574"/>
                  <String HEIGHT="60"
                          WIDTH="166"
                          VPOS="917"
                          HPOS="1529"
                          CONTENT="remisse"/>
                  <SP HEIGHT="60" WIDTH="15" VPOS="917" HPOS="1695"/>
                  <String HEIGHT="60"
                          WIDTH="166"
                          VPOS="917"
                          HPOS="1650"
                          CONTENT="calida."/>
                  <SP HEIGHT="60" WIDTH="15" VPOS="917" HPOS="1815"/>
                  <String HEIGHT="60"
                          WIDTH="136"
                          VPOS="917"
                          HPOS="1770"
                          CONTENT="Dicit"/>
                  <SP HEIGHT="60" WIDTH="15" VPOS="917" HPOS="1906"/>
                  <String HEIGHT="60"
                          WIDTH="90"
                          VPOS="917"
                          HPOS="1846"
                          CONTENT="quod"/>
               </TextLine>
               <TextLine ID="r1l42"
                         BASELINE="1008"
                         HEIGHT="55"
                         WIDTH="794"
                         VPOS="953"
                         HPOS="1149">
                  <String HEIGHT="55"
                          WIDTH="127"
                          VPOS="953"
                          HPOS="1133"
                          CONTENT="ista"/>
                  <SP HEIGHT="55" WIDTH="16" VPOS="953" HPOS="1260"/>
                  <String HEIGHT="55"
                          WIDTH="143"
                          VPOS="953"
                          HPOS="1213"
                          CONTENT="ratio"/>
                  <SP HEIGHT="55" WIDTH="16" VPOS="953" HPOS="1355"/>
                  <String HEIGHT="55"
                          WIDTH="143"
                          VPOS="953"
                          HPOS="1308"
                          CONTENT="facit"/>
                  <SP HEIGHT="55" WIDTH="16" VPOS="953" HPOS="1451"/>
                  <String HEIGHT="55" WIDTH="95" VPOS="953" HPOS="1403" CONTENT="ei"/>
                  <SP HEIGHT="55" WIDTH="16" VPOS="953" HPOS="1498"/>
                  <String HEIGHT="55"
                          WIDTH="159"
                          VPOS="953"
                          HPOS="1451"
                          CONTENT="magnam"/>
                  <SP HEIGHT="55" WIDTH="16" VPOS="953" HPOS="1610"/>
                  <String HEIGHT="55"
                          WIDTH="159"
                          VPOS="953"
                          HPOS="1562"
                          CONTENT="fidem."/>
                  <SP HEIGHT="55" WIDTH="16" VPOS="953" HPOS="1721"/>
                  <String HEIGHT="55" WIDTH="79" VPOS="953" HPOS="1673" CONTENT="⁋"/>
                  <SP HEIGHT="55" WIDTH="16" VPOS="953" HPOS="1752"/>
                  <String HEIGHT="55"
                          WIDTH="143"
                          VPOS="953"
                          HPOS="1705"
                          CONTENT="Certe"/>
                  <SP HEIGHT="55" WIDTH="16" VPOS="953" HPOS="1848"/>
                  <String HEIGHT="55"
                          WIDTH="111"
                          VPOS="953"
                          HPOS="1800"
                          CONTENT="vir"/>
                  <SP HEIGHT="55" WIDTH="16" VPOS="953" HPOS="1911"/>
                  <String HEIGHT="55"
                          WIDTH="95"
                          VPOS="953"
                          HPOS="1848"
                          CONTENT="iste"/>
               </TextLine>
               <TextLine ID="r1l44"
                         BASELINE="1050"
                         HEIGHT="55"
                         WIDTH="793"
                         VPOS="995"
                         HPOS="1165">
                  <String HEIGHT="55" WIDTH="85" VPOS="995" HPOS="1151" CONTENT="de"/>
                  <SP HEIGHT="55" WIDTH="14" VPOS="995" HPOS="1236"/>
                  <String HEIGHT="55"
                          WIDTH="142"
                          VPOS="995"
                          HPOS="1193"
                          CONTENT="facili"/>
                  <SP HEIGHT="55" WIDTH="14" VPOS="995" HPOS="1335"/>
                  <String HEIGHT="55"
                          WIDTH="156"
                          VPOS="995"
                          HPOS="1292"
                          CONTENT="fuisset"/>
                  <SP HEIGHT="55" WIDTH="14" VPOS="995" HPOS="1448"/>
                  <String HEIGHT="55"
                          WIDTH="156"
                          VPOS="995"
                          HPOS="1406"
                          CONTENT="fidelis"/>
                  <SP HEIGHT="55" WIDTH="14" VPOS="995" HPOS="1562"/>
                  <String HEIGHT="55" WIDTH="99" VPOS="995" HPOS="1519" CONTENT="vel"/>
                  <SP HEIGHT="55" WIDTH="14" VPOS="995" HPOS="1618"/>
                  <String HEIGHT="55"
                          WIDTH="170"
                          VPOS="995"
                          HPOS="1576"
                          CONTENT="firmiter"/>
                  <SP HEIGHT="55" WIDTH="14" VPOS="995" HPOS="1746"/>
                  <String HEIGHT="55"
                          WIDTH="156"
                          VPOS="995"
                          HPOS="1703"
                          CONTENT="errans:"/>
                  <SP HEIGHT="55" WIDTH="14" VPOS="995" HPOS="1859"/>
                  <String HEIGHT="55"
                          WIDTH="113"
                          VPOS="995"
                          HPOS="1816"
                          CONTENT="eius"/>
                  <SP HEIGHT="55" WIDTH="14" VPOS="995" HPOS="1930"/>
                  <String HEIGHT="55"
                          WIDTH="85"
                          VPOS="995"
                          HPOS="1873"
                          CONTENT="enim"/>
               </TextLine>
               <TextLine ID="r1l46"
                         BASELINE="1089"
                         HEIGHT="57"
                         WIDTH="780"
                         VPOS="1032"
                         HPOS="1161">
                  <String HEIGHT="57"
                          WIDTH="218"
                          VPOS="1032"
                          HPOS="1145"
                          CONTENT="argumentum"/>
                  <SP HEIGHT="57" WIDTH="16" VPOS="1032" HPOS="1364"/>
                  <String HEIGHT="57"
                          WIDTH="187"
                          VPOS="1032"
                          HPOS="1317"
                          CONTENT="probaret"/>
                  <SP HEIGHT="57" WIDTH="16" VPOS="1032" HPOS="1504"/>
                  <String HEIGHT="57"
                          WIDTH="156"
                          VPOS="1032"
                          HPOS="1457"
                          CONTENT="contra"/>
                  <SP HEIGHT="57" WIDTH="16" VPOS="1032" HPOS="1613"/>
                  <String HEIGHT="57"
                          WIDTH="156"
                          VPOS="1032"
                          HPOS="1567"
                          CONTENT="ipsum:"/>
                  <SP HEIGHT="57" WIDTH="16" VPOS="1032" HPOS="1723"/>
                  <String HEIGHT="57"
                          WIDTH="125"
                          VPOS="1032"
                          HPOS="1676"
                          CONTENT="quia"/>
                  <SP HEIGHT="57" WIDTH="16" VPOS="1032" HPOS="1801"/>
                  <String HEIGHT="57"
                          WIDTH="140"
                          VPOS="1032"
                          HPOS="1754"
                          CONTENT="tenet"/>
                  <SP HEIGHT="57" WIDTH="16" VPOS="1032" HPOS="1894"/>
                  <String HEIGHT="57"
                          WIDTH="109"
                          VPOS="1032"
                          HPOS="1832"
                          CONTENT="aquam"/>
               </TextLine>
               <TextLine ID="r1l48"
                         BASELINE="1128"
                         HEIGHT="54"
                         WIDTH="794"
                         VPOS="1074"
                         HPOS="1148">
                  <String HEIGHT="54"
                          WIDTH="259"
                          VPOS="1074"
                          HPOS="1132"
                          CONTENT="calidissimam"/>
                  <SP HEIGHT="54" WIDTH="16" VPOS="1074" HPOS="1391"/>
                  <String HEIGHT="54"
                          WIDTH="113"
                          VPOS="1074"
                          HPOS="1342"
                          CONTENT="non"/>
                  <SP HEIGHT="54" WIDTH="16" VPOS="1074" HPOS="1456"/>
                  <String HEIGHT="54"
                          WIDTH="178"
                          VPOS="1074"
                          HPOS="1407"
                          CONTENT="compati"/>
                  <SP HEIGHT="54" WIDTH="16" VPOS="1074" HPOS="1586"/>
                  <String HEIGHT="54"
                          WIDTH="130"
                          VPOS="1074"
                          HPOS="1537"
                          CONTENT="vnum"/>
                  <SP HEIGHT="54" WIDTH="16" VPOS="1074" HPOS="1667"/>
                  <String HEIGHT="54"
                          WIDTH="162"
                          VPOS="1074"
                          HPOS="1618"
                          CONTENT="gradum"/>
                  <SP HEIGHT="54" WIDTH="16" VPOS="1074" HPOS="1780"/>
                  <String HEIGHT="54"
                          WIDTH="211"
                          VPOS="1074"
                          HPOS="1731"
                          CONTENT="frigoris:"/>
                  <SP HEIGHT="54" WIDTH="16" VPOS="1074" HPOS="1942"/>
                  <String HEIGHT="54" WIDTH="65" VPOS="1074" HPOS="1877" CONTENT="et"/>
               </TextLine>
               <TextLine ID="r1l50"
                         BASELINE="1162"
                         HEIGHT="52"
                         WIDTH="785"
                         VPOS="1110"
                         HPOS="1161">
                  <String HEIGHT="52"
                          WIDTH="139"
                          VPOS="1110"
                          HPOS="1146"
                          CONTENT="certe"/>
                  <SP HEIGHT="52" WIDTH="15" VPOS="1110" HPOS="1284"/>
                  <String HEIGHT="52" WIDTH="92" VPOS="1110" HPOS="1238" CONTENT="si"/>
                  <SP HEIGHT="52" WIDTH="15" VPOS="1110" HPOS="1330"/>
                  <String HEIGHT="52"
                          WIDTH="200"
                          VPOS="1110"
                          HPOS="1284"
                          CONTENT="imponatur"/>
                  <SP HEIGHT="52" WIDTH="15" VPOS="1110" HPOS="1484"/>
                  <String HEIGHT="52" WIDTH="92" VPOS="1110" HPOS="1438" CONTENT="in"/>
                  <SP HEIGHT="52" WIDTH="15" VPOS="1110" HPOS="1530"/>
                  <String HEIGHT="52"
                          WIDTH="139"
                          VPOS="1110"
                          HPOS="1484"
                          CONTENT="aquam"/>
                  <SP HEIGHT="52" WIDTH="15" VPOS="1110" HPOS="1623"/>
                  <String HEIGHT="52"
                          WIDTH="231"
                          VPOS="1110"
                          HPOS="1577"
                          CONTENT="ebullientem"/>
                  <SP HEIGHT="52" WIDTH="15" VPOS="1110" HPOS="1807"/>
                  <String HEIGHT="52"
                          WIDTH="154"
                          VPOS="1110"
                          HPOS="1761"
                          CONTENT="ferrum"/>
                  <SP HEIGHT="52" WIDTH="15" VPOS="1110" HPOS="1915"/>
                  <String HEIGHT="52"
                          WIDTH="92"
                          VPOS="1110"
                          HPOS="1854"
                          CONTENT="igni"/>
               </TextLine>
               <TextLine ID="r1l52"
                         BASELINE="1202"
                         HEIGHT="57"
                         WIDTH="800"
                         VPOS="1145"
                         HPOS="1158">
                  <String HEIGHT="57"
                          WIDTH="112"
                          VPOS="1145"
                          HPOS="1142"
                          CONTENT="tum"/>
                  <SP HEIGHT="57" WIDTH="16" VPOS="1145" HPOS="1254"/>
                  <String HEIGHT="57"
                          WIDTH="224"
                          VPOS="1145"
                          HPOS="1206"
                          CONTENT="remittetur"/>
                  <SP HEIGHT="57" WIDTH="16" VPOS="1145" HPOS="1430"/>
                  <String HEIGHT="57"
                          WIDTH="128"
                          VPOS="1145"
                          HPOS="1382"
                          CONTENT="eius"/>
                  <SP HEIGHT="57" WIDTH="16" VPOS="1145" HPOS="1510"/>
                  <String HEIGHT="57"
                          WIDTH="224"
                          VPOS="1145"
                          HPOS="1462"
                          CONTENT="caliditas:"/>
                  <SP HEIGHT="57" WIDTH="16" VPOS="1145" HPOS="1686"/>
                  <String HEIGHT="57"
                          WIDTH="112"
                          VPOS="1145"
                          HPOS="1638"
                          CONTENT="vel"/>
                  <SP HEIGHT="57" WIDTH="16" VPOS="1145" HPOS="1750"/>
                  <String HEIGHT="57"
                          WIDTH="160"
                          VPOS="1145"
                          HPOS="1702"
                          CONTENT="saltem"/>
                  <SP HEIGHT="57" WIDTH="16" VPOS="1145" HPOS="1862"/>
                  <String HEIGHT="57"
                          WIDTH="112"
                          VPOS="1145"
                          HPOS="1814"
                          CONTENT="non"/>
                  <SP HEIGHT="57" WIDTH="16" VPOS="1145" HPOS="1926"/>
                  <String HEIGHT="57"
                          WIDTH="96"
                          VPOS="1145"
                          HPOS="1862"
                          CONTENT="erit"/>
               </TextLine>
               <TextLine ID="r1l54"
                         BASELINE="1236"
                         HEIGHT="54"
                         WIDTH="780"
                         VPOS="1182"
                         HPOS="1159">
                  <String HEIGHT="54"
                          WIDTH="107"
                          VPOS="1182"
                          HPOS="1144"
                          CONTENT="ita"/>
                  <SP HEIGHT="54" WIDTH="15" VPOS="1182" HPOS="1251"/>
                  <String HEIGHT="54"
                          WIDTH="168"
                          VPOS="1182"
                          HPOS="1205"
                          CONTENT="actiua:"/>
                  <SP HEIGHT="54" WIDTH="15" VPOS="1182" HPOS="1373"/>
                  <String HEIGHT="54"
                          WIDTH="122"
                          VPOS="1182"
                          HPOS="1327"
                          CONTENT="ergo"/>
                  <SP HEIGHT="54" WIDTH="15" VPOS="1182" HPOS="1450"/>
                  <String HEIGHT="54"
                          WIDTH="122"
                          VPOS="1182"
                          HPOS="1404"
                          CONTENT="ipse"/>
                  <SP HEIGHT="54" WIDTH="15" VPOS="1182" HPOS="1526"/>
                  <String HEIGHT="54"
                          WIDTH="184"
                          VPOS="1182"
                          HPOS="1480"
                          CONTENT="assignat"/>
                  <SP HEIGHT="54" WIDTH="15" VPOS="1182" HPOS="1664"/>
                  <String HEIGHT="54"
                          WIDTH="107"
                          VPOS="1182"
                          HPOS="1618"
                          CONTENT="non"/>
                  <SP HEIGHT="54" WIDTH="15" VPOS="1182" HPOS="1725"/>
                  <String HEIGHT="54"
                          WIDTH="153"
                          VPOS="1182"
                          HPOS="1679"
                          CONTENT="causam"/>
                  <SP HEIGHT="54" WIDTH="15" VPOS="1182" HPOS="1832"/>
                  <String HEIGHT="54"
                          WIDTH="107"
                          VPOS="1182"
                          HPOS="1786"
                          CONTENT="pro"/>
                  <SP HEIGHT="54" WIDTH="15" VPOS="1182" HPOS="1893"/>
                  <String HEIGHT="54"
                          WIDTH="107"
                          VPOS="1182"
                          HPOS="1832"
                          CONTENT="causa"/>
               </TextLine>
               <TextLine ID="r1l56"
                         BASELINE="1274"
                         HEIGHT="52"
                         WIDTH="745"
                         VPOS="1222"
                         HPOS="1158">
                  <String HEIGHT="52"
                          WIDTH="124"
                          VPOS="1222"
                          HPOS="1142"
                          CONTENT="quia"/>
                  <SP HEIGHT="52" WIDTH="16" VPOS="1222" HPOS="1267"/>
                  <String HEIGHT="52"
                          WIDTH="124"
                          VPOS="1222"
                          HPOS="1220"
                          CONTENT="data"/>
                  <SP HEIGHT="52" WIDTH="16" VPOS="1222" HPOS="1344"/>
                  <String HEIGHT="52"
                          WIDTH="233"
                          VPOS="1222"
                          HPOS="1298"
                          CONTENT="responsione"/>
                  <SP HEIGHT="52" WIDTH="16" VPOS="1222" HPOS="1531"/>
                  <String HEIGHT="52" WIDTH="93" VPOS="1222" HPOS="1484" CONTENT="in"/>
                  <SP HEIGHT="52" WIDTH="16" VPOS="1222" HPOS="1577"/>
                  <String HEIGHT="52"
                          WIDTH="109"
                          VPOS="1222"
                          HPOS="1531"
                          CONTENT="vno"/>
                  <SP HEIGHT="52" WIDTH="16" VPOS="1222" HPOS="1639"/>
                  <String HEIGHT="52"
                          WIDTH="171"
                          VPOS="1222"
                          HPOS="1593"
                          CONTENT="dabitur"/>
                  <SP HEIGHT="52" WIDTH="16" VPOS="1222" HPOS="1763"/>
                  <String HEIGHT="52" WIDTH="93" VPOS="1222" HPOS="1717" CONTENT="ei"/>
                  <SP HEIGHT="52" WIDTH="16" VPOS="1222" HPOS="1810"/>
                  <String HEIGHT="52" WIDTH="93" VPOS="1222" HPOS="1763" CONTENT="in"/>
                  <SP HEIGHT="52" WIDTH="16" VPOS="1222" HPOS="1856"/>
                  <String HEIGHT="52"
                          WIDTH="109"
                          VPOS="1222"
                          HPOS="1794"
                          CONTENT="alio."/>
               </TextLine>
               <TextLine ID="r1l58"
                         BASELINE="1317"
                         HEIGHT="60"
                         WIDTH="778"
                         VPOS="1257"
                         HPOS="1155">
                  <String HEIGHT="60" WIDTH="75" VPOS="1257" HPOS="1140" CONTENT="⁋"/>
                  <SP HEIGHT="60" WIDTH="15" VPOS="1257" HPOS="1215"/>
                  <String HEIGHT="60"
                          WIDTH="165"
                          VPOS="1257"
                          HPOS="1170"
                          CONTENT="Amplius"/>
                  <SP HEIGHT="60" WIDTH="15" VPOS="1257" HPOS="1335"/>
                  <String HEIGHT="60"
                          WIDTH="150"
                          VPOS="1257"
                          HPOS="1290"
                          CONTENT="quando"/>
                  <SP HEIGHT="60" WIDTH="15" VPOS="1257" HPOS="1439"/>
                  <String HEIGHT="60"
                          WIDTH="120"
                          VPOS="1257"
                          HPOS="1394"
                          CONTENT="pius"/>
                  <SP HEIGHT="60" WIDTH="15" VPOS="1257" HPOS="1514"/>
                  <String HEIGHT="60"
                          WIDTH="105"
                          VPOS="1257"
                          HPOS="1469"
                          CONTENT="est"/>
                  <SP HEIGHT="60" WIDTH="15" VPOS="1257" HPOS="1574"/>
                  <String HEIGHT="60" WIDTH="90" VPOS="1257" HPOS="1529" CONTENT="de"/>
                  <SP HEIGHT="60" WIDTH="15" VPOS="1257" HPOS="1619"/>
                  <String HEIGHT="60"
                          WIDTH="224"
                          VPOS="1257"
                          HPOS="1574"
                          CONTENT="frigiditate"/>
                  <SP HEIGHT="60" WIDTH="15" VPOS="1257" HPOS="1798"/>
                  <String HEIGHT="60" WIDTH="90" VPOS="1257" HPOS="1753" CONTENT="in"/>
                  <SP HEIGHT="60" WIDTH="15" VPOS="1257" HPOS="1843"/>
                  <String HEIGHT="60"
                          WIDTH="120"
                          VPOS="1257"
                          HPOS="1798"
                          CONTENT="aqua"/>
                  <SP HEIGHT="60" WIDTH="15" VPOS="1257" HPOS="1918"/>
                  <String HEIGHT="60"
                          WIDTH="75"
                          VPOS="1257"
                          HPOS="1858"
                          CONTENT="qua"/>
               </TextLine>
               <TextLine ID="r1l60"
                         BASELINE="1355"
                         HEIGHT="64"
                         WIDTH="789"
                         VPOS="1291"
                         HPOS="1156">
                  <String HEIGHT="64" WIDTH="93" VPOS="1291" HPOS="1141" CONTENT="de"/>
                  <SP HEIGHT="64" WIDTH="15" VPOS="1291" HPOS="1233"/>
                  <String HEIGHT="64"
                          WIDTH="232"
                          VPOS="1291"
                          HPOS="1187"
                          CONTENT="caliditate:"/>
                  <SP HEIGHT="64" WIDTH="15" VPOS="1291" HPOS="1419"/>
                  <String HEIGHT="64"
                          WIDTH="155"
                          VPOS="1291"
                          HPOS="1373"
                          CONTENT="queres"/>
                  <SP HEIGHT="64" WIDTH="15" VPOS="1291" HPOS="1527"/>
                  <String HEIGHT="64"
                          WIDTH="170"
                          VPOS="1291"
                          HPOS="1481"
                          CONTENT="seriose"/>
                  <SP HEIGHT="64" WIDTH="15" VPOS="1291" HPOS="1651"/>
                  <String HEIGHT="64" WIDTH="93" VPOS="1291" HPOS="1605" CONTENT="ab"/>
                  <SP HEIGHT="64" WIDTH="15" VPOS="1291" HPOS="1697"/>
                  <String HEIGHT="64" WIDTH="93" VPOS="1291" HPOS="1651" CONTENT="eo"/>
                  <SP HEIGHT="64" WIDTH="15" VPOS="1291" HPOS="1744"/>
                  <String HEIGHT="64"
                          WIDTH="139"
                          VPOS="1291"
                          HPOS="1697"
                          CONTENT="quare"/>
                  <SP HEIGHT="64" WIDTH="15" VPOS="1291" HPOS="1837"/>
                  <String HEIGHT="64"
                          WIDTH="108"
                          VPOS="1291"
                          HPOS="1790"
                          CONTENT="non"/>
                  <SP HEIGHT="64" WIDTH="15" VPOS="1291" HPOS="1899"/>
                  <String HEIGHT="64"
                          WIDTH="108"
                          VPOS="1291"
                          HPOS="1837"
                          CONTENT="frige"/>
               </TextLine>
               <TextLine ID="r1l62"
                         BASELINE="1392"
                         HEIGHT="63"
                         WIDTH="791"
                         VPOS="1329"
                         HPOS="1152">
                  <String HEIGHT="63"
                          WIDTH="151"
                          VPOS="1329"
                          HPOS="1135"
                          CONTENT="facit"/>
                  <SP HEIGHT="63" WIDTH="17" VPOS="1329" HPOS="1287"/>
                  <String HEIGHT="63"
                          WIDTH="151"
                          VPOS="1329"
                          HPOS="1236"
                          CONTENT="manum"/>
                  <SP HEIGHT="63" WIDTH="17" VPOS="1329" HPOS="1388"/>
                  <String HEIGHT="63"
                          WIDTH="151"
                          VPOS="1329"
                          HPOS="1337"
                          CONTENT="sicut"/>
                  <SP HEIGHT="63" WIDTH="17" VPOS="1329" HPOS="1489"/>
                  <String HEIGHT="63"
                          WIDTH="168"
                          VPOS="1329"
                          HPOS="1438"
                          CONTENT="ferrum"/>
                  <SP HEIGHT="63" WIDTH="17" VPOS="1329" HPOS="1606"/>
                  <String HEIGHT="63" WIDTH="84" VPOS="1329" HPOS="1556" CONTENT="⁋"/>
                  <SP HEIGHT="63" WIDTH="17" VPOS="1329" HPOS="1640"/>
                  <String HEIGHT="63"
                          WIDTH="135"
                          VPOS="1329"
                          HPOS="1590"
                          CONTENT="Dico"/>
                  <SP HEIGHT="63" WIDTH="17" VPOS="1329" HPOS="1724"/>
                  <String HEIGHT="63"
                          WIDTH="135"
                          VPOS="1329"
                          HPOS="1674"
                          CONTENT="quod"/>
                  <SP HEIGHT="63" WIDTH="17" VPOS="1329" HPOS="1808"/>
                  <String HEIGHT="63"
                          WIDTH="202"
                          VPOS="1329"
                          HPOS="1741"
                          CONTENT="argumentum"/>
               </TextLine>
               <TextLine ID="r1l64"
                         BASELINE="1423"
                         HEIGHT="52"
                         WIDTH="783"
                         VPOS="1371"
                         HPOS="1150">
                  <String HEIGHT="52"
                          WIDTH="107"
                          VPOS="1371"
                          HPOS="1135"
                          CONTENT="est"/>
                  <SP HEIGHT="52" WIDTH="15" VPOS="1371" HPOS="1242"/>
                  <String HEIGHT="52"
                          WIDTH="230"
                          VPOS="1371"
                          HPOS="1196"
                          CONTENT="simpliciter"/>
                  <SP HEIGHT="52" WIDTH="15" VPOS="1371" HPOS="1426"/>
                  <String HEIGHT="52"
                          WIDTH="154"
                          VPOS="1371"
                          HPOS="1380"
                          CONTENT="contra"/>
                  <SP HEIGHT="52" WIDTH="15" VPOS="1371" HPOS="1534"/>
                  <String HEIGHT="52"
                          WIDTH="215"
                          VPOS="1371"
                          HPOS="1488"
                          CONTENT="arguentem."/>
                  <SP HEIGHT="52" WIDTH="15" VPOS="1371" HPOS="1703"/>
                  <String HEIGHT="52"
                          WIDTH="123"
                          VPOS="1371"
                          HPOS="1657"
                          CONTENT="Illa"/>
                  <SP HEIGHT="52" WIDTH="15" VPOS="1371" HPOS="1779"/>
                  <String HEIGHT="52"
                          WIDTH="123"
                          VPOS="1371"
                          HPOS="1733"
                          CONTENT="enim"/>
                  <SP HEIGHT="52" WIDTH="15" VPOS="1371" HPOS="1856"/>
                  <String HEIGHT="52"
                          WIDTH="123"
                          VPOS="1371"
                          HPOS="1810"
                          CONTENT="aqua"/>
                  <SP HEIGHT="52" WIDTH="15" VPOS="1371" HPOS="1933"/>
                  <String HEIGHT="52" WIDTH="61" VPOS="1371" HPOS="1872" CONTENT="ca"/>
               </TextLine>
               <TextLine ID="r1l66"
                         BASELINE="1468"
                         HEIGHT="63"
                         WIDTH="786"
                         VPOS="1405"
                         HPOS="1146">
                  <String HEIGHT="63"
                          WIDTH="154"
                          VPOS="1405"
                          HPOS="1132"
                          CONTENT="lefacit"/>
                  <SP HEIGHT="63" WIDTH="14" VPOS="1405" HPOS="1286"/>
                  <String HEIGHT="63"
                          WIDTH="154"
                          VPOS="1405"
                          HPOS="1244"
                          CONTENT="quantum"/>
                  <SP HEIGHT="63" WIDTH="14" VPOS="1405" HPOS="1399"/>
                  <String HEIGHT="63"
                          WIDTH="98"
                          VPOS="1405"
                          HPOS="1357"
                          CONTENT="est"/>
                  <SP HEIGHT="63" WIDTH="14" VPOS="1405" HPOS="1455"/>
                  <String HEIGHT="63" WIDTH="84" VPOS="1405" HPOS="1413" CONTENT="de"/>
                  <SP HEIGHT="63" WIDTH="14" VPOS="1405" HPOS="1497"/>
                  <String HEIGHT="63"
                          WIDTH="98"
                          VPOS="1405"
                          HPOS="1455"
                          CONTENT="se:"/>
                  <SP HEIGHT="63" WIDTH="14" VPOS="1405" HPOS="1553"/>
                  <String HEIGHT="63"
                          WIDTH="98"
                          VPOS="1405"
                          HPOS="1511"
                          CONTENT="sed"/>
                  <SP HEIGHT="63" WIDTH="14" VPOS="1405" HPOS="1609"/>
                  <String HEIGHT="63"
                          WIDTH="168"
                          VPOS="1405"
                          HPOS="1567"
                          CONTENT="siccitas"/>
                  <SP HEIGHT="63" WIDTH="14" VPOS="1405" HPOS="1736"/>
                  <String HEIGHT="63"
                          WIDTH="98"
                          VPOS="1405"
                          HPOS="1693"
                          CONTENT="est"/>
                  <SP HEIGHT="63" WIDTH="14" VPOS="1405" HPOS="1792"/>
                  <String HEIGHT="63"
                          WIDTH="197"
                          VPOS="1405"
                          HPOS="1736"
                          CONTENT="connaturalis"/>
               </TextLine>
               <TextLine ID="r1l68"
                         BASELINE="1504"
                         HEIGHT="56"
                         WIDTH="781"
                         VPOS="1448"
                         HPOS="1152">
                  <String HEIGHT="56"
                          WIDTH="238"
                          VPOS="1448"
                          HPOS="1135"
                          CONTENT="caliditati"/>
                  <SP HEIGHT="56" WIDTH="17" VPOS="1448" HPOS="1373"/>
                  <String HEIGHT="56"
                          WIDTH="238"
                          VPOS="1448"
                          HPOS="1322"
                          CONTENT="conueniens"/>
                  <SP HEIGHT="56" WIDTH="17" VPOS="1448" HPOS="1559"/>
                  <String HEIGHT="56"
                          WIDTH="136"
                          VPOS="1448"
                          HPOS="1509"
                          CONTENT="igni"/>
                  <SP HEIGHT="56" WIDTH="17" VPOS="1448" HPOS="1644"/>
                  <String HEIGHT="56"
                          WIDTH="119"
                          VPOS="1448"
                          HPOS="1593"
                          CONTENT="qui"/>
                  <SP HEIGHT="56" WIDTH="17" VPOS="1448" HPOS="1712"/>
                  <String HEIGHT="56"
                          WIDTH="153"
                          VPOS="1448"
                          HPOS="1661"
                          CONTENT="habet"/>
                  <SP HEIGHT="56" WIDTH="17" VPOS="1448" HPOS="1814"/>
                  <String HEIGHT="56"
                          WIDTH="187"
                          VPOS="1448"
                          HPOS="1763"
                          CONTENT="calorem"/>
                  <SP HEIGHT="56" WIDTH="17" VPOS="1448" HPOS="1950"/>
                  <String HEIGHT="56" WIDTH="51" VPOS="1448" HPOS="1882" CONTENT="i"/>
               </TextLine>
               <TextLine ID="r1l70"
                         BASELINE="1543"
                         HEIGHT="62"
                         WIDTH="787"
                         VPOS="1481"
                         HPOS="1147">
                  <String HEIGHT="62"
                          WIDTH="175"
                          VPOS="1481"
                          HPOS="1130"
                          CONTENT="summo."/>
                  <SP HEIGHT="62" WIDTH="17" VPOS="1481" HPOS="1304"/>
                  <String HEIGHT="62"
                          WIDTH="227"
                          VPOS="1481"
                          HPOS="1252"
                          CONTENT="humiditas"/>
                  <SP HEIGHT="62" WIDTH="17" VPOS="1481" HPOS="1479"/>
                  <String HEIGHT="62"
                          WIDTH="157"
                          VPOS="1481"
                          HPOS="1427"
                          CONTENT="autem"/>
                  <SP HEIGHT="62" WIDTH="17" VPOS="1481" HPOS="1584"/>
                  <String HEIGHT="62"
                          WIDTH="157"
                          VPOS="1481"
                          HPOS="1532"
                          CONTENT="licet"/>
                  <SP HEIGHT="62" WIDTH="17" VPOS="1481" HPOS="1689"/>
                  <String HEIGHT="62"
                          WIDTH="262"
                          VPOS="1481"
                          HPOS="1637"
                          CONTENT="compatiatur"/>
                  <SP HEIGHT="62" WIDTH="17" VPOS="1481" HPOS="1899"/>
                  <String HEIGHT="62"
                          WIDTH="105"
                          VPOS="1481"
                          HPOS="1829"
                          CONTENT="cali"/>
               </TextLine>
               <TextLine ID="r1l72"
                         BASELINE="1578"
                         HEIGHT="51"
                         WIDTH="789"
                         VPOS="1527"
                         HPOS="1139">
                  <String HEIGHT="51"
                          WIDTH="167"
                          VPOS="1527"
                          HPOS="1124"
                          CONTENT="ditatem"/>
                  <SP HEIGHT="51" WIDTH="15" VPOS="1527" HPOS="1291"/>
                  <String HEIGHT="51"
                          WIDTH="137"
                          VPOS="1527"
                          HPOS="1245"
                          CONTENT="secum"/>
                  <SP HEIGHT="51" WIDTH="15" VPOS="1527" HPOS="1382"/>
                  <String HEIGHT="51"
                          WIDTH="106"
                          VPOS="1527"
                          HPOS="1336"
                          CONTENT="(vt"/>
                  <SP HEIGHT="51" WIDTH="15" VPOS="1527" HPOS="1442"/>
                  <String HEIGHT="51"
                          WIDTH="137"
                          VPOS="1527"
                          HPOS="1397"
                          CONTENT="patet"/>
                  <SP HEIGHT="51" WIDTH="15" VPOS="1527" HPOS="1534"/>
                  <String HEIGHT="51" WIDTH="91" VPOS="1527" HPOS="1488" CONTENT="in"/>
                  <SP HEIGHT="51" WIDTH="15" VPOS="1527" HPOS="1579"/>
                  <String HEIGHT="51"
                          WIDTH="137"
                          VPOS="1527"
                          HPOS="1534"
                          CONTENT="aere)"/>
                  <SP HEIGHT="51" WIDTH="15" VPOS="1527" HPOS="1670"/>
                  <String HEIGHT="51"
                          WIDTH="106"
                          VPOS="1527"
                          HPOS="1625"
                          CONTENT="non"/>
                  <SP HEIGHT="51" WIDTH="15" VPOS="1527" HPOS="1731"/>
                  <String HEIGHT="51"
                          WIDTH="106"
                          VPOS="1527"
                          HPOS="1685"
                          CONTENT="est"/>
                  <SP HEIGHT="51" WIDTH="15" VPOS="1527" HPOS="1791"/>
                  <String HEIGHT="51" WIDTH="91" VPOS="1527" HPOS="1746" CONTENT="ei"/>
                  <SP HEIGHT="51" WIDTH="15" VPOS="1527" HPOS="1837"/>
                  <String HEIGHT="51"
                          WIDTH="106"
                          VPOS="1527"
                          HPOS="1791"
                          CONTENT="ita"/>
                  <SP HEIGHT="51" WIDTH="15" VPOS="1527" HPOS="1898"/>
                  <String HEIGHT="51"
                          WIDTH="91"
                          VPOS="1527"
                          HPOS="1837"
                          CONTENT="affe"/>
               </TextLine>
               <TextLine ID="r1l74"
                         BASELINE="1615"
                         HEIGHT="52"
                         WIDTH="796"
                         VPOS="1563"
                         HPOS="1138">
                  <String HEIGHT="52"
                          WIDTH="135"
                          VPOS="1563"
                          HPOS="1121"
                          CONTENT="nis:"/>
                  <SP HEIGHT="52" WIDTH="17" VPOS="1563" HPOS="1257"/>
                  <String HEIGHT="52"
                          WIDTH="220"
                          VPOS="1563"
                          HPOS="1206"
                          CONTENT="humiditas"/>
                  <SP HEIGHT="52" WIDTH="17" VPOS="1563" HPOS="1426"/>
                  <String HEIGHT="52"
                          WIDTH="135"
                          VPOS="1563"
                          HPOS="1375"
                          CONTENT="enim"/>
                  <SP HEIGHT="52" WIDTH="17" VPOS="1563" HPOS="1511"/>
                  <String HEIGHT="52"
                          WIDTH="135"
                          VPOS="1563"
                          HPOS="1460"
                          CONTENT="aque"/>
                  <SP HEIGHT="52" WIDTH="17" VPOS="1563" HPOS="1595"/>
                  <String HEIGHT="52"
                          WIDTH="169"
                          VPOS="1563"
                          HPOS="1544"
                          CONTENT="pugnat"/>
                  <SP HEIGHT="52" WIDTH="17" VPOS="1563" HPOS="1714"/>
                  <String HEIGHT="52"
                          WIDTH="169"
                          VPOS="1563"
                          HPOS="1663"
                          CONTENT="contra"/>
                  <SP HEIGHT="52" WIDTH="17" VPOS="1563" HPOS="1832"/>
                  <String HEIGHT="52"
                          WIDTH="169"
                          VPOS="1563"
                          HPOS="1765"
                          CONTENT="siccita"
                          SUBS_TYPE="HypPart1"
                          SUBS_CONTENT="siccitatem"/>
                  <HYP CONTENT="-"/>
               </TextLine>
               <TextLine ID="r1l76"
                         BASELINE="1654"
                         HEIGHT="53"
                         WIDTH="786"
                         VPOS="1601"
                         HPOS="1144">
                  <String HEIGHT="53"
                          WIDTH="108"
                          VPOS="1601"
                          HPOS="1129"
                          CONTENT="tem"
                          SUBS_TYPE="HypPart2"
                          SUBS_CONTENT="siccitatem"/>
                  <SP HEIGHT="53" WIDTH="15" VPOS="1601" HPOS="1236"/>
                  <String HEIGHT="53"
                          WIDTH="154"
                          VPOS="1601"
                          HPOS="1190"
                          CONTENT="ferri."/>
                  <SP HEIGHT="53" WIDTH="15" VPOS="1601" HPOS="1344"/>
                  <String HEIGHT="53" WIDTH="92" VPOS="1601" HPOS="1298" CONTENT="et"/>
                  <SP HEIGHT="53" WIDTH="15" VPOS="1601" HPOS="1391"/>
                  <String HEIGHT="53"
                          WIDTH="216"
                          VPOS="1601"
                          HPOS="1344"
                          CONTENT="clauduntur"/>
                  <SP HEIGHT="53" WIDTH="15" VPOS="1601" HPOS="1560"/>
                  <String HEIGHT="53"
                          WIDTH="123"
                          VPOS="1601"
                          HPOS="1514"
                          CONTENT="eius"/>
                  <SP HEIGHT="53" WIDTH="15" VPOS="1601" HPOS="1637"/>
                  <String HEIGHT="53"
                          WIDTH="139"
                          VPOS="1601"
                          HPOS="1591"
                          CONTENT="pori:"/>
                  <SP HEIGHT="53" WIDTH="15" VPOS="1601" HPOS="1730"/>
                  <String HEIGHT="53" WIDTH="92" VPOS="1601" HPOS="1683" CONTENT="vt"/>
                  <SP HEIGHT="53" WIDTH="15" VPOS="1601" HPOS="1776"/>
                  <String HEIGHT="53"
                          WIDTH="216"
                          VPOS="1601"
                          HPOS="1714"
                          CONTENT="exhalationes"/>
               </TextLine>
               <TextLine ID="r1l78"
                         BASELINE="1696"
                         HEIGHT="57"
                         WIDTH="781"
                         VPOS="1639"
                         HPOS="1147">
                  <String HEIGHT="57"
                          WIDTH="114"
                          VPOS="1639"
                          HPOS="1131"
                          CONTENT="non"/>
                  <SP HEIGHT="57" WIDTH="16" VPOS="1639" HPOS="1245"/>
                  <String HEIGHT="57"
                          WIDTH="260"
                          VPOS="1639"
                          HPOS="1196"
                          CONTENT="egrediantur."/>
                  <SP HEIGHT="57" WIDTH="16" VPOS="1639" HPOS="1456"/>
                  <String HEIGHT="57"
                          WIDTH="114"
                          VPOS="1639"
                          HPOS="1407"
                          CONTENT="sic"/>
                  <SP HEIGHT="57" WIDTH="16" VPOS="1639" HPOS="1521"/>
                  <String HEIGHT="57"
                          WIDTH="212"
                          VPOS="1639"
                          HPOS="1472"
                          CONTENT="indirecte"/>
                  <SP HEIGHT="57" WIDTH="16" VPOS="1639" HPOS="1684"/>
                  <String HEIGHT="57" WIDTH="98" VPOS="1639" HPOS="1635" CONTENT="a:"/>
                  <SP HEIGHT="57" WIDTH="16" VPOS="1639" HPOS="1733"/>
                  <String HEIGHT="57"
                          WIDTH="195"
                          VPOS="1639"
                          HPOS="1684"
                          CONTENT="tenuatur"/>
                  <SP HEIGHT="57" WIDTH="16" VPOS="1639" HPOS="1879"/>
                  <String HEIGHT="57"
                          WIDTH="114"
                          VPOS="1639"
                          HPOS="1814"
                          CONTENT="vigor"/>
               </TextLine>
               <TextLine ID="r1l80"
                         BASELINE="1732"
                         HEIGHT="60"
                         WIDTH="778"
                         VPOS="1672"
                         HPOS="1150">
                  <String HEIGHT="60"
                          WIDTH="216"
                          VPOS="1672"
                          HPOS="1136"
                          CONTENT="caliditatis"/>
                  <SP HEIGHT="60" WIDTH="14" VPOS="1672" HPOS="1352"/>
                  <String HEIGHT="60"
                          WIDTH="144"
                          VPOS="1672"
                          HPOS="1308"
                          CONTENT="ferri:"/>
                  <SP HEIGHT="60" WIDTH="14" VPOS="1672" HPOS="1453"/>
                  <String HEIGHT="60" WIDTH="86" VPOS="1672" HPOS="1409" CONTENT="et"/>
                  <SP HEIGHT="60" WIDTH="14" VPOS="1672" HPOS="1496"/>
                  <String HEIGHT="60" WIDTH="86" VPOS="1672" HPOS="1453" CONTENT="si"/>
                  <SP HEIGHT="60" WIDTH="14" VPOS="1672" HPOS="1539"/>
                  <String HEIGHT="60"
                          WIDTH="130"
                          VPOS="1672"
                          HPOS="1496"
                          CONTENT="forma"/>
                  <SP HEIGHT="60" WIDTH="14" VPOS="1672" HPOS="1625"/>
                  <String HEIGHT="60"
                          WIDTH="130"
                          VPOS="1672"
                          HPOS="1582"
                          CONTENT="ferri"/>
                  <SP HEIGHT="60" WIDTH="14" VPOS="1672" HPOS="1712"/>
                  <String HEIGHT="60"
                          WIDTH="158"
                          VPOS="1672"
                          HPOS="1669"
                          CONTENT="maioris"/>
                  <SP HEIGHT="60" WIDTH="14" VPOS="1672" HPOS="1827"/>
                  <String HEIGHT="60"
                          WIDTH="144"
                          VPOS="1672"
                          HPOS="1784"
                          CONTENT="fuestt"/>
                  <SP HEIGHT="60" WIDTH="14" VPOS="1672" HPOS="1928"/>
                  <String HEIGHT="60"
                          WIDTH="58"
                          VPOS="1672"
                          HPOS="1870"
                          CONTENT="a"
                          SUBS_TYPE="HypPart1"
                          SUBS_CONTENT="actiuitatis"/>
                  <HYP CONTENT="-"/>
               </TextLine>
               <TextLine ID="r1l82"
                         BASELINE="1768"
                         HEIGHT="50"
                         WIDTH="778"
                         VPOS="1718"
                         HPOS="1150">
                  <String HEIGHT="50"
                          WIDTH="209"
                          VPOS="1718"
                          HPOS="1135"
                          CONTENT="ctiuitatis"
                          SUBS_TYPE="HypPart2"
                          SUBS_CONTENT="actiuitatis"/>
                  <SP HEIGHT="50" WIDTH="15" VPOS="1718" HPOS="1345"/>
                  <String HEIGHT="50"
                          WIDTH="120"
                          VPOS="1718"
                          HPOS="1300"
                          CONTENT="quam"/>
                  <SP HEIGHT="50" WIDTH="15" VPOS="1718" HPOS="1419"/>
                  <String HEIGHT="50"
                          WIDTH="224"
                          VPOS="1718"
                          HPOS="1374"
                          CONTENT="resistentia"/>
                  <SP HEIGHT="50" WIDTH="15" VPOS="1718" HPOS="1599"/>
                  <String HEIGHT="50"
                          WIDTH="120"
                          VPOS="1718"
                          HPOS="1554"
                          CONTENT="aque"/>
                  <SP HEIGHT="50" WIDTH="15" VPOS="1718" HPOS="1674"/>
                  <String HEIGHT="50"
                          WIDTH="224"
                          VPOS="1718"
                          HPOS="1629"
                          CONTENT="frigefaciet"/>
                  <SP HEIGHT="50" WIDTH="15" VPOS="1718" HPOS="1853"/>
                  <String HEIGHT="50"
                          WIDTH="135"
                          VPOS="1718"
                          HPOS="1793"
                          CONTENT="ferrum:"/>
               </TextLine>
               <TextLine ID="r1l84"
                         BASELINE="1802"
                         HEIGHT="53"
                         WIDTH="778"
                         VPOS="1749"
                         HPOS="1147">
                  <String HEIGHT="53" WIDTH="97" VPOS="1749" HPOS="1131" CONTENT="et"/>
                  <SP HEIGHT="53" WIDTH="16" VPOS="1749" HPOS="1228"/>
                  <String HEIGHT="53" WIDTH="97" VPOS="1749" HPOS="1179" CONTENT="ex"/>
                  <SP HEIGHT="53" WIDTH="16" VPOS="1749" HPOS="1277"/>
                  <String HEIGHT="53"
                          WIDTH="243"
                          VPOS="1749"
                          HPOS="1228"
                          CONTENT="consequenti"/>
                  <SP HEIGHT="53" WIDTH="16" VPOS="1749" HPOS="1471"/>
                  <String HEIGHT="53"
                          WIDTH="146"
                          VPOS="1749"
                          HPOS="1423"
                          CONTENT="aquam"/>
                  <SP HEIGHT="53" WIDTH="16" VPOS="1749" HPOS="1568"/>
                  <String HEIGHT="53"
                          WIDTH="162"
                          VPOS="1749"
                          HPOS="1520"
                          CONTENT="ipsam."/>
                  <SP HEIGHT="53" WIDTH="16" VPOS="1749" HPOS="1682"/>
                  <String HEIGHT="53"
                          WIDTH="211"
                          VPOS="1749"
                          HPOS="1633"
                          CONTENT="Tepiditas"/>
                  <SP HEIGHT="53" WIDTH="16" VPOS="1749" HPOS="1844"/>
                  <String HEIGHT="53"
                          WIDTH="113"
                          VPOS="1749"
                          HPOS="1795"
                          CONTENT="est"/>
                  <SP HEIGHT="53" WIDTH="16" VPOS="1749" HPOS="1909"/>
                  <String HEIGHT="53"
                          WIDTH="81"
                          VPOS="1749"
                          HPOS="1844"
                          CONTENT="ag"
                          SUBS_TYPE="HypPart1"
                          SUBS_CONTENT="aggregatum"/>
                  <HYP CONTENT="-"/>
               </TextLine>
               <TextLine ID="r1l86"
                         BASELINE="1846"
                         HEIGHT="52"
                         WIDTH="788"
                         VPOS="1794"
                         HPOS="1146">
                  <String HEIGHT="52"
                          WIDTH="197"
                          VPOS="1794"
                          HPOS="1130"
                          CONTENT="gregatum"
                          SUBS_TYPE="HypPart2"
                          SUBS_CONTENT="aggregatum"/>
                  <SP HEIGHT="52" WIDTH="16" VPOS="1794" HPOS="1327"/>
                  <String HEIGHT="52" WIDTH="99" VPOS="1794" HPOS="1277" CONTENT="ex"/>
                  <SP HEIGHT="52" WIDTH="16" VPOS="1794" HPOS="1376"/>
                  <String HEIGHT="52"
                          WIDTH="164"
                          VPOS="1794"
                          HPOS="1327"
                          CONTENT="calore"/>
                  <SP HEIGHT="52" WIDTH="16" VPOS="1794" HPOS="1491"/>
                  <String HEIGHT="52" WIDTH="99" VPOS="1794" HPOS="1442" CONTENT="et"/>
                  <SP HEIGHT="52" WIDTH="16" VPOS="1794" HPOS="1540"/>
                  <String HEIGHT="52"
                          WIDTH="181"
                          VPOS="1794"
                          HPOS="1491"
                          CONTENT="frigore"/>
                  <SP HEIGHT="52" WIDTH="16" VPOS="1794" HPOS="1671"/>
                  <String HEIGHT="52" WIDTH="99" VPOS="1794" HPOS="1622" CONTENT="in"/>
                  <SP HEIGHT="52" WIDTH="16" VPOS="1794" HPOS="1721"/>
                  <String HEIGHT="52"
                          WIDTH="197"
                          VPOS="1794"
                          HPOS="1671"
                          CONTENT="partibus"/>
                  <SP HEIGHT="52" WIDTH="16" VPOS="1794" HPOS="1868"/>
                  <String HEIGHT="52"
                          WIDTH="131"
                          VPOS="1794"
                          HPOS="1803"
                          CONTENT="propin"/>
               </TextLine>
               <TextLine ID="r1l88"
                         BASELINE="1871"
                         HEIGHT="40"
                         WIDTH="786"
                         VPOS="1831"
                         HPOS="1141">
                  <String HEIGHT="40"
                          WIDTH="136"
                          VPOS="1831"
                          HPOS="1126"
                          CONTENT="quis:"/>
                  <SP HEIGHT="40" WIDTH="15" VPOS="1831" HPOS="1262"/>
                  <String HEIGHT="40"
                          WIDTH="106"
                          VPOS="1831"
                          HPOS="1217"
                          CONTENT="vel"/>
                  <SP HEIGHT="40" WIDTH="15" VPOS="1831" HPOS="1322"/>
                  <String HEIGHT="40"
                          WIDTH="106"
                          VPOS="1831"
                          HPOS="1277"
                          CONTENT="est"/>
                  <SP HEIGHT="40" WIDTH="15" VPOS="1831" HPOS="1383"/>
                  <String HEIGHT="40"
                          WIDTH="136"
                          VPOS="1831"
                          HPOS="1338"
                          CONTENT="calor"/>
                  <SP HEIGHT="40" WIDTH="15" VPOS="1831" HPOS="1474"/>
                  <String HEIGHT="40"
                          WIDTH="197"
                          VPOS="1831"
                          HPOS="1428"
                          CONTENT="remissus."/>
                  <SP HEIGHT="40" WIDTH="15" VPOS="1831" HPOS="1625"/>
                  <String HEIGHT="40" WIDTH="91" VPOS="1831" HPOS="1579" CONTENT="si"/>
                  <SP HEIGHT="40" WIDTH="15" VPOS="1831" HPOS="1670"/>
                  <String HEIGHT="40"
                          WIDTH="151"
                          VPOS="1831"
                          HPOS="1625"
                          CONTENT="frigus"/>
                  <SP HEIGHT="40" WIDTH="15" VPOS="1831" HPOS="1776"/>
                  <String HEIGHT="40"
                          WIDTH="181"
                          VPOS="1831"
                          HPOS="1731"
                          CONTENT="remissum"/>
                  <SP HEIGHT="40" WIDTH="15" VPOS="1831" HPOS="1912"/>
                  <String HEIGHT="40"
                          WIDTH="76"
                          VPOS="1831"
                          HPOS="1851"
                          CONTENT="di"
                          SUBS_TYPE="HypPart1"
                          SUBS_CONTENT="dicatur"/>
                  <HYP CONTENT="-"/>
               </TextLine>
               <TextLine ID="r1l90"
                         BASELINE="1921"
                         HEIGHT="54"
                         WIDTH="783"
                         VPOS="1867"
                         HPOS="1141">
                  <String HEIGHT="54"
                          WIDTH="133"
                          VPOS="1867"
                          HPOS="1126"
                          CONTENT="catur"
                          SUBS_TYPE="HypPart2"
                          SUBS_CONTENT="dicatur"/>
                  <SP HEIGHT="54" WIDTH="15" VPOS="1867" HPOS="1259"/>
                  <String HEIGHT="54"
                          WIDTH="192"
                          VPOS="1867"
                          HPOS="1215"
                          CONTENT="caliditas"/>
                  <SP HEIGHT="54" WIDTH="15" VPOS="1867" HPOS="1407"/>
                  <String HEIGHT="54"
                          WIDTH="163"
                          VPOS="1867"
                          HPOS="1363"
                          CONTENT="(nomina"/>
                  <SP HEIGHT="54" WIDTH="15" VPOS="1867" HPOS="1525"/>
                  <String HEIGHT="54"
                          WIDTH="118"
                          VPOS="1867"
                          HPOS="1481"
                          CONTENT="enim"/>
                  <SP HEIGHT="54" WIDTH="15" VPOS="1867" HPOS="1599"/>
                  <String HEIGHT="54"
                          WIDTH="222"
                          VPOS="1867"
                          HPOS="1555"
                          CONTENT="significant"/>
                  <SP HEIGHT="54" WIDTH="15" VPOS="1867" HPOS="1776"/>
                  <String HEIGHT="54" WIDTH="89" VPOS="1867" HPOS="1732" CONTENT="ad"/>
                  <SP HEIGHT="54" WIDTH="15" VPOS="1867" HPOS="1821"/>
                  <String HEIGHT="54"
                          WIDTH="163"
                          VPOS="1867"
                          HPOS="1761"
                          CONTENT="placitum."/>
               </TextLine>
               <TextLine ID="r1l92"
                         BASELINE="1949"
                         HEIGHT="48"
                         WIDTH="793"
                         VPOS="1901"
                         HPOS="1131">
                  <String HEIGHT="48"
                          WIDTH="288"
                          VPOS="1901"
                          HPOS="1113"
                          CONTENT="accommodande"/>
                  <SP HEIGHT="48" WIDTH="18" VPOS="1901" HPOS="1401"/>
                  <String HEIGHT="48"
                          WIDTH="144"
                          VPOS="1901"
                          HPOS="1347"
                          CONTENT="sunt"/>
                  <SP HEIGHT="48" WIDTH="18" VPOS="1901" HPOS="1491"/>
                  <String HEIGHT="48"
                          WIDTH="162"
                          VPOS="1901"
                          HPOS="1437"
                          CONTENT="aures"/>
                  <SP HEIGHT="48" WIDTH="18" VPOS="1901" HPOS="1600"/>
                  <String HEIGHT="48"
                          WIDTH="252"
                          VPOS="1901"
                          HPOS="1546"
                          CONTENT="vulgariter"/>
                  <SP HEIGHT="48" WIDTH="18" VPOS="1901" HPOS="1798"/>
                  <String HEIGHT="48"
                          WIDTH="198"
                          VPOS="1901"
                          HPOS="1726"
                          CONTENT="loquenti"
                          SUBS_TYPE="HypPart1"
                          SUBS_CONTENT="loquentipus"/>
                  <HYP CONTENT="-"/>
               </TextLine>
               <TextLine ID="r1l94"
                         BASELINE="1992"
                         HEIGHT="46"
                         WIDTH="769"
                         VPOS="1946"
                         HPOS="1150">
                  <String HEIGHT="46"
                          WIDTH="110"
                          VPOS="1946"
                          HPOS="1134"
                          CONTENT="pus"
                          SUBS_TYPE="HypPart2"
                          SUBS_CONTENT="loquentipus"/>
                  <SP HEIGHT="46" WIDTH="16" VPOS="1946" HPOS="1244"/>
                  <String HEIGHT="46" WIDTH="94" VPOS="1946" HPOS="1197" CONTENT="de"/>
                  <SP HEIGHT="46" WIDTH="16" VPOS="1946" HPOS="1291"/>
                  <String HEIGHT="46"
                          WIDTH="110"
                          VPOS="1946"
                          HPOS="1244"
                          CONTENT="hac"/>
                  <SP HEIGHT="46" WIDTH="16" VPOS="1946" HPOS="1354"/>
                  <String HEIGHT="46"
                          WIDTH="235"
                          VPOS="1946"
                          HPOS="1307"
                          CONTENT="tepiditate."/>
                  <SP HEIGHT="46" WIDTH="16" VPOS="1946" HPOS="1542"/>
                  <String HEIGHT="46" WIDTH="78" VPOS="1946" HPOS="1495" CONTENT="⁋"/>
                  <SP HEIGHT="46" WIDTH="16" VPOS="1946" HPOS="1574"/>
                  <String HEIGHT="46"
                          WIDTH="157"
                          VPOS="1946"
                          HPOS="1527"
                          CONTENT="Tertio"/>
                  <SP HEIGHT="46" WIDTH="16" VPOS="1946" HPOS="1684"/>
                  <String HEIGHT="46"
                          WIDTH="188"
                          VPOS="1946"
                          HPOS="1637"
                          CONTENT="arguitur"/>
                  <SP HEIGHT="46" WIDTH="16" VPOS="1946" HPOS="1825"/>
                  <String HEIGHT="46"
                          WIDTH="126"
                          VPOS="1946"
                          HPOS="1778"
                          CONTENT="sic."/>
                  <SP HEIGHT="46" WIDTH="16" VPOS="1946" HPOS="1903"/>
                  <String HEIGHT="46"
                          WIDTH="78"
                          VPOS="1946"
                          HPOS="1841"
                          CONTENT="al"
                          SUBS_TYPE="HypPart1"
                          SUBS_CONTENT="albedo"/>
                  <HYP CONTENT="-"/>
               </TextLine>
               <TextLine ID="r1l96"
                         BASELINE="2037"
                         HEIGHT="61"
                         WIDTH="785"
                         VPOS="1976"
                         HPOS="1137">
                  <String HEIGHT="61"
                          WIDTH="126"
                          VPOS="1976"
                          HPOS="1121"
                          CONTENT="bedo"
                          SUBS_TYPE="HypPart2"
                          SUBS_CONTENT="albedo"/>
                  <SP HEIGHT="61" WIDTH="16" VPOS="1976" HPOS="1247"/>
                  <String HEIGHT="61" WIDTH="79" VPOS="1976" HPOS="1200" CONTENT="a"/>
                  <SP HEIGHT="61" WIDTH="16" VPOS="1976" HPOS="1278"/>
                  <String HEIGHT="61"
                          WIDTH="173"
                          VPOS="1976"
                          HPOS="1231"
                          CONTENT="nigredo"/>
                  <SP HEIGHT="61" WIDTH="16" VPOS="1976" HPOS="1404"/>
                  <String HEIGHT="61" WIDTH="94" VPOS="1976" HPOS="1357" CONTENT="se"/>
                  <SP HEIGHT="61" WIDTH="16" VPOS="1976" HPOS="1451"/>
                  <String HEIGHT="61"
                          WIDTH="267"
                          VPOS="1976"
                          HPOS="1404"
                          CONTENT="compatiuntur:"/>
                  <SP HEIGHT="61" WIDTH="16" VPOS="1976" HPOS="1671"/>
                  <String HEIGHT="61" WIDTH="94" VPOS="1976" HPOS="1624" CONTENT="et"/>
                  <SP HEIGHT="61" WIDTH="16" VPOS="1976" HPOS="1718"/>
                  <String HEIGHT="61"
                          WIDTH="141"
                          VPOS="1976"
                          HPOS="1671"
                          CONTENT="tamen"/>
                  <SP HEIGHT="61" WIDTH="16" VPOS="1976" HPOS="1812"/>
                  <String HEIGHT="61"
                          WIDTH="126"
                          VPOS="1976"
                          HPOS="1765"
                          CONTENT="sunt"/>
                  <SP HEIGHT="61" WIDTH="16" VPOS="1976" HPOS="1891"/>
                  <String HEIGHT="61"
                          WIDTH="94"
                          VPOS="1976"
                          HPOS="1828"
                          CONTENT="qua"
                          SUBS_TYPE="HypPart1"
                          SUBS_CONTENT="qualitates"/>
                  <HYP CONTENT="-"/>
               </TextLine>
               <TextLine ID="r1l98"
                         BASELINE="2071"
                         HEIGHT="57"
                         WIDTH="779"
                         VPOS="2014"
                         HPOS="1138">
                  <String HEIGHT="57"
                          WIDTH="165"
                          VPOS="2014"
                          HPOS="1123"
                          CONTENT="litates"
                          SUBS_TYPE="HypPart2"
                          SUBS_CONTENT="qualitates"/>
                  <SP HEIGHT="57" WIDTH="15" VPOS="2014" HPOS="1288"/>
                  <String HEIGHT="57"
                          WIDTH="210"
                          VPOS="2014"
                          HPOS="1243"
                          CONTENT="contrarie."/>
                  <SP HEIGHT="57" WIDTH="15" VPOS="2014" HPOS="1453"/>
                  <String HEIGHT="57"
                          WIDTH="210"
                          VPOS="2014"
                          HPOS="1408"
                          CONTENT="antecedens"/>
                  <SP HEIGHT="57" WIDTH="15" VPOS="2014" HPOS="1617"/>
                  <String HEIGHT="57"
                          WIDTH="150"
                          VPOS="2014"
                          HPOS="1572"
                          CONTENT="patet."/>
                  <SP HEIGHT="57" WIDTH="15" VPOS="2014" HPOS="1722"/>
                  <String HEIGHT="57"
                          WIDTH="150"
                          VPOS="2014"
                          HPOS="1677"
                          CONTENT="quando"/>
                  <SP HEIGHT="57" WIDTH="15" VPOS="2014" HPOS="1827"/>
                  <String HEIGHT="57"
                          WIDTH="135"
                          VPOS="2014"
                          HPOS="1782"
                          CONTENT="cadit"/>
                  <SP HEIGHT="57" WIDTH="15" VPOS="2014" HPOS="1917"/>
                  <String HEIGHT="57"
                          WIDTH="60"
                          VPOS="2014"
                          HPOS="1857"
                          CONTENT="a"
                          SUBS_TYPE="HypPart1"
                          SUBS_CONTENT="atramentum"/>
                  <HYP CONTENT="-"/>
               </TextLine>
               <TextLine ID="r1l100"
                         BASELINE="2115"
                         HEIGHT="61"
                         WIDTH="792"
                         VPOS="2054"
                         HPOS="1132">
                  <String HEIGHT="61"
                          WIDTH="245"
                          VPOS="2054"
                          HPOS="1113"
                          CONTENT="tramentum"
                          SUBS_TYPE="HypPart2"
                          SUBS_CONTENT="atramentum"/>
                  <SP HEIGHT="61" WIDTH="19" VPOS="2054" HPOS="1358"/>
                  <String HEIGHT="61"
                          WIDTH="170"
                          VPOS="2054"
                          HPOS="1302"
                          CONTENT="super"/>
                  <SP HEIGHT="61" WIDTH="19" VPOS="2054" HPOS="1471"/>
                  <String HEIGHT="61"
                          WIDTH="207"
                          VPOS="2054"
                          HPOS="1415"
                          CONTENT="papyrum"/>
                  <SP HEIGHT="61" WIDTH="19" VPOS="2054" HPOS="1622"/>
                  <String HEIGHT="61"
                          WIDTH="189"
                          VPOS="2054"
                          HPOS="1566"
                          CONTENT="albam:"/>
                  <SP HEIGHT="61" WIDTH="19" VPOS="2054" HPOS="1754"/>
                  <String HEIGHT="61"
                          WIDTH="132"
                          VPOS="2054"
                          HPOS="1698"
                          CONTENT="iam"/>
                  <SP HEIGHT="61" WIDTH="19" VPOS="2054" HPOS="1830"/>
                  <String HEIGHT="61"
                          WIDTH="189"
                          VPOS="2054"
                          HPOS="1773"
                          CONTENT="albedo"/>
                  <SP HEIGHT="61" WIDTH="19" VPOS="2054" HPOS="1962"/>
                  <String HEIGHT="61" WIDTH="38" VPOS="2054" HPOS="1886" CONTENT=""/>
               </TextLine>
               <TextLine ID="r1l102"
                         BASELINE="2149"
                         HEIGHT="53"
                         WIDTH="775"
                         VPOS="2096"
                         HPOS="1141">
                  <String HEIGHT="53"
                          WIDTH="101"
                          VPOS="2096"
                          HPOS="1124"
                          CONTENT="et"/>
                  <SP HEIGHT="53" WIDTH="17" VPOS="2096" HPOS="1225"/>
                  <String HEIGHT="53"
                          WIDTH="185"
                          VPOS="2096"
                          HPOS="1175"
                          CONTENT="nigredo"/>
                  <SP HEIGHT="53" WIDTH="17" VPOS="2096" HPOS="1360"/>
                  <String HEIGHT="53"
                          WIDTH="202"
                          VPOS="2096"
                          HPOS="1309"
                          CONTENT="inherent"/>
                  <SP HEIGHT="53" WIDTH="17" VPOS="2096" HPOS="1512"/>
                  <String HEIGHT="53"
                          WIDTH="185"
                          VPOS="2096"
                          HPOS="1461"
                          CONTENT="papyro."/>
                  <SP HEIGHT="53" WIDTH="17" VPOS="2096" HPOS="1646"/>
                  <String HEIGHT="53"
                          WIDTH="118"
                          VPOS="2096"
                          HPOS="1596"
                          CONTENT="Nam"/>
                  <SP HEIGHT="53" WIDTH="17" VPOS="2096" HPOS="1714"/>
                  <String HEIGHT="53"
                          WIDTH="185"
                          VPOS="2096"
                          HPOS="1663"
                          CONTENT="quoniam"/>
                  <SP HEIGHT="53" WIDTH="17" VPOS="2096" HPOS="1849"/>
                  <String HEIGHT="53"
                          WIDTH="135"
                          VPOS="2096"
                          HPOS="1781"
                          CONTENT="nigre"
                          SUBS_TYPE="HypPart1"
                          SUBS_CONTENT="nigredo"/>
                  <HYP CONTENT="-"/>
               </TextLine>
               <TextLine ID="r1l104"
                         BASELINE="2192"
                         HEIGHT="64"
                         WIDTH="794"
                         VPOS="2128"
                         HPOS="1136">
                  <String HEIGHT="64"
                          WIDTH="101"
                          VPOS="2128"
                          HPOS="1119"
                          CONTENT="do"
                          SUBS_TYPE="HypPart2"
                          SUBS_CONTENT="nigredo"/>
                  <SP HEIGHT="64" WIDTH="17" VPOS="2128" HPOS="1220"/>
                  <String HEIGHT="64"
                          WIDTH="118"
                          VPOS="2128"
                          HPOS="1170"
                          CONTENT="non"/>
                  <SP HEIGHT="64" WIDTH="17" VPOS="2128" HPOS="1288"/>
                  <String HEIGHT="64"
                          WIDTH="118"
                          VPOS="2128"
                          HPOS="1237"
                          CONTENT="est"/>
                  <SP HEIGHT="64" WIDTH="17" VPOS="2128" HPOS="1356"/>
                  <String HEIGHT="64"
                          WIDTH="169"
                          VPOS="2128"
                          HPOS="1305"
                          CONTENT="actiua"/>
                  <SP HEIGHT="64" WIDTH="17" VPOS="2128" HPOS="1474"/>
                  <String HEIGHT="64"
                          WIDTH="118"
                          VPOS="2128"
                          HPOS="1423"
                          CONTENT="non"/>
                  <SP HEIGHT="64" WIDTH="17" VPOS="2128" HPOS="1541"/>
                  <String HEIGHT="64"
                          WIDTH="220"
                          VPOS="2128"
                          HPOS="1491"
                          CONTENT="corrumpit"/>
                  <SP HEIGHT="64" WIDTH="17" VPOS="2128" HPOS="1710"/>
                  <String HEIGHT="64"
                          WIDTH="237"
                          VPOS="2128"
                          HPOS="1660"
                          CONTENT="albedinem."/>
                  <SP HEIGHT="64" WIDTH="17" VPOS="2128" HPOS="1896"/>
                  <String HEIGHT="64" WIDTH="84" VPOS="2128" HPOS="1846" CONTENT="⁋"/>
                  <SP HEIGHT="64" WIDTH="17" VPOS="2128" HPOS="1930"/>
                  <String HEIGHT="64" WIDTH="68" VPOS="2128" HPOS="1862" CONTENT="Et"/>
               </TextLine>
               <TextLine ID="r1l106"
                         BASELINE="2219"
                         HEIGHT="44"
                         WIDTH="780"
                         VPOS="2175"
                         HPOS="1138">
                  <String HEIGHT="44"
                          WIDTH="239"
                          VPOS="2175"
                          HPOS="1122"
                          CONTENT="confirmatur"/>
                  <SP HEIGHT="44" WIDTH="16" VPOS="2175" HPOS="1361"/>
                  <String HEIGHT="44"
                          WIDTH="127"
                          VPOS="2175"
                          HPOS="1313"
                          CONTENT="sic."/>
                  <SP HEIGHT="44" WIDTH="16" VPOS="2175" HPOS="1440"/>
                  <String HEIGHT="44" WIDTH="96" VPOS="2175" HPOS="1393" CONTENT="in"/>
                  <SP HEIGHT="44" WIDTH="16" VPOS="2175" HPOS="1488"/>
                  <String HEIGHT="44"
                          WIDTH="127"
                          VPOS="2175"
                          HPOS="1440"
                          CONTENT="aqua"/>
                  <SP HEIGHT="44" WIDTH="16" VPOS="2175" HPOS="1568"/>
                  <String HEIGHT="44"
                          WIDTH="159"
                          VPOS="2175"
                          HPOS="1520"
                          CONTENT="calida"/>
                  <SP HEIGHT="44" WIDTH="16" VPOS="2175" HPOS="1679"/>
                  <String HEIGHT="44"
                          WIDTH="143"
                          VPOS="2175"
                          HPOS="1631"
                          CONTENT="manet"/>
                  <SP HEIGHT="44" WIDTH="16" VPOS="2175" HPOS="1775"/>
                  <String HEIGHT="44"
                          WIDTH="207"
                          VPOS="2175"
                          HPOS="1711"
                          CONTENT="frigiditas."/>
               </TextLine>
               <TextLine ID="r1l108"
                         BASELINE="2263"
                         HEIGHT="54"
                         WIDTH="787"
                         VPOS="2209"
                         HPOS="1135">
                  <String HEIGHT="54"
                          WIDTH="137"
                          VPOS="2209"
                          HPOS="1118"
                          CONTENT="Quod"/>
                  <SP HEIGHT="54" WIDTH="17" VPOS="2209" HPOS="1255"/>
                  <String HEIGHT="54"
                          WIDTH="171"
                          VPOS="2209"
                          HPOS="1203"
                          CONTENT="patet:"/>
                  <SP HEIGHT="54" WIDTH="17" VPOS="2209" HPOS="1375"/>
                  <String HEIGHT="54"
                          WIDTH="137"
                          VPOS="2209"
                          HPOS="1323"
                          CONTENT="quia"/>
                  <SP HEIGHT="54" WIDTH="17" VPOS="2209" HPOS="1460"/>
                  <String HEIGHT="54"
                          WIDTH="171"
                          VPOS="2209"
                          HPOS="1409"
                          CONTENT="remoto"/>
                  <SP HEIGHT="54" WIDTH="17" VPOS="2209" HPOS="1580"/>
                  <String HEIGHT="54"
                          WIDTH="137"
                          VPOS="2209"
                          HPOS="1529"
                          CONTENT="igne"/>
                  <SP HEIGHT="54" WIDTH="17" VPOS="2209" HPOS="1665"/>
                  <String HEIGHT="54"
                          WIDTH="240"
                          VPOS="2209"
                          HPOS="1614"
                          CONTENT="producitur"/>
                  <SP HEIGHT="54" WIDTH="17" VPOS="2209" HPOS="1854"/>
                  <String HEIGHT="54"
                          WIDTH="137"
                          VPOS="2209"
                          HPOS="1785"
                          CONTENT="frigi"
                          SUBS_TYPE="HypPart1"
                          SUBS_CONTENT="frigiditas"/>
                  <HYP CONTENT="-"/>
               </TextLine>
               <TextLine ID="r1l110"
                         BASELINE="2301"
                         HEIGHT="60"
                         WIDTH="781"
                         VPOS="2241"
                         HPOS="1140">
                  <String HEIGHT="60"
                          WIDTH="138"
                          VPOS="2241"
                          HPOS="1125"
                          CONTENT="ditas"
                          SUBS_TYPE="HypPart2"
                          SUBS_CONTENT="frigiditas"/>
                  <SP HEIGHT="60" WIDTH="15" VPOS="2241" HPOS="1263"/>
                  <String HEIGHT="60" WIDTH="92" VPOS="2241" HPOS="1217" CONTENT="in"/>
                  <SP HEIGHT="60" WIDTH="15" VPOS="2241" HPOS="1308"/>
                  <String HEIGHT="60"
                          WIDTH="138"
                          VPOS="2241"
                          HPOS="1263"
                          CONTENT="aqua:"/>
                  <SP HEIGHT="60" WIDTH="15" VPOS="2241" HPOS="1400"/>
                  <String HEIGHT="60" WIDTH="92" VPOS="2241" HPOS="1354" CONTENT="et"/>
                  <SP HEIGHT="60" WIDTH="15" VPOS="2241" HPOS="1446"/>
                  <String HEIGHT="60"
                          WIDTH="107"
                          VPOS="2241"
                          HPOS="1400"
                          CONTENT="non"/>
                  <SP HEIGHT="60" WIDTH="15" VPOS="2241" HPOS="1508"/>
                  <String HEIGHT="60"
                          WIDTH="123"
                          VPOS="2241"
                          HPOS="1462"
                          CONTENT="nisi"/>
                  <SP HEIGHT="60" WIDTH="15" VPOS="2241" HPOS="1584"/>
                  <String HEIGHT="60" WIDTH="77" VPOS="2241" HPOS="1538" CONTENT="a"/>
                  <SP HEIGHT="60" WIDTH="15" VPOS="2241" HPOS="1615"/>
                  <String HEIGHT="60"
                          WIDTH="245"
                          VPOS="2241"
                          HPOS="1569"
                          CONTENT="frigiditate."/>
                  <SP HEIGHT="60" WIDTH="15" VPOS="2241" HPOS="1814"/>
                  <String HEIGHT="60" WIDTH="77" VPOS="2241" HPOS="1768" CONTENT="⁋"/>
                  <SP HEIGHT="60" WIDTH="15" VPOS="2241" HPOS="1844"/>
                  <String HEIGHT="60"
                          WIDTH="107"
                          VPOS="2241"
                          HPOS="1798"
                          CONTENT="Sed"/>
                  <SP HEIGHT="60" WIDTH="15" VPOS="2241" HPOS="1906"/>
                  <String HEIGHT="60"
                          WIDTH="77"
                          VPOS="2241"
                          HPOS="1844"
                          CONTENT="di"
                          SUBS_TYPE="HypPart1"
                          SUBS_CONTENT="dices"/>
                  <HYP CONTENT="-"/>
               </TextLine>
               <TextLine ID="r1l113"
                         BASELINE="2337"
                         HEIGHT="48"
                         WIDTH="790"
                         VPOS="2289"
                         HPOS="1126">
                  <String HEIGHT="48"
                          WIDTH="106"
                          VPOS="2289"
                          HPOS="1111"
                          CONTENT="ces"
                          SUBS_TYPE="HypPart2"
                          SUBS_CONTENT="dices"/>
                  <SP HEIGHT="48" WIDTH="15" VPOS="2289" HPOS="1217"/>
                  <String HEIGHT="48"
                          WIDTH="152"
                          VPOS="2289"
                          HPOS="1172"
                          CONTENT="(sicut"/>
                  <SP HEIGHT="48" WIDTH="15" VPOS="2289" HPOS="1324"/>
                  <String HEIGHT="48"
                          WIDTH="137"
                          VPOS="2289"
                          HPOS="1278"
                          CONTENT="dicit"/>
                  <SP HEIGHT="48" WIDTH="15" VPOS="2289" HPOS="1415"/>
                  <String HEIGHT="48"
                          WIDTH="152"
                          VPOS="2289"
                          HPOS="1369"
                          CONTENT="quidam"/>
                  <SP HEIGHT="48" WIDTH="15" VPOS="2289" HPOS="1521"/>
                  <String HEIGHT="48"
                          WIDTH="228"
                          VPOS="2289"
                          HPOS="1475"
                          CONTENT="corrumpitur"/>
                  <SP HEIGHT="48" WIDTH="15" VPOS="2289" HPOS="1703"/>
                  <String HEIGHT="48"
                          WIDTH="122"
                          VPOS="2289"
                          HPOS="1658"
                          CONTENT="illa"/>
                  <SP HEIGHT="48" WIDTH="15" VPOS="2289" HPOS="1779"/>
                  <String HEIGHT="48"
                          WIDTH="198"
                          VPOS="2289"
                          HPOS="1734"
                          CONTENT="caliditas"/>
                  <SP HEIGHT="48" WIDTH="15" VPOS="2289" HPOS="1931"/>
                  <String HEIGHT="48" WIDTH="46" VPOS="2289" HPOS="1870" CONTENT="a"/>
               </TextLine>
               <TextLine ID="r1l115"
                         BASELINE="2380"
                         HEIGHT="60"
                         WIDTH="791"
                         VPOS="2320"
                         HPOS="1128">
                  <String HEIGHT="60"
                          WIDTH="233"
                          VPOS="2320"
                          HPOS="1112"
                          CONTENT="frigiditate"/>
                  <SP HEIGHT="60" WIDTH="16" VPOS="2320" HPOS="1345"/>
                  <String HEIGHT="60"
                          WIDTH="264"
                          VPOS="2320"
                          HPOS="1299"
                          CONTENT="circunstante:"/>
                  <SP HEIGHT="60" WIDTH="16" VPOS="2320" HPOS="1562"/>
                  <String HEIGHT="60"
                          WIDTH="109"
                          VPOS="2320"
                          HPOS="1516"
                          CONTENT="nec"/>
                  <SP HEIGHT="60" WIDTH="16" VPOS="2320" HPOS="1624"/>
                  <String HEIGHT="60"
                          WIDTH="217"
                          VPOS="2320"
                          HPOS="1578"
                          CONTENT="inconuenit"/>
                  <SP HEIGHT="60" WIDTH="16" VPOS="2320" HPOS="1795"/>
                  <String HEIGHT="60"
                          WIDTH="140"
                          VPOS="2320"
                          HPOS="1748"
                          CONTENT="illam"/>
                  <SP HEIGHT="60" WIDTH="16" VPOS="2320" HPOS="1888"/>
                  <String HEIGHT="60"
                          WIDTH="93"
                          VPOS="2320"
                          HPOS="1826"
                          CONTENT="fri"
                          SUBS_TYPE="HypPart1"
                          SUBS_CONTENT="frigiditatem"/>
                  <HYP CONTENT="-"/>
               </TextLine>
               <TextLine ID="r1l117"
                         BASELINE="2417"
                         HEIGHT="51"
                         WIDTH="787"
                         VPOS="2366"
                         HPOS="1132">
                  <String HEIGHT="51"
                          WIDTH="218"
                          VPOS="2366"
                          HPOS="1115"
                          CONTENT="giditatem"
                          SUBS_TYPE="HypPart2"
                          SUBS_CONTENT="frigiditatem"/>
                  <SP HEIGHT="51" WIDTH="17" VPOS="2366" HPOS="1333"/>
                  <String HEIGHT="51"
                          WIDTH="218"
                          VPOS="2366"
                          HPOS="1283"
                          CONTENT="producere"/>
                  <SP HEIGHT="51" WIDTH="17" VPOS="2366" HPOS="1500"/>
                  <String HEIGHT="51"
                          WIDTH="134"
                          VPOS="2366"
                          HPOS="1450"
                          CONTENT="pius"/>
                  <SP HEIGHT="51" WIDTH="17" VPOS="2366" HPOS="1584"/>
                  <String HEIGHT="51"
                          WIDTH="201"
                          VPOS="2366"
                          HPOS="1534"
                          CONTENT="frigoris"/>
                  <SP HEIGHT="51" WIDTH="17" VPOS="2366" HPOS="1735"/>
                  <String HEIGHT="51"
                          WIDTH="100"
                          VPOS="2366"
                          HPOS="1685"
                          CONTENT="in"/>
                  <SP HEIGHT="51" WIDTH="17" VPOS="2366" HPOS="1785"/>
                  <String HEIGHT="51"
                          WIDTH="151"
                          VPOS="2366"
                          HPOS="1735"
                          CONTENT="aquam"/>
                  <SP HEIGHT="51" WIDTH="17" VPOS="2366" HPOS="1886"/>
                  <String HEIGHT="51"
                          WIDTH="100"
                          VPOS="2366"
                          HPOS="1819"
                          CONTENT="quam"/>
               </TextLine>
               <TextLine ID="r1l119"
                         BASELINE="2454"
                         HEIGHT="56"
                         WIDTH="787"
                         VPOS="2398"
                         HPOS="1132">
                  <String HEIGHT="56"
                          WIDTH="128"
                          VPOS="2398"
                          HPOS="1116"
                          CONTENT="ipsa"/>
                  <SP HEIGHT="56" WIDTH="16" VPOS="2398" HPOS="1244"/>
                  <String HEIGHT="56"
                          WIDTH="177"
                          VPOS="2398"
                          HPOS="1196"
                          CONTENT="habeat:"/>
                  <SP HEIGHT="56" WIDTH="16" VPOS="2398" HPOS="1373"/>
                  <String HEIGHT="56"
                          WIDTH="225"
                          VPOS="2398"
                          HPOS="1325"
                          CONTENT="potissimum"/>
                  <SP HEIGHT="56" WIDTH="16" VPOS="2398" HPOS="1550"/>
                  <String HEIGHT="56"
                          WIDTH="112"
                          VPOS="2398"
                          HPOS="1501"
                          CONTENT="cum"/>
                  <SP HEIGHT="56" WIDTH="16" VPOS="2398" HPOS="1614"/>
                  <String HEIGHT="56"
                          WIDTH="161"
                          VPOS="2398"
                          HPOS="1566"
                          CONTENT="passum"/>
                  <SP HEIGHT="56" WIDTH="16" VPOS="2398" HPOS="1726"/>
                  <String HEIGHT="56"
                          WIDTH="225"
                          VPOS="2398"
                          HPOS="1678"
                          CONTENT="inclinetur"/>
                  <SP HEIGHT="56" WIDTH="16" VPOS="2398" HPOS="1903"/>
                  <String HEIGHT="56" WIDTH="96" VPOS="2398" HPOS="1855" CONTENT="ad"/>
                  <SP HEIGHT="56" WIDTH="16" VPOS="2398" HPOS="1951"/>
                  <String HEIGHT="56" WIDTH="32" VPOS="2398" HPOS="1887" CONTENT=""/>
               </TextLine>
               <TextLine ID="r1l121"
                         BASELINE="2489"
                         HEIGHT="56"
                         WIDTH="777"
                         VPOS="2433"
                         HPOS="1137">
                  <String HEIGHT="56"
                          WIDTH="265"
                          VPOS="2433"
                          HPOS="1120"
                          CONTENT="susceptionem"/>
                  <SP HEIGHT="56" WIDTH="17" VPOS="2433" HPOS="1385"/>
                  <String HEIGHT="56"
                          WIDTH="165"
                          VPOS="2433"
                          HPOS="1335"
                          CONTENT="illius"/>
                  <SP HEIGHT="56" WIDTH="17" VPOS="2433" HPOS="1501"/>
                  <String HEIGHT="56"
                          WIDTH="165"
                          VPOS="2433"
                          HPOS="1451"
                          CONTENT="forme."/>
                  <SP HEIGHT="56" WIDTH="17" VPOS="2433" HPOS="1616"/>
                  <String HEIGHT="56" WIDTH="83" VPOS="2433" HPOS="1567" CONTENT="⁋"/>
                  <SP HEIGHT="56" WIDTH="17" VPOS="2433" HPOS="1649"/>
                  <String HEIGHT="56"
                          WIDTH="116"
                          VPOS="2433"
                          HPOS="1600"
                          CONTENT="hoc"/>
                  <SP HEIGHT="56" WIDTH="17" VPOS="2433" HPOS="1716"/>
                  <String HEIGHT="56"
                          WIDTH="116"
                          VPOS="2433"
                          HPOS="1666"
                          CONTENT="non"/>
                  <SP HEIGHT="56" WIDTH="17" VPOS="2433" HPOS="1782"/>
                  <String HEIGHT="56"
                          WIDTH="165"
                          VPOS="2433"
                          HPOS="1732"
                          CONTENT="valet:"/>
                  <SP HEIGHT="56" WIDTH="17" VPOS="2433" HPOS="1897"/>
                  <String HEIGHT="56"
                          WIDTH="83"
                          VPOS="2433"
                          HPOS="1831"
                          CONTENT="nul"/>
               </TextLine>
               <TextLine ID="r1l123"
                         BASELINE="2529"
                         HEIGHT="61"
                         WIDTH="786"
                         VPOS="2468"
                         HPOS="1126">
                  <String HEIGHT="61"
                          WIDTH="122"
                          VPOS="2468"
                          HPOS="1109"
                          CONTENT="lum"/>
                  <SP HEIGHT="61" WIDTH="17" VPOS="2468" HPOS="1231"/>
                  <String HEIGHT="61"
                          WIDTH="140"
                          VPOS="2468"
                          HPOS="1178"
                          CONTENT="enim"/>
                  <SP HEIGHT="61" WIDTH="17" VPOS="2468" HPOS="1318"/>
                  <String HEIGHT="61"
                          WIDTH="210"
                          VPOS="2468"
                          HPOS="1266"
                          CONTENT="accidens"/>
                  <SP HEIGHT="61" WIDTH="17" VPOS="2468" HPOS="1475"/>
                  <String HEIGHT="61"
                          WIDTH="210"
                          VPOS="2468"
                          HPOS="1423"
                          CONTENT="producit"/>
                  <SP HEIGHT="61" WIDTH="17" VPOS="2468" HPOS="1633"/>
                  <String HEIGHT="61"
                          WIDTH="262"
                          VPOS="2468"
                          HPOS="1580"
                          CONTENT="intensiorem"/>
                  <SP HEIGHT="61" WIDTH="17" VPOS="2468" HPOS="1842"/>
                  <String HEIGHT="61"
                          WIDTH="140"
                          VPOS="2468"
                          HPOS="1772"
                          CONTENT="gradum"/>
               </TextLine>
               <TextLine ID="r1l125"
                         BASELINE="2564"
                         HEIGHT="57"
                         WIDTH="764"
                         VPOS="2507"
                         HPOS="1141">
                  <String HEIGHT="57"
                          WIDTH="107"
                          VPOS="2507"
                          HPOS="1128"
                          CONTENT="quam"/>
                  <SP HEIGHT="57" WIDTH="13" VPOS="2507" HPOS="1235"/>
                  <String HEIGHT="57"
                          WIDTH="134"
                          VPOS="2507"
                          HPOS="1195"
                          CONTENT="habet:"/>
                  <SP HEIGHT="57" WIDTH="13" VPOS="2507" HPOS="1329"/>
                  <String HEIGHT="57"
                          WIDTH="161"
                          VPOS="2507"
                          HPOS="1288"
                          CONTENT="alioquin"/>
                  <SP HEIGHT="57" WIDTH="13" VPOS="2507" HPOS="1449"/>
                  <String HEIGHT="57"
                          WIDTH="174"
                          VPOS="2507"
                          HPOS="1409"
                          CONTENT="diceretur"/>
                  <SP HEIGHT="57" WIDTH="13" VPOS="2507" HPOS="1583"/>
                  <String HEIGHT="57"
                          WIDTH="107"
                          VPOS="2507"
                          HPOS="1543"
                          CONTENT="sine"/>
                  <SP HEIGHT="57" WIDTH="13" VPOS="2507" HPOS="1650"/>
                  <String HEIGHT="57"
                          WIDTH="107"
                          VPOS="2507"
                          HPOS="1610"
                          CONTENT="lege"/>
                  <SP HEIGHT="57" WIDTH="13" VPOS="2507" HPOS="1717"/>
                  <String HEIGHT="57"
                          WIDTH="107"
                          VPOS="2507"
                          HPOS="1677"
                          CONTENT="quod"/>
                  <SP HEIGHT="57" WIDTH="13" VPOS="2507" HPOS="1784"/>
                  <String HEIGHT="57"
                          WIDTH="107"
                          VPOS="2507"
                          HPOS="1744"
                          CONTENT="vnus"/>
                  <SP HEIGHT="57" WIDTH="13" VPOS="2507" HPOS="1851"/>
                  <String HEIGHT="57"
                          WIDTH="107"
                          VPOS="2507"
                          HPOS="1798"
                          CONTENT="gradus"/>
               </TextLine>
               <TextLine ID="r1l127"
                         BASELINE="2604"
                         HEIGHT="55"
                         WIDTH="777"
                         VPOS="2549"
                         HPOS="1132">
                  <String HEIGHT="55"
                          WIDTH="190"
                          VPOS="2549"
                          HPOS="1115"
                          CONTENT="caloris"/>
                  <SP HEIGHT="55" WIDTH="17" VPOS="2549" HPOS="1305"/>
                  <String HEIGHT="55"
                          WIDTH="207"
                          VPOS="2549"
                          HPOS="1253"
                          CONTENT="producit"/>
                  <SP HEIGHT="55" WIDTH="17" VPOS="2549" HPOS="1460"/>
                  <String HEIGHT="55"
                          WIDTH="224"
                          VPOS="2549"
                          HPOS="1408"
                          CONTENT="duodecim:"/>
                  <SP HEIGHT="55" WIDTH="17" VPOS="2549" HPOS="1633"/>
                  <String HEIGHT="55"
                          WIDTH="173"
                          VPOS="2549"
                          HPOS="1581"
                          CONTENT="contra"/>
                  <SP HEIGHT="55" WIDTH="17" VPOS="2549" HPOS="1754"/>
                  <String HEIGHT="55"
                          WIDTH="224"
                          VPOS="2549"
                          HPOS="1685"
                          CONTENT="Aristotelem"/>
               </TextLine>
               <TextLine ID="r1l129"
                         BASELINE="2642"
                         HEIGHT="56"
                         WIDTH="780"
                         VPOS="2586"
                         HPOS="1132">
                  <String HEIGHT="56"
                          WIDTH="138"
                          VPOS="2586"
                          HPOS="1117"
                          CONTENT="primo"/>
                  <SP HEIGHT="56" WIDTH="15" VPOS="2586" HPOS="1254"/>
                  <String HEIGHT="56" WIDTH="92" VPOS="2586" HPOS="1208" CONTENT="de"/>
                  <SP HEIGHT="56" WIDTH="15" VPOS="2586" HPOS="1300"/>
                  <String HEIGHT="56"
                          WIDTH="245"
                          VPOS="2586"
                          HPOS="1254"
                          CONTENT="generatione:"/>
                  <SP HEIGHT="56" WIDTH="15" VPOS="2586" HPOS="1499"/>
                  <String HEIGHT="56" WIDTH="92" VPOS="2586" HPOS="1453" CONTENT="et"/>
                  <SP HEIGHT="56" WIDTH="15" VPOS="2586" HPOS="1545"/>
                  <String HEIGHT="56"
                          WIDTH="153"
                          VPOS="2586"
                          HPOS="1499"
                          CONTENT="contra"/>
                  <SP HEIGHT="56" WIDTH="15" VPOS="2586" HPOS="1652"/>
                  <String HEIGHT="56"
                          WIDTH="260"
                          VPOS="2586"
                          HPOS="1606"
                          CONTENT="experientiam."/>
                  <SP HEIGHT="56" WIDTH="15" VPOS="2586" HPOS="1866"/>
                  <String HEIGHT="56" WIDTH="76" VPOS="2586" HPOS="1820" CONTENT="⁋"/>
                  <SP HEIGHT="56" WIDTH="15" VPOS="2586" HPOS="1897"/>
                  <String HEIGHT="56"
                          WIDTH="76"
                          VPOS="2586"
                          HPOS="1836"
                          CONTENT="Am"
                          SUBS_TYPE="HypPart1"
                          SUBS_CONTENT="Amlius"/>
                  <HYP CONTENT="-"/>
               </TextLine>
               <TextLine ID="r1l131"
                         BASELINE="2678"
                         HEIGHT="56"
                         WIDTH="773"
                         VPOS="2622"
                         HPOS="1143">
                  <String HEIGHT="56"
                          WIDTH="110"
                          VPOS="2622"
                          HPOS="1129"
                          CONTENT="lius"
                          SUBS_TYPE="HypPart2"
                          SUBS_CONTENT="Amlius"/>
                  <SP HEIGHT="56" WIDTH="14" VPOS="2622" HPOS="1240"/>
                  <String HEIGHT="56"
                          WIDTH="138"
                          VPOS="2622"
                          HPOS="1198"
                          CONTENT="quando"/>
                  <SP HEIGHT="56" WIDTH="14" VPOS="2622" HPOS="1336"/>
                  <String HEIGHT="56"
                          WIDTH="97"
                          VPOS="2622"
                          HPOS="1295"
                          CONTENT="aer"/>
                  <SP HEIGHT="56" WIDTH="14" VPOS="2622" HPOS="1391"/>
                  <String HEIGHT="56"
                          WIDTH="97"
                          VPOS="2622"
                          HPOS="1350"
                          CONTENT="est"/>
                  <SP HEIGHT="56" WIDTH="14" VPOS="2622" HPOS="1447"/>
                  <String HEIGHT="56"
                          WIDTH="152"
                          VPOS="2622"
                          HPOS="1405"
                          CONTENT="remisse"/>
                  <SP HEIGHT="56" WIDTH="14" VPOS="2622" HPOS="1557"/>
                  <String HEIGHT="56"
                          WIDTH="152"
                          VPOS="2622"
                          HPOS="1516"
                          CONTENT="calidus"/>
                  <SP HEIGHT="56" WIDTH="14" VPOS="2622" HPOS="1668"/>
                  <String HEIGHT="56"
                          WIDTH="110"
                          VPOS="2622"
                          HPOS="1626"
                          CONTENT="aqua"/>
                  <SP HEIGHT="56" WIDTH="14" VPOS="2622" HPOS="1737"/>
                  <String HEIGHT="56"
                          WIDTH="179"
                          VPOS="2622"
                          HPOS="1695"
                          CONTENT="ebulliens"/>
                  <SP HEIGHT="56" WIDTH="14" VPOS="2622" HPOS="1875"/>
                  <String HEIGHT="56"
                          WIDTH="97"
                          VPOS="2622"
                          HPOS="1819"
                          CONTENT="frige"/>
               </TextLine>
               <TextLine ID="r1l133"
                         BASELINE="2732"
                         HEIGHT="69"
                         WIDTH="790"
                         VPOS="2663"
                         HPOS="1126">
                  <String HEIGHT="69"
                          WIDTH="100"
                          VPOS="2663"
                          HPOS="1113"
                          CONTENT="fit:"/>
                  <SP HEIGHT="69" WIDTH="13" VPOS="2663" HPOS="1214"/>
                  <String HEIGHT="69"
                          WIDTH="88"
                          VPOS="2663"
                          HPOS="1176"
                          CONTENT="aet"/>
                  <SP HEIGHT="69" WIDTH="13" VPOS="2663" HPOS="1264"/>
                  <String HEIGHT="69"
                          WIDTH="88"
                          VPOS="2663"
                          HPOS="1226"
                          CONTENT="non"/>
                  <SP HEIGHT="69" WIDTH="13" VPOS="2663" HPOS="1314"/>
                  <String HEIGHT="69" WIDTH="63" VPOS="2663" HPOS="1276" CONTENT="a"/>
                  <SP HEIGHT="69" WIDTH="13" VPOS="2663" HPOS="1339"/>
                  <String HEIGHT="69"
                          WIDTH="188"
                          VPOS="2663"
                          HPOS="1302"
                          CONTENT="frigiditate"/>
                  <SP HEIGHT="69" WIDTH="13" VPOS="2663" HPOS="1490"/>
                  <String HEIGHT="69"
                          WIDTH="213"
                          VPOS="2663"
                          HPOS="1452"
                          CONTENT="circunstante:"/>
                  <SP HEIGHT="69" WIDTH="13" VPOS="2663" HPOS="1665"/>
                  <String HEIGHT="69"
                          WIDTH="88"
                          VPOS="2663"
                          HPOS="1628"
                          CONTENT="cum"/>
                  <SP HEIGHT="69" WIDTH="13" VPOS="2663" HPOS="1715"/>
                  <String HEIGHT="69"
                          WIDTH="113"
                          VPOS="2663"
                          HPOS="1678"
                          CONTENT="nulla"/>
                  <SP HEIGHT="69" WIDTH="13" VPOS="2663" HPOS="1791"/>
                  <String HEIGHT="69"
                          WIDTH="100"
                          VPOS="2663"
                          HPOS="1753"
                          CONTENT="sit:"/>
                  <SP HEIGHT="69" WIDTH="13" VPOS="2663" HPOS="1853"/>
                  <String HEIGHT="69"
                          WIDTH="113"
                          VPOS="2663"
                          HPOS="1803"
                          CONTENT="igitur."/>
               </TextLine>
            </TextBlock>
         </PrintSpace>
      </Page>
   </Layout>
</alto>
