2376 3336
393 221 74 59 ⁋
423 221 89 59 Ad
467 221 149 59 primum
572 221 164 59 negatur
690 221 223 59 antecedens:
869 221 164 59 nigredo
988 221 164 59 inheret
1092 221 104 59 atra-

392 273 137 41 mento
483 273 106 41 cui
544 273 182 41 inbesit:
680 273 91 41 et
726 273 137 41 nullo
817 273 121 41 modo
892 273 167 41 inheret
1014 273 167 41 pappro.
1120 273 91 41 quia

393 312 130 42 tunc
474 312 97 42 de
523 312 114 42 vno
588 312 195 42 subiecto
734 312 227 42 inhesionis
913 312 97 42 ad
961 312 146 42 aliud
1043 312 162 42 migraret

391 352 132 40 quod
474 352 116 40 est
540 352 264 40 philosophiam
755 352 264 40 colaphizare.
970 352 83 40 ⁋
1003 352 99 40 Ad
1052 352 149 40 aliud
1135 352 66 40 ne

390 383 105 50 go:
450 383 120 50 quod
525 383 90 50 in
570 383 120 50 aqua
644 383 150 50 maneat
749 383 224 50 frigiditas.
929 383 135 50 forma
1018 383 120 50 enim
1078 383 135 50 substam

393 423 153 44 tialis
500 423 122 44 aque
576 423 199 44 corrumpit
729 423 183 44 calorem:
866 423 107 44 sed
927 423 107 44 non
988 423 168 44 reducit
1095 423 107 44 ipsam

390 460 140 45 aquam
484 460 94 45 ad
531 460 156 45 tantam
640 460 249 45 frigiditatem
842 460 171 45 propter
967 460 218 45 contrarium
1123 460 78 45 cir

398 501 188 46 cunstans
539 501 94 46 in
586 501 141 46 medio
680 501 156 46 calido
789 501 141 46 sicut
883 501 94 46 in
930 501 141 46 medio
1023 501 188 46 frigido:
1148 501 63 46 vt

398 532 128 51 patet
483 532 86 51 de
526 532 114 51 aqua
597 532 114 51 quae
669 532 100 51 non
726 532 100 51 est
783 532 200 51 itafrigida
940 532 86 51 in
983 532 143 51 estate
1083 532 128 51 sicut
1154 532 57 51 in

398 574 142 48 hyeme
493 574 126 48 nisi
572 574 95 48 in
619 574 190 48 fontibus
762 574 174 48 propter
888 574 300 48 antiparistasim.
1125 574 79 48 Est

392 612 250 46 contrarietas
595 612 203 46 virtualis
751 612 140 46 inter
845 612 156 46 formam
954 612 125 46 aque
1032 612 94 46 et
1064 612 140 46 calorem

399 651 108 44 cum
460 651 185 44 producat
599 651 216 44 qualitatem
769 651 216 44 contrariam
938 651 123 44 ipsi
1016 651 170 44 calori.
1123 651 93 44 vnum

389 686 229 47 formaliter
568 686 229 47 contrarium
748 686 82 47 a
781 686 147 47 aliud
878 686 245 47 virtualiter
1074 686 114 47 non
1123 686 82 47 pu-

395 730 147 44 gnant
493 730 164 44 mutuo.
607 730 147 44 licet
706 730 196 44 violente
853 730 229 44 cohabitent
1033 730 164 44 simul.
1131 730 82 44 Nec

403 760 244 44 inconueniens
601 760 122 44 quod
677 760 137 44 forma
769 760 122 44 aque
845 760 122 44 sine
921 760 168 44 frigore
1043 760 107 44 suo
1089 760 122 44 instru

398 801 151 47 mento
499 801 134 47 agat
583 801 101 47 in
634 801 168 47 passum
751 801 151 47 cuius
852 801 118 47 est
919 801 151 47 pars.
1020 801 84 47 ⁋
1054 801 118 47 Sed
1104 801 101 47 con-

400 844 102 44 tra
459 844 102 44 hoc
517 844 175 44 arguitur
648 844 117 44 sic.
721 844 117 44 quia
794 844 102 44 per
852 844 131 44 illud
940 844 160 44 oportet
1057 844 131 44 omnes
1130 844 87 44 gra-

392 875 112 49 dus
456 875 177 49 caloris
585 875 193 49 remoueri
729 875 96 49 ab
777 875 128 49 aqua
858 875 193 49 antequam
986 875 225 49 introducatur

401 913 124 45 vnus
478 913 155 45 gradus
586 913 201 45 frigoris:
741 913 108 45 sed
803 913 108 45 hoc
864 913 216 45 consequens
1034 913 108 45 est
1081 913 139 45 falsum:

408 950 102 46 ergo
472 950 64 46 a
498 950 179 46 antecedens
639 950 205 46 consequentia
805 950 90 46 est
856 950 141 46 lucida.
959 950 77 46 et
997 950 154 46 probatur
1100 950 102 46 falsi-

396 988 107 51 tas
457 988 260 51 consequentis.
671 988 122 51 quia
748 988 122 51 tunc
824 988 122 51 aqua
901 988 138 51 debet
993 988 153 51 subito
1085 988 122 51 produ-

405 1026 121 47 cere
481 1026 152 47 frigus
587 1026 167 47 summum:
708 1026 212 47 consequens
875 1026 106 47 est
935 1026 167 47 falsum.
1056 1026 91 47 et
1087 1026 121 47 contra

407 1066 226 42 experientiam.
593 1066 106 42 ergo
659 1066 66 42 a
686 1066 199 42 antecedens.
845 1066 80 42 et
885 1066 120 42 probo
965 1066 239 42 consequentiam:
1151 1066 66 42 nul

409 1103 88 46 la
453 1103 117 46 enim
526 1103 102 46 est
585 1103 219 46 resistentia
760 1103 88 46 in
804 1103 117 46 ipsa
878 1103 132 46 aqua:
965 1103 117 46 immo
1038 1103 132 46 summe
1112 1103 102 46 incli

405 1141 148 44 uatur
503 1141 98 44 ad
552 1141 180 44 frigus.
683 1141 148 44 forma
782 1141 131 44 aque
864 1141 213 44 equaliter
1011 1141 197 44 applicatur

413 1179 164 49 comnibus
537 1179 164 49 partibus
660 1179 123 49 aque.
742 1179 110 49 ergo
811 1179 137 49 tantum
907 1179 164 49 producit
1030 1179 137 49 subito
1112 1179 96 49 quam:

393 1225 123 40 tum
464 1225 228 40 producere
639 1225 175 40 potest
761 1225 123 40 per
832 1225 193 40 tempus.
972 1225 88 40 ⁋
989 1225 228 40 Respondetur

405 1256 162 45 negando
523 1256 118 45 quod
597 1256 177 45 producit
730 1256 147 45 subito
833 1256 147 45 totale
936 1256 162 45 frigus.
1054 1256 103 45 sed
1113 1256 133 45 illud

419 1295 83 44 on
461 1295 165 44 prouenit
584 1295 83 44 ex
626 1295 206 44 resistentia
791 1295 138 44 passi:
887 1295 96 44 sed
942 1295 110 44 quia
1011 1295 124 44 talis
1093 1295 96 44 est
1134 1295 83 44 con-

405 1332 138 50 ditio
497 1332 215 50 qualitatis
665 1332 215 50 corporalis
834 1332 184 50 habentis
972 1332 215 50 contrarium
1125 1332 92 50 quod

399 1377 108 39 non
460 1377 185 39 producit
599 1377 123 39 suum
676 1377 185 39 effectum
814 1377 154 39 subito
922 1377 92 39 vt
968 1377 231 39 experientia
1137 1377 77 39 do-

405 1407 122 46 cet.
481 1407 122 46 Dixi
557 1407 91 46 de
602 1407 198 46 qualitate
754 1407 167 46 habente
876 1407 213 46 contrarium
1043 1407 167 46 propter
1149 1407 61 46 lu

412 1447 99 46 men
468 1447 113 46 quod
539 1447 141 46 subito
637 1447 211 46 producitur:
806 1447 84 46 et
848 1447 127 46 licet
933 1447 169 46 scientia
1059 1447 141 46 habeat
1144 1447 70 46 con

408 1484 193 46 trarium:
552 1484 112 46 non
617 1484 225 46 inconuenit
793 1484 145 46 tamen
890 1484 145 46 ipsam
986 1484 161 46 subito
1099 1484 145 46 produ

406 1528 108 41 ci:
467 1528 93 41 vt
514 1528 217 41 supponitur
684 1528 139 41 alibi
777 1528 201 41 probatum.
932 1528 77 41 ⁋
963 1528 155 41 Quarto
1056 1528 155 41 arguitur

409 1565 189 43 ponendo
546 1565 189 43 minimum
684 1565 206 43 naturale
838 1565 155 43 inter
941 1565 172 43 corpus
1061 1565 155 43 summe
1147 1565 69 43 ca

399 1602 143 42 lidum
494 1602 95 42 ex
542 1602 111 42 vna
605 1602 158 42 parte:
716 1602 95 42 et
764 1602 158 42 corpus
874 1602 143 42 summe
970 1602 190 42 frigidum
1112 1602 95 42 ex
1144 1602 79 42 al-

420 1637 116 46 tera.
497 1637 90 46 sic
549 1637 167 46 scilicet:
677 1637 103 46 quod
741 1637 90 46 vna
793 1637 154 46 medietas
909 1637 90 46 sit
960 1637 77 46 in
999 1637 129 46 sphera
1076 1637 141 46 actiuita-

405 1673 108 41 tis
466 1673 154 41 vnius:
574 1673 92 41 et
620 1673 123 41 alia
697 1673 184 41 medietas
835 1673 92 41 in
881 1673 154 41 sphera
989 1673 230 41 actiuitatis
1158 1673 61 41 al

411 1710 175 47 terius:
538 1710 175 47 ponatur
666 1710 143 47 illud
761 1710 175 47 minimum
889 1710 207 47 equaliter
1032 1710 191 47 applicatum

416 1750 95 42 et
464 1750 206 42 equaliter
622 1750 221 42 dispositum
796 1750 95 42 ad
843 1750 253 42 susceptionem
1049 1750 174 42 caloris
1160 1750 63 42 et

414 1792 204 39 frigoris.
571 1792 125 39 tunc
649 1792 125 39 sic:
728 1792 141 39 illud
822 1792 172 39 minimum
947 1792 188 39 calefiet
1072 1792 157 39 secundum

407 1825 95 45 se
455 1825 142 45 totum
550 1825 332 45 syncategorematice
834 1825 95 45 et
882 1825 127 45 idem
961 1825 221 45 frigefiet.
1119 1825 95 45 ergo

420 1861 216 52 qualitates
589 1861 201 52 contrarie
744 1861 139 52 simul
836 1861 216 52 cohabitant
1006 1861 93 52 in
1052 1861 139 52 eodem
1129 1861 93 52 sub-

415 1900 136 45 lecto
506 1900 151 45 suapte
612 1900 166 45 natura.
733 1900 76 45 ⁋
763 1900 106 45 Non
824 1900 136 45 valet
914 1900 166 45 dicere:
1035 1900 121 45 quod
1096 1900 121 45 altera

406 1945 163 43 illarum
525 1945 208 43 medietatum
688 1945 178 43 calefiet
822 1945 89 43 et
867 1945 163 43 reliqua
985 1945 208 43 frigefiet:
1134 1945 89 43 quia

414 1980 119 41 tunc
488 1980 164 41 dabitur
607 1980 134 41 calor
697 1980 193 41 subduplus
845 1980 89 41 ad
890 1980 253 41 remississimum
1083 1980 134 41 calorem

414 2019 123 42 quod
491 2019 201 42 implicat.
645 2019 216 42 supponimus
815 2019 123 42 enim
892 2019 139 42 illud
985 2019 108 42 non
1046 2019 123 42 esse
1108 2019 108 42 maius

427 2057 111 46 quam
497 2057 167 46 requirat
621 2057 167 46 extensio
746 2057 153 46 caloris
857 2057 222 46 remississimi
1038 2057 97 46 vel
1079 2057 139 46 frigoris

421 2094 234 45 remississimi.
614 2094 69 45 ⁋
642 2094 151 45 Dicitur
752 2094 110 45 quod
821 2094 138 45 nullum
917 2094 165 45 agentium
1041 2094 151 45 illorum
1137 2094 83 45 aget

420 2128 93 43 in
466 2128 139 43 illud
559 2128 170 43 passum:
682 2128 124 43 quia
759 2128 124 43 vnum
837 2128 139 43 agens
929 2128 170 43 impedit
1053 2128 155 43 aliud:
1146 2128 77 43 non

420 2166 106 49 per
481 2166 182 49 effectum
617 2166 122 49 suum
693 2166 91 49 in
739 2166 152 49 passo:
845 2166 106 49 sed
906 2166 167 49 propter
1012 2166 213 49 propinquita-

417 2214 113 36 tem
481 2214 145 36 suam:
578 2214 209 36 supposita
739 2214 225 36 equalitate
916 2214 97 36 in
964 2214 145 36 illis
1045 2214 177 36 agentibus

430 2242 133 45 sicut
519 2242 133 45 patet
607 2242 88 45 in
651 2242 133 45 hyeme
740 2242 118 45 quod
813 2242 118 45 aqua
887 2242 192 45 supposita
1034 2242 118 45 igni
1108 2242 103 45 non
1152 2242 74 45 ita

427 2282 113 48 cito
497 2282 155 48 calefit
610 2282 141 48 proter
709 2282 127 48 aerem
793 2282 155 48 vicinu:
906 2282 127 48 sicut
990 2282 85 48 in
1033 2282 141 48 estate
1117 2282 113 48 quando

425 2320 101 46 aer
482 2320 101 46 non
540 2320 101 46 est
598 2320 187 46 frigidus.
742 2320 72 46 ⁋
771 2320 144 46 Quinto
872 2320 173 46 arguitur
1001 2320 115 46 sic.
1073 2320 144 46 sortes
1160 2320 72 46 est

421 2357 153 44 bonus
523 2357 102 44 et
574 2357 153 44 malus
676 2357 102 44 in
727 2357 153 44 eodem
829 2357 187 44 tempore
966 2357 204 44 adequato
1119 2357 119 44 vel
1170 2357 68 44 in

426 2395 134 43 eodem
515 2395 193 43 instanti.
664 2395 89 43 et
708 2395 119 43 illi
783 2395 163 43 termini
901 2395 193 43 contrarii
1050 2395 104 43 non
1094 2395 134 43 possunt

422 2437 221 43 verificari
596 2437 95 43 de
644 2437 142 43 eodem
739 2437 127 43 nisi
818 2437 221 43 qualitates
992 2437 190 43 cotrarie
1118 2437 111 43 eidem

424 2472 202 49 infuerint.
582 2472 187 49 Assumptum
726 2472 144 49 patet:
827 2472 144 49 posito
928 2472 115 49 quod
1000 2472 144 49 sortes
1101 2472 101 49 sit
1144 2472 87 49 ten-

431 2517 147 44 peratus
538 2517 94 44 iam
591 2517 94 44 est
645 2517 134 44 bonus:
738 2517 107 44 quia
805 2517 80 44 in
845 2517 80 44 eo
885 2517 94 44 est
939 2517 147 44 virtus:
1046 2517 107 44 ergo
1113 2517 94 44 est
1153 2517 80 44 stu-

422 2553 176 48 diosus.
550 2553 112 48 sit
614 2553 144 48 etiam
709 2553 160 48 auarus
821 2553 96 48 et
869 2553 176 48 timidus
997 2553 223 48 moraliter.
1156 2553 80 48 Iam

426 2581 108 55 est
487 2581 200 55 vitiosus:
641 2581 123 55 ergo
718 2581 108 55 est
780 2581 154 55 malus.
887 2581 77 55 ⁋
918 2581 246 55 Respondetur:
1103 2581 123 55 negan-

431 2625 96 45 do
479 2625 128 45 quod
559 2625 144 45 bonum
655 2625 80 45 a
687 2625 144 45 malum
783 2625 288 45 contrarientur.
1023 2625 112 45 Pro
1087 2625 128 45 nunc
1151 2625 80 45 au-

430 2665 116 51 tem
497 2665 233 51 supponimus
680 2665 150 51 illam
779 2665 216 51 opinionem
946 2665 166 51 falsam
1062 2665 116 51 que
1112 2665 116 51 tenet

1262 219 242 58 connexionem
1455 219 193 58 virtutum
1600 219 129 58 siue
1681 219 97 58 in
1729 219 145 58 gradu
1825 219 242 58 temperantie
2003 219 81 58 si-

1262 272 94 37 ue
1309 272 94 37 in
1357 272 142 37 gradu
1451 272 189 37 heroico:
1593 272 110 37 sed
1656 272 189 37 sufficit
1798 272 205 37 argumento
1955 272 94 37 de
1987 272 94 37 gra-

1267 309 86 48 du
1310 309 230 48 continentie.
1496 309 215 48 liberalitas
1669 309 115 48 enim
1741 309 86 48 et
1784 309 172 48 auaritia
1913 309 101 48 non
1956 309 115 48 contra

1261 346 185 41 riantur
1396 346 152 41 circa
1497 346 202 41 diuersas
1648 346 202 41 materias
1800 346 118 41 nec
1867 346 152 41 circa
1951 346 135 41 candem

1268 386 195 45 nateriam
1414 386 98 45 in
1463 386 130 45 actu
1545 386 98 45 et
1593 386 98 45 in
1642 386 179 45 habitu:
1773 386 114 45 sed
1838 386 130 45 apud
1903 386 179 45 loquentes

1265 424 133 45 bene
1349 424 233 45 habituatus
1532 424 117 45 dum
1599 424 133 45 modo
1682 424 117 45 non
1749 424 183 45 constet
1882 424 100 45 de
1915 424 167 45 actibus:

1264 462 140 43 alis
1351 462 87 43 /
1386 462 192 43 vocatur
1525 462 175 43 bonus.
1648 462 87 43 ⁋
1683 462 175 43 Potest
1805 462 140 43 esse
1875 462 209 43 argumentum

1262 501 93 43 ad
1309 501 202 43 probandum
1465 501 93 43 si
1511 501 124 43 quis
1589 501 171 43 dubitet
1713 501 109 43 vel
1776 501 202 43 discredat
1931 501 109 43 vni
1978 501 93 43 pro-

1269 537 174 48 positioni
1403 537 134 48 fidei.
1496 537 161 48 credendo
1617 537 121 48 aliis
1697 537 67 48 /
1724 537 107 48 quod
1791 537 121 48 talis
1871 537 94 48 sit
1925 537 147 48 fidelis
2018 537 54 48 et

1265 578 183 44 infidelis.
1408 578 65 44 ⁋
1435 578 91 44 Sed
1487 578 144 44 dicetur
1591 578 104 44 quod
1656 578 144 44 fidelis
1761 578 91 44 est
1813 578 104 44 ille
1878 578 91 44 qui
1930 578 144 44 credit:
2022 578 52 44 et

1269 615 112 40 non
1333 615 256 40 pertinaciter
1541 615 224 40 discredit.
1716 615 80 40 ⁋
1748 615 144 40 Sexto
1844 615 208 40 arguitur.
1988 615 96 40 homo

1266 651 181 40 secundum
1402 651 257 40 sensualitatem
1613 651 166 40 appetit
1734 651 196 40 prohibita
1885 651 121 40 sibi
1960 651 75 40 a
1990 651 106 40 deo
2036 651 45 40 &

1258 687 178 50 illicita:
1396 687 82 50 et
1437 687 137 50 renuit
1533 687 137 50 eadeim
1629 687 165 50 secundum
1752 687 178 50 rationem:
1890 687 110 50 ergo
1944 687 124 50 appeti-

1256 728 110 39 tus
1319 728 204 39 contrarii
1476 728 125 39 sunt
1554 728 94 39 in
1601 728 157 39 eodem.
1711 728 78 39 ⁋
1743 728 94 39 Et
1790 728 251 39 confirmatur:
1978 728 94 39 quia

1263 766 147 47 sortes
1366 766 162 47 diligit
1484 766 192 47 platonem:
1632 766 88 47 et
1676 766 221 47 prosequitur
1853 766 118 47 odio
1912 766 162 47 ciceronem

1260 803 106 39 sed
1320 803 121 39 ille
1396 803 121 39 sunt
1472 803 212 39 qualitates
1638 803 212 39 contrarie.
1805 803 242 39 contrarietas
1986 803 91 39 enim

1269 841 103 39 est
1328 841 74 39 a
1358 841 118 39 tota
1432 841 148 39 specie
1535 841 177 39 secundum
1668 841 118 39 hanc
1742 841 221 39 positionem.
1919 841 133 39 odium
1992 841 89 39 Cice

1257 877 147 42 ronis
1354 877 98 42 et
1403 877 195 42 dilectio
1550 877 212 42 Ciceronis
1713 877 114 42 non
1778 877 98 42 se
1827 877 260 42 compatiuntur
2022 877 65 42 in

1255 919 152 38 eodem
1357 919 203 38 subiecto
1509 919 169 38 primo:
1627 919 135 38 modo
1712 919 203 38 quicquid
1864 919 203 38 repugnat
1999 919 85 38 vni

1265 952 225 46 indiuiduo
1438 952 156 46 vnius
1541 952 190 46 speciei
1680 952 138 46 idem
1766 952 207 46 repugnat
1904 952 173 46 cuilibet

1258 994 190 39 indiuiduo
1405 994 175 39 eiusdem:
1536 994 175 39 alioquin
1668 994 117 39 ista
1741 994 234 39 contrarietas
1931 994 102 39 non
1975 994 102 39 esset

1269 1031 208 47 specifica.
1433 1031 74 47 ⁋
1463 1031 89 47 Ad
1507 1031 149 47 sextum
1612 1031 238 47 respondetur:
1805 1031 164 47 negando
1924 1031 119 47 quod
1999 1031 89 47 in
2028 1031 60 47 ho

1268 1069 125 36 mine
1346 1069 125 36 sint
1424 1069 218 36 qualitates
1595 1069 218 36 contrarie:
1767 1069 140 36 illud
1860 1069 125 36 enim
1922 1069 156 36 argumen-

1267 1105 118 53 tum
1335 1105 118 53 non
1402 1105 169 53 probat
1521 1105 270 53 diuersitatem
1740 1105 203 53 animarum
1892 1105 101 53 in
1926 1105 152 53 homine:

1275 1144 123 48 quia
1352 1144 139 48 omnia
1444 1144 170 48 possunt
1568 1144 170 48 saluari
1691 1144 170 48 tenendo
1815 1144 123 48 vnam
1892 1144 139 48 aimam
1969 1144 108 48 intel

1268 1181 170 43 lectiuam
1396 1181 114 43 esse
1467 1181 85 43 in
1509 1181 156 43 homine.
1623 1181 114 43 Nego
1694 1181 128 43 autem
1779 1181 114 43 quod
1850 1181 114 43 ille
1907 1181 170 43 qualitates

1264 1221 111 45 sint
1334 1221 195 45 contrarie:
1487 1221 125 45 licet
1571 1221 98 45 sit
1626 1221 125 45 actus
1710 1221 167 45 elicitus
1835 1221 125 45 liber
1905 1221 167 45 distinctus

1266 1258 87 49 ab
1310 1258 146 49 anima.
1412 1258 131 49 forte
1499 1258 117 49 enim
1572 1258 146 49 nullus
1674 1258 102 49 est
1732 1258 131 49 actus
1820 1258 189 49 naturalis
1965 1258 102 49 vel
2009 1258 73 49 sen

1270 1291 228 46 sualitatis:
1453 1291 107 46 per
1513 1291 122 46 quem
1590 1291 137 46 anima
1681 1291 152 46 tendat
1788 1291 91 46 in
1833 1291 198 46 obiectum.
1970 1291 107 46 appe-

1266 1335 132 47 titus
1354 1335 117 47 enim
1427 1335 190 47 naturalis
1574 1335 102 47 non
1632 1335 234 47 distinguitur
1822 1335 73 47 a
1852 1335 88 47 re
1895 1335 132 47 cuius
1983 1335 73 47 e
1998 1335 73 47 ap-

1284 1372 167 45 etitus.
1406 1372 107 45 sed
1466 1372 122 45 bene
1542 1372 137 45 verum
1634 1372 107 45 est
1695 1372 122 45 quod
1771 1372 198 45 contrario
1923 1372 122 45 modo
1984 1372 91 45 ten-

1280 1408 128 48 dunt:
1365 1408 114 48 quia
1437 1408 100 48 per
1494 1408 114 48 vnum
1565 1408 143 48 tendit
1665 1408 86 48 in
1707 1408 242 48 prosecutionem
1907 1408 157 48 obiecti
2007 1408 71 48 per

1271 1450 146 37 aliud
1368 1450 146 37 autem
1465 1450 178 37 respuit
1594 1450 210 37 obiectum.
1756 1450 81 37 ⁋
1789 1450 97 37 Ad
1821 1450 259 37 confirmationem

1278 1482 168 43 concedo
1400 1482 153 43 casum:
1507 1482 107 43 qui
1568 1482 183 43 dilectio
1705 1482 153 43 sortis
1812 1482 92 43 et
1857 1482 137 43 odium
1934 1482 153 43 platonis

1262 1525 110 45 non
1325 1525 220 45 repugnant.
1498 1525 252 45 Contrarietas
1703 1525 126 45 enim
1781 1525 110 45 est
1844 1525 142 45 solum
1923 1525 157 45 specifi-

1269 1562 90 39 ca
1314 1562 90 39 in
1359 1562 241 39 qualitatibus
1555 1562 106 39 non
1616 1562 211 39 vitalibus:
1781 1562 136 39 sicut
1872 1562 211 39 aduersarii
2023 1562 60 39 di

1267 1600 160 44 cerent:
1384 1600 131 44 licet
1471 1600 116 44 enim
1543 1600 203 44 qualitates
1703 1600 189 44 contrarie
1849 1600 87 44 se
1878 1600 203 44 compatiantur

1278 1639 92 41 in
1324 1639 183 41 gradibus
1461 1639 183 41 remissis
1598 1639 107 41 vel
1659 1639 92 41 in
1705 1639 244 41 qualitatibus
1904 1639 168 41 eiusdem
2011 1639 76 41 spe

1272 1677 122 41 ciei
1348 1677 107 41 cum
1409 1677 122 41 eis:
1485 1677 137 41 tamen
1577 1677 107 41 hoc
1638 1677 183 41 negabunt
1775 1677 92 41 in
1821 1677 275 41 spiritualibus.
2035 1677 61 41 As

1279 1714 155 39 sensus
1387 1714 124 39 enim
1464 1714 325 39 contradictoriarum
1743 1714 124 39 sunt
1820 1714 217 39 contrarii.
1975 1714 108 39 iiii.

1281 1752 243 43 Metaphysice.
1479 1752 91 43 id
1524 1752 106 43 est
1585 1752 106 43 non
1646 1752 91 43 se
1692 1752 243 43 compatiuntur
1889 1752 91 43 in
1920 1752 167 43 quibuscum

1282 1791 107 43 que
1343 1791 200 43 gradibus.
1497 1791 138 43 Eodem
1589 1791 123 43 modo
1665 1791 184 43 dicendum
1804 1791 107 43 est
1865 1791 92 43 in
1896 1791 184 43 proposito.

1273 1825 142 49 Etiam
1368 1825 110 49 non
1431 1825 126 49 nego
1510 1825 126 49 quin
1589 1825 158 49 sortes
1699 1825 158 49 posset
1809 1825 158 49 eundem
1920 1825 142 49 odire
2014 1825 79 49 e
2030 1825 63 49 di

1270 1867 161 41 ligere
1383 1867 194 41 secundum
1528 1867 194 41 diuersas
1673 1867 307 41 apprehensiones.
1932 1867 81 41 ⁋
1948 1867 145 41 Septimo

1279 1903 191 46 arguitur.
1427 1903 133 46 media
1515 1903 133 46 regio
1603 1903 133 46 aeris
1692 1903 147 46 semper
1795 1903 103 46 est
1853 1903 177 46 frigida:
1971 1903 118 46 saltem

1270 1941 146 46 semper
1372 1941 131 46 media
1460 1941 131 46 regio
1547 1941 131 46 aeris
1635 1941 102 46 est
1693 1941 175 46 frigida.
1825 1941 87 46 vt
1868 1941 146 46 patet.
1970 1941 102 46 ii.
2014 1941 73 46 Me-

1274 1978 203 43 teororum.
1431 1978 109 43 non
1493 1978 141 43 alias
1587 1978 234 43 Philosophus
1774 1978 94 43 in
1821 1978 125 43 illa
1899 1978 172 43 regione
2009 1978 78 43 po-

1273 2019 116 38 nit
1340 2019 266 38 generationem
1556 2019 183 38 pluuie:
1689 2019 100 38 et
1738 2019 183 38 aliarum
1855 2019 232 38 impressionum

1270 2053 354 47 meteorologicarum.
1574 2053 101 47 et
1624 2053 152 47 tamen
1725 2053 152 47 eadem
1826 2053 152 47 regio
1927 2053 118 47 est
1978 2053 118 47 cali-

1286 2089 98 46 da.
1342 2089 112 46 Quod
1412 2089 141 46 patet:
1511 2089 98 46 sol
1567 2089 112 46 quia
1637 2089 183 46 calefacit
1778 2089 112 46 ista
1848 2089 183 46 inferiora
1989 2089 98 46 cum
2031 2089 56 46 ma

1285 2131 99 46 ior
1341 2131 99 46 est
1398 2131 127 46 calor
1482 2131 85 46 in
1525 2131 99 46 his
1581 2131 198 46 climatibus
1736 2131 113 46 sole
1807 2131 183 46 existente
1948 2131 85 46 in
1976 2131 113 46 signis

1276 2169 320 44 septentrionalibus
1550 2169 122 44 quam
1626 2169 290 44 meridionalibus.
1870 2169 152 44 igitur
1962 2169 137 44 calefa-

1280 2206 111 43 cit
1343 2206 174 43 medium.
1470 2206 127 43 omne
1549 2206 127 43 enim
1628 2206 142 43 agens
1723 2206 174 43 fortius
1850 2206 127 43 agit
1929 2206 95 43 in
1960 2206 127 43 proin-

1292 2243 110 48 uum
1355 2243 126 48 quam
1434 2243 95 48 in
1481 2243 189 48 distans.
1623 2243 79 48 ⁋
1655 2243 142 48 Forte
1749 2243 142 48 dices
1844 2243 110 48 (et
1891 2243 205 48 apparenter.

1282 2292 116 43 quod
1354 2292 101 43 sol
1412 2292 116 43 ista
1484 2292 188 43 inferiora
1628 2292 188 43 calefacit
1773 2292 101 43 suo
1831 2292 159 43 lumine.
1946 2292 87 43 et
1989 2292 101 43 cum
2033 2292 72 43 hic

1282 2323 168 38 inferius
1408 2323 98 38 est
1464 2323 126 38 lumen
1548 2323 168 38 directum
1674 2323 84 38 et
1715 2323 168 38 reflexum
1841 2323 182 38 generatur
1981 2323 126 38 calor
2051 2323 42 38 a

1280 2354 149 50 lumine:
1389 2354 81 50 et
1429 2354 122 50 tamen
1511 2354 122 50 licet
1592 2354 95 50 sit
1646 2354 95 50 ita
1700 2354 135 50 magnum
1795 2354 122 50 lumen
1876 2354 163 50 directum
1998 2354 81 50 in
2025 2354 68 50 me-

1291 2396 101 48 dia
1348 2396 159 48 regione
1464 2396 130 48 aeris
1551 2396 101 48 vel
1609 2396 145 48 maius:
1710 2396 130 48 illic
1796 2396 130 48 nihil
1883 2396 159 48 caloris
1999 2396 130 48 produ

1284 2433 93 43 cit
1337 2433 160 43 propoter
1457 2433 253 43 indispositionem
1670 2433 120 43 passi
1750 2433 107 43 quod
1817 2433 93 43 est
1870 2433 173 43 frigidum.
2003 2433 80 43 An
2030 2433 53 43 ve

1283 2474 85 39 ro
1325 2474 141 39 qlibet
1424 2474 113 39 pars
1495 2474 127 39 medie
1579 2474 169 39 regionis
1706 2474 127 39 aeris
1791 2474 99 39 sit
1847 2474 155 39 frigida
1960 2474 99 39 non
2002 2474 85 39 con-

1289 2509 117 51 stat:
1367 2509 78 51 et
1406 2509 104 51 dato
1471 2509 104 51 quod
1535 2509 182 51 frigiditas
1678 2509 91 51 non
1730 2509 91 51 sit
1782 2509 169 51 naturalis
1911 2509 104 51 aeri
1963 2509 117 51 inquam-

1286 2549 92 44 tum
1338 2549 92 44 est
1391 2549 105 44 aer:
1457 2549 118 44 tamen
1536 2549 118 44 maior
1615 2549 105 44 pars
1680 2549 131 44 illius
1772 2549 118 44 medie
1851 2549 158 44 regionis
1970 2549 118 44 aeris
2035 2549 66 44 vel

1288 2588 136 42 tota
1373 2588 153 42 manet
1475 2588 187 42 frigida
1611 2588 187 42 propter
1746 2588 272 42 impressiones
1950 2588 136 42 meteo-

1285 2625 202 41 rologicas:
1443 2625 86 41 et
1486 2625 187 41 finaliter
1630 2625 187 41 obsalutem
1774 2625 144 41 homins
1875 2625 115 41 opus
1947 2625 101 41 est
1990 2625 115 41 pluuia

1292 2665 81 46 ⁋
1324 2665 161 46 Dctauo
1437 2665 193 46 arguitur
1582 2665 129 46 sic.
1663 2665 242 46 Aristoteles
1856 2665 242 46 metaphysice
2034 2665 64 46 et
