2333 3301
205 243 121 51 ergo
280 243 136 51 eodem
371 243 121 51 modo
447 243 91 51 in
492 243 181 51 mentali.
628 243 76 51 ⁋
658 243 91 51 Ad
704 243 166 51 quintum
825 243 121 51 nego
885 243 136 51 sequela

227 293 66 38 et
260 293 99 38 causa
326 293 88 38 est:
381 293 88 38 quia
437 293 77 38 let
481 293 88 38 illi
536 293 143 38 conceptus
646 293 88 38 sint
701 293 88 38 eque
756 293 154 38 praesentes
867 293 154 38 intellectui:

219 330 110 39 tamen
292 330 122 39 placet
377 330 73 39 ei
414 330 98 39 vnum
475 330 159 39 componere
597 330 61 39 a
621 330 85 39 non
670 330 122 39 alium.
756 330 183 39 intellectus
902 330 98 39 enim
951 330 73 39 rea-

221 365 126 41 liter
305 365 98 41 est
361 365 168 41 voluntas
487 365 126 41 sicut
571 365 140 41 placet
669 365 196 41 impressori
823 365 168 41 accipere
935 365 84 41 vnum

217 399 212 44 elementorum
387 399 170 44 equalium
514 399 184 44 equaliter
656 399 184 44 oblatorum
797 399 85 44 ad
826 399 198 44 imprimendum:

224 439 83 40 et
266 439 97 40 non
321 439 138 40 aliud.
418 439 83 40 Ad
459 439 249 40 confirmationem
667 439 69 40 a
695 439 138 40 multis
792 439 180 40 negaretur
916 439 97 40 maior

225 475 90 42 sed
277 475 116 42 illam
354 475 193 42 concedimus:
508 475 90 42 cum
559 475 103 42 vnus
623 475 154 42 terminus
739 475 128 42 possit
828 475 103 42 esse
893 475 128 42 copula
970 475 51 42 et

212 512 224 48 praedicatum:
394 512 84 48 vt
436 512 126 48 patet
520 512 112 48 apud
590 512 154 48 coniter
701 512 182 48 loquentes
841 512 84 48 de
883 512 98 48 vbo
925 512 84 48 adie

218 556 141 40 ctiuo:
317 556 85 40 et
359 556 85 40 ob
401 556 268 40 subordinationem
627 556 85 40 ad
669 556 169 40 mentalem
796 556 99 40 non
853 556 127 40 debet
923 556 85 40 nega

227 587 63 39 ri
258 587 52 39 a
279 587 83 39 esse
331 587 156 39 propositio:
456 587 63 39 et
487 587 115 39 concedo
571 587 125 39 minorem.
665 587 73 39 sed
706 587 167 39 consequentia
842 587 73 39 est
884 587 104 39 nulla:
946 587 63 39 immo

221 624 80 39 si
261 624 94 39 ita
314 624 120 39 esset
395 624 120 39 sicut
475 624 147 39 arguens
582 624 201 39 imaginatur:
742 624 147 39 negarem
849 624 67 39 a
876 624 107 39 esse
930 624 80 39 pro-

224 664 201 43 positionem:
385 664 94 43 cum
438 664 94 43 non
492 664 242 43 subordinaretur
694 664 94 43 vni
747 664 148 43 mentali
855 664 148 43 habenti
949 664 67 43 plu

211 703 103 42 res
270 703 163 42 partes.
389 703 118 42 Tota
462 703 118 42 enim
536 703 133 42 causa
625 703 133 42 quare
714 703 163 42 vocalis
832 703 103 42 vel
876 703 133 42 scripta

212 737 142 39 dicitur
315 737 103 39 esse
379 737 180 39 propositio
521 737 64 39 /
547 737 90 39 est
598 737 103 39 quia
663 737 206 39 subordinatur
830 737 142 39 mentali
920 737 90 39 prope

214 770 168 51 sitioni
336 770 168 51 habenti
458 770 152 51 plures
564 770 168 51 partes.
686 770 76 51 ⁋
717 770 137 51 Sexto
808 770 198 51 arguitur.
945 770 61 51 Vo

206 810 136 45 luntas
302 810 123 45 vnico
383 810 109 45 actu
452 810 136 45 potest
547 810 123 45 velle
629 810 68 45 a
656 810 123 45 esse:
738 810 109 45 ergo
806 810 82 45 et
833 810 177 45 intellectus

208 850 71 40 a.
244 850 95 40 esse
303 850 189 40 intelligere.
457 850 189 40 consequentia
611 850 118 40 tenet:
693 850 95 40 quia
753 850 83 40 non
800 850 107 40 minus
871 850 83 40 est
906 850 107 40 intelle

205 884 114 43 ctus
276 884 143 43 potens
376 884 129 43 ferri
462 884 86 43 in
505 884 129 43 illud
591 884 129 43 totum
677 884 129 43 vnico
763 884 114 43 actu
834 884 114 43 quam
892 884 114 43 volun-

220 922 96 39 tas.
280 922 192 39 Confirmatur.
435 922 96 39 deus
495 922 84 39 est
543 922 180 39 propositio:
687 922 72 39 et
723 922 108 39 tamen
795 922 84 39 non
842 922 108 39 habet
902 922 96 39 plure:

209 960 110 39 partes.
289 960 110 39 igitur.
369 960 50 39 ⁋
389 960 60 39 Ad
418 960 100 39 sextum
488 960 110 39 concedo
568 960 150 39 antecedens:
688 960 170 39 consequentiam
827 960 60 39 et
857 960 150 39 consequens:
967 960 40 39 in

201 998 168 37 tellectus
331 998 104 37 enim
395 998 117 37 habet
473 998 104 37 vnum
538 998 155 37 iudicium
654 998 155 37 respectu
771 998 130 37 totius
862 998 65 37 /
874 998 130 37 assensum

209 1035 98 38 vel
265 1035 197 38 dissensum:
420 1035 98 38 qui
476 1035 126 38 licet
560 1035 197 38 componatur
714 1035 84 38 ex
756 1035 168 38 partibus
869 1035 140 38 graduali

203 1070 94 37 bus
256 1070 67 37 /
283 1070 94 37 non
337 1070 121 37 tamen
418 1070 81 37 ex
458 1070 161 37 partibus
579 1070 188 37 diuersarum
727 1070 175 37 rationum.
862 1070 81 37 Ad
889 1070 121 37 confir-

207 1108 148 40 mationem
318 1108 135 40 constat
416 1108 99 40 quod
478 1108 99 40 deus
539 1108 86 40 est
588 1108 148 40 iudicium
699 1108 111 40 omnim
773 1108 148 40 verorum:
884 1108 74 40 et
909 1108 99 40 dissen

207 1145 92 39 sus
260 1145 171 39 falsorum:
391 1145 79 39 et
431 1145 198 39 apprehendit
589 1145 132 39 omnia:
682 1145 79 39 et
721 1145 145 39 notitia
813 1145 185 39 apprehensiua

205 1185 82 42 in
246 1185 96 42 deo
301 1185 96 42 non
356 1185 220 42 distinguitur
535 1185 69 42 a
562 1185 206 42 iudicatiua:
727 1185 178 42 propterea
864 1185 82 42 si
891 1185 110 42 libea-

211 1223 144 41 potest
311 1223 144 41 vocari
412 1223 201 41 propositio
569 1223 187 41 increata:
713 1223 129 41 secus
799 1223 100 41 est
856 1223 86 41 de
885 1223 115 41 creata

204 1256 90 43 ex
249 1256 105 43 hoc
309 1256 135 43 autem
399 1256 105 43 non
459 1256 135 43 potes
549 1256 150 43 capere
653 1256 225 43 argumentum.
833 1256 135 43 Potes
908 1256 90 43 con-

197 1292 176 39 cludere
325 1292 112 39 hac
389 1292 112 39 via
453 1292 128 39 vnum
533 1292 192 39 absurdum
677 1292 160 39 falsum
789 1292 192 39 protinus
917 1292 80 39 ann

202 1325 159 47 sequenti:
324 1325 98 47 quod
386 1325 172 47 propositio
521 1325 147 47 mentalis
631 1325 86 47 est
680 1325 123 47 anima.
766 1325 123 47 patet.
852 1325 86 47 nam
901 1325 98 47 deus
950 1325 49 47 es

200 1365 97 50 sua
256 1365 153 50 notitia
367 1365 222 50 apprehensiua
547 1365 83 50 et
589 1365 208 50 iudicatiua:
755 1365 83 50 et
797 1365 97 50 non
852 1365 97 50 est
894 1365 111 50 ponen-

207 1409 78 47 da
246 1409 181 47 pluralitas
388 1409 104 47 sine
453 1409 207 47 necessitate:
621 1409 104 47 ergo
686 1409 117 47 anima
764 1409 91 47 est
816 1409 181 47 propositio
945 1409 52 47 mi

205 1444 139 46 talis.
302 1444 83 46 Si
344 1444 125 46 dicas
428 1444 97 46 non
483 1444 181 46 sufficere
622 1444 83 46 ad
664 1444 223 46 propositione
845 1444 70 46 /
859 1444 139 46 iudicare

206 1479 105 38 vere
272 1479 79 38 et
311 1479 119 38 omnia
390 1479 224 38 apprehendere:
575 1479 92 38 sed
628 1479 185 38 requiritur
773 1479 105 38 quod
839 1479 105 38 sint
892 1479 105 38 plures

209 1516 140 47 partes:
311 1516 127 47 quarum
400 1516 89 47 vna
450 1516 102 47 erit
514 1516 165 47 subiectum
641 1516 63 47 /
666 1516 102 47 alia
730 1516 127 47 copula
818 1516 63 47 /
844 1516 127 47 tertia
920 1516 76 47 prae

216 1553 151 46 dicatum.
330 1553 88 46 ita
380 1553 76 46 vt
418 1553 113 46 illud
493 1553 101 46 quod
556 1553 76 46 de
594 1553 101 46 alio
657 1553 176 46 enunciatur
796 1553 88 46 sit
833 1553 164 46 praedicatum

200 1591 83 42 et
242 1591 124 42 illud
325 1591 83 42 de
366 1591 97 42 quo
421 1591 124 42 aliud
504 1591 194 42 enunciatur
656 1591 97 42 sit
712 1591 194 42 subiectum:
864 1591 83 42 et
891 1591 97 42 actus

199 1627 166 39 vnitiuus
324 1627 97 39 sit
379 1627 152 39 copula:
490 1627 83 39 et
532 1627 97 39 hoc
587 1627 83 39 in
629 1627 222 39 categoricis:
809 1627 111 39 tunc
878 1627 111 39 deus
934 1627 69 39 non

200 1666 101 46 est
257 1666 216 46 propositio.
430 1666 101 46 hoc
487 1666 86 46 in
530 1666 115 46 fine
602 1666 201 46 adiecimus.
761 1666 158 46 Diceret
861 1666 144 46 quispiam

209 1700 113 46 sunt
279 1700 113 46 tres
350 1700 155 46 persone
462 1700 84 46 in
504 1700 155 46 diuinis
617 1700 225 46 personaliter
800 1700 197 46 distincte:
941 1700 56 46 et

203 1738 84 42 go
245 1738 98 42 ibi
301 1738 112 42 sunt
370 1738 112 42 tres
440 1738 167 42 notitie.
566 1738 126 42 Ferme
649 1738 98 42 est
705 1738 84 42 de
747 1738 126 42 nomie
817 1738 181 42 contendere.

201 1777 159 39 dicere
313 1777 128 39 deum
392 1777 128 39 esse
472 1777 287 39 propositionem.
711 1777 80 39 ⁋
743 1777 175 39 Septimo
855 1777 143 39 argumen

204 1813 123 43 tor.
281 1813 154 43 Nullus
388 1813 108 43 est
450 1813 139 43 actus
542 1813 339 43 syncategorematicus
835 1813 92 43 in
865 1813 139 43 mentali

207 1847 121 46 huius
287 1847 67 46 /
314 1847 121 46 omnis
394 1847 107 46 homo
461 1847 94 46 est
515 1847 148 46 animal.
622 1847 107 46 ergo
689 1847 107 46 illa
757 1847 94 46 non
810 1847 188 46 componitur
944 1847 54 46 ex

199 1892 178 39 pluribus
333 1892 223 39 partialibus
511 1892 193 39 noticiis.
660 1892 208 39 antecedens
824 1892 149 39 patet:
913 1892 89 39 quia

211 1927 103 40 vel
270 1927 133 40 talis
359 1927 133 40 actus
447 1927 324 40 syncategorematicus
727 1927 192 40 vitaliter
859 1927 133 40 immuta-

200 1959 169 42 potentiam
330 1959 195 42 cognitiuam:
486 1959 91 42 aut
538 1959 104 42 non.
603 1959 78 42 si
643 1959 169 42 secundum:
773 1959 91 42 cum
825 1959 91 42 nec
864 1959 130 42 experier

202 2000 121 40 tia:
277 2000 106 40 nec
338 2000 136 40 ratio
429 2000 151 40 cogat:
534 2000 106 40 non
595 2000 166 40 debemus
716 2000 151 40 ponere
807 2000 181 40 huiuscemod

204 2036 300 45 syncategoremata.
459 2036 90 45 si
504 2036 165 45 primum:
623 2036 105 45 est
683 2036 120 45 vere
743 2036 255 45 representatiuum

210 2075 157 44 alicuius
328 2075 157 44 obiecti.
446 2075 144 44 pobatur
551 2075 210 44 consequentia
722 2075 92 44 nam
774 2075 171 44 potentiam
892 2075 105 44 cogni-

212 2109 126 41 tiuam
296 2109 182 41 vitaliter
436 2109 168 41 immutari
562 2109 98 41 per
619 2109 182 41 conceptum
759 2109 70 41 /
787 2109 98 41 est
829 2109 154 41 actualite

207 2148 164 41 tendere
326 2148 90 41 in
371 2148 179 41 obiectum
506 2148 194 41 peripsum:
655 2148 90 41 et
700 2148 104 41 per
759 2148 224 41 consequnens
923 2148 75 41 est

205 2185 187 39 naturalis
348 2185 201 39 similitudo
506 2185 172 39 obiecti:
635 2185 86 39 et
678 2185 129 39 illud
764 2185 172 39 obiectum
879 2185 115 39 repre-

206 2221 154 46 sentat:
318 2221 112 46 quod
388 2221 168 46 repugnat
514 2221 196 46 positioni.
667 2221 98 46 Sed
723 2221 140 46 dicis.
821 2221 84 46 ad
863 2221 98 46 hoc
905 2221 84 46 quod

203 2261 148 39 actus
301 2261 362 39 syncategorematicus
614 2261 99 39 et
663 2261 312 39 categorematicus
910 2261 82 39 va-

205 2295 99 41 rio
262 2295 113 41 modo
332 2295 170 41 immutant
460 2295 199 41 potentiam.
616 2295 99 41 per
673 2295 170 41 secundum
801 2295 113 41 enim
857 2295 128 41 intelle

205 2332 113 40 ctus
275 2332 183 40 cognoscit
416 2332 99 40 rem
473 2332 99 40 vel
529 2332 99 40 res
585 2332 85 40 ad
628 2332 127 40 intra
712 2332 99 40 vel
769 2332 85 40 ad
811 2332 141 40 extra:
895 2332 85 40 actu

199 2370 138 41 autem
291 2370 337 41 syncategorematicus
582 2370 168 41 limitat
704 2370 230 41 intellectum
888 2370 92 41 ad
918 2370 77 41 ta-

205 2401 122 45 liter
287 2401 95 45 vel
341 2401 149 45 taliter
449 2401 176 45 capiendos
584 2401 189 45 conceptus.
732 2401 95 45 hoc
786 2401 95 45 est
840 2401 122 45 facit
908 2401 81 45 cate

205 2442 175 49 goremata
337 2442 146 49 aliter
438 2442 87 49 ea
482 2442 146 49 aliter
584 2442 117 49 capi
657 2442 175 49 secundum
788 2442 160 49 naturam
890 2442 102 49 signi

197 2483 96 44 vt
245 2483 159 44 signum
356 2483 223 44 vniuersale
532 2483 175 44 denotat
659 2483 207 44 conceptum
819 2483 143 44 super
898 2483 96 44 quem

209 2518 240 41 proximefertur
406 2518 71 41 /
435 2518 141 41 accipi
533 2518 99 41 pro
590 2518 113 41 suis
660 2518 226 41 significatis
830 2518 155 41 copulati-

200 2558 96 41 ue:
255 2558 82 41 vt
296 2558 123 41 quasi
378 2558 123 41 omnes
460 2558 109 41 oues
529 2558 82 41 in
570 2558 178 41 britamnis
707 2558 109 41 sunt
775 2558 164 41 cornute:
885 2558 109 41 copula

202 2590 164 44 extrema
321 2590 134 44 vnit.
411 2590 149 44 signum
515 2590 268 44 demonstratiuum
739 2590 253 44 singularizat.
932 2590 60 44 vt

206 2625 106 53 iste
272 2625 106 53 oues
338 2625 79 53 in
378 2625 146 53 francia
484 2625 93 53 non
537 2625 106 53 sunt
603 2625 159 53 cornute.
722 2625 79 53 et
762 2625 93 53 ita
815 2625 79 53 de
855 2625 119 53 aliis
921 2625 66 53 ter

191 2659 147 63 minis
289 2659 359 63 syncategorematicis
599 2659 196 63 secundum
746 2659 147 63 eorum
828 2659 163 63 naturam.

1069 245 105 57 Sed
1129 245 150 57 contra
1234 245 105 57 hoc
1293 245 195 57 arguitur.
1443 245 105 57 sic
1503 245 224 57 intellectus
1682 245 165 57 nunquam
1787 245 90 57 for-

1078 301 137 44 maret
1169 301 137 44 talem
1260 301 198 44 mentalem:
1412 301 137 44 omnis
1503 301 122 44 homo
1579 301 106 44 est
1640 301 152 44 animal
1746 301 122 44 quin
1807 301 61 44 re

1082 331 181 49 flecteret
1222 331 84 49 se
1263 331 126 49 super
1347 331 181 49 conceptum
1486 331 153 49 homnins
1598 331 126 49 ipsum
1668 331 195 49 cognoscendo.

1081 368 84 56 sed
1129 368 169 56 consequens
1262 368 84 56 est
1310 368 133 56 falsum:
1407 368 72 56 et
1443 368 121 56 contra
1527 368 205 56 experientiam:
1696 368 121 56 quando
1769 368 97 56 potest

1069 409 124 41 quis
1146 409 154 41 habere
1254 409 139 41 illam
1346 409 185 41 mentalem
1485 409 108 41 non
1547 409 247 41 considerando
1748 409 93 41 se
1779 409 77 41 ha-

1077 445 106 49 bere
1143 445 132 49 illam.
1236 445 79 49 Et
1275 445 212 49 confirmatur.
1448 445 93 49 nam
1500 445 79 49 in
1540 445 106 49 ista
1606 445 146 49 mentali
1712 445 66 49 /
1739 445 119 49 omnis
1805 445 53 49 ho

1061 483 85 45 mo
1103 483 100 45 est
1160 483 157 45 animal:
1274 483 128 45 actus
1360 483 242 45 distributiuus
1559 483 157 45 denotat
1673 483 185 45 conceptum
1801 483 57 45 ho

1066 519 129 41 minis
1152 519 143 41 accipi
1252 519 215 41 copulatiue:
1423 519 100 41 sed
1481 519 172 41 denotare
1609 519 100 41 est
1667 519 229 41 significare:

1077 559 108 39 ergo
1144 559 189 39 significat
1292 559 121 39 illum
1373 559 189 39 conceptum.
1521 559 67 39 ⁋
1548 559 81 39 Ad
1589 559 135 39 primum
1683 559 121 39 inter
1750 559 108 39 arguem

1072 590 101 43 dum
1129 590 187 43 responsum
1273 590 101 43 est
1331 590 86 43 ad
1374 590 158 43 vltimam
1489 590 216 43 obiectionem
1662 590 144 43 vsque.
1763 590 86 43 De
1792 590 72 43 re-

1066 630 164 45 flexione
1190 630 123 45 autem
1272 630 137 45 varius
1368 630 96 45 est
1423 630 123 45 modus
1505 630 178 45 loquendi.
1642 630 137 45 Aliqui
1738 630 110 45 enim
1792 630 69 45 vo-

1070 670 110 42 cant
1139 670 179 42 conceptum
1277 670 207 42 entitatiuum
1442 670 96 42 vel
1497 670 193 42 qualitatis
1648 670 179 42 reflexum:
1772 670 83 42 quia

1068 702 185 46 significat
1213 702 92 46 se.
1266 702 105 46 Alii
1332 702 92 46 hoc
1384 702 92 46 non
1437 702 211 46 admitterent:
1608 702 92 46 sed
1661 702 132 46 dicunt
1740 702 119 46 requiri

1064 740 109 44 quod
1133 740 123 44 solum
1214 740 177 44 repsuntet
1351 740 177 44 conceptum
1487 740 96 44 vel
1542 740 177 44 conceptum
1665 740 191 44 representet:

1064 781 100 44 non
1121 781 157 44 ponamus
1235 781 100 44 vim
1293 781 86 44 in
1336 781 229 44 appellatione
1522 781 186 44 rationis.
1665 781 157 44 Dicimus
1765 781 86 44 inte

1057 820 105 39 dum
1117 820 90 39 in
1162 820 120 39 modo
1237 820 180 39 loquendi
1371 820 90 39 de
1416 820 195 39 glorioso:
1566 820 105 39 qui
1626 820 135 39 putat
1715 820 90 39 se
1745 820 120 39 doctio

1064 852 95 41 rem
1119 852 108 41 quam
1186 852 108 41 sit:
1254 852 108 41 iste
1321 852 122 41 habet
1402 852 203 41 reflexionem
1565 852 122 41 supra
1646 852 95 41 se:
1700 852 95 41 hoc
1754 852 95 41 est
1794 852 68 41 iu-

1068 890 116 43 dicat
1145 890 77 43 se
1184 890 103 43 bene
1248 890 141 43 doctum:
1351 890 90 43 vel
1402 890 90 43 est
1454 890 77 43 de
1492 890 77 43 se
1531 890 103 43 ipso
1595 890 103 43 (vti
1659 890 129 43 aiunt)
1736 890 116 43 conten-

1069 925 91 42 tus:
1125 925 113 42 quando
1205 925 91 42 item
1261 925 102 42 anima
1329 925 147 42 cognoscit
1442 925 68 42 se
1476 925 57 42 /
1499 925 125 42 dicitur
1590 925 136 42 reflecti
1691 925 102 42 supra
1759 925 79 42 se.
1793 925 57 42 In-

1059 957 134 51 terdum
1152 957 147 51 vocamus
1259 957 214 51 reflexionem:
1433 957 134 51 quando
1527 957 174 51 conceptus
1660 957 134 51 fertur
1754 957 80 51 in
1781 957 80 51 con-

1066 1003 152 44 ceptum.
1177 1003 83 44 et
1218 1003 166 44 possumus
1342 1003 124 44 etiam
1425 1003 152 44 addere:
1536 1003 138 44 quando
1632 1003 124 44 actus
1715 1003 138 44 fertur
1798 1003 55 44 in

1052 1041 226 37 conceptum.
1229 1041 161 37 Ultimo
1342 1041 129 37 modo
1423 1041 178 37 concedo
1552 1041 129 37 esse
1633 1041 258 37 reflexionem:

1058 1077 92 35 non
1110 1077 131 35 primo.
1202 1077 79 35 Ad
1242 1077 171 35 secundum:
1373 1077 79 35 an
1413 1077 197 35 intellectus
1570 1077 131 35 possit
1662 1077 144 35 fingere
1754 1077 92 35 actus

1066 1108 332 51 syncategorematicos
1352 1108 121 51 sine
1428 1108 241 51 conceptibus:
1624 1108 106 51 vix
1669 1108 181 51 exploratum

1060 1149 112 42 est:
1130 1149 98 42 sed
1186 1149 126 42 maior
1270 1149 98 42 est
1326 1149 196 42 apparentia
1480 1149 112 42 quod
1550 1149 112 42 non.
1620 1149 98 42 cui
1676 1149 168 42 consonat
1788 1149 56 42 di

1061 1186 133 48 ctum
1144 1186 233 48 philosophi
1327 1186 150 48 primo
1427 1186 299 48 perihermenias.
1676 1186 116 48 hoc
1726 1186 133 48 verbum

1062 1223 92 37 est
1114 1223 79 37 si
1154 1223 118 37 purum
1233 1223 158 37 dixeris:
1351 1223 118 37 ipsum
1430 1223 131 37 quidem
1522 1223 118 37 nihil
1600 1223 105 37 est:
1666 1223 105 37 quod
1732 1223 105 37 sine
1784 1223 66 37 ex-

1055 1262 129 36 tremis
1146 1262 90 36 non
1197 1262 90 36 est
1249 1262 194 36 inteligere.
1404 1262 90 36 hoc
1456 1262 103 36 est:
1520 1262 90 36 non
1572 1262 129 36 potest
1662 1262 103 36 esse
1727 1262 78 36 in
1753 1262 103 36 intel-

1060 1296 137 48 lectu
1151 1296 121 48 sine
1227 1296 197 48 extremis.
1379 1296 258 48 Syncategorema
1591 1296 152 48 namque
1697 1296 137 48 habet
1773 1296 76 48 ca-

1056 1336 178 45 tegorema
1189 1336 104 45 pro
1249 1336 178 45 obiecto:
1382 1336 104 45 sed
1441 1336 133 45 ipsum
1530 1336 104 45 non
1589 1336 133 45 sigt:
1677 1336 133 45 facit
1751 1336 104 45 autem

1056 1368 121 52 iplum
1136 1368 148 52 taliter
1243 1368 94 52 vel
1297 1368 148 52 taliter
1404 1368 121 52 capi:
1485 1368 121 52 sicut
1565 1368 107 52 nota
1632 1368 107 52 quam
1699 1368 134 52 cifram
1780 1368 67 52 ap-

1050 1406 147 47 pellat
1153 1406 133 47 vulgo
1242 1406 133 47 facit
1330 1406 162 47 figuram
1448 1406 192 47 sequentem
1595 1406 147 47 accipi
1699 1406 103 47 pro
1743 1406 103 47 decem

1063 1446 86 38 vel
1112 1446 135 38 viginti
1210 1446 147 38 secundum
1321 1446 111 38 notam
1394 1446 135 38 sigure:
1493 1446 74 38 et
1530 1446 111 38 tamen
1603 1446 98 38 nota
1665 1446 98 38 ipsa
1726 1446 86 38 nec
1763 1446 86 38 figu-

1062 1484 93 46 ram
1115 1484 93 46 nec
1168 1484 240 46 aliquemnumerum
1368 1484 147 46 quantum
1475 1484 93 46 est
1528 1484 80 46 de
1568 1484 80 46 se
1608 1484 67 46 /
1635 1484 200 46 significat.
1781 1484 67 46 Con

1062 1519 90 40 tra
1113 1519 90 40 hoc
1165 1519 167 40 arguitur.
1293 1519 167 40 conceptum
1421 1519 128 40 habere
1511 1519 141 40 aliquid
1613 1519 90 40 pro
1665 1519 141 40 obiecto
1767 1519 64 40 /
1780 1519 64 40 est

1052 1559 109 43 esse
1121 1559 178 43 naturalem
1257 1559 232 43 similitudinem
1449 1559 150 43 illius:
1558 1559 96 43 sed
1613 1559 123 43 prime
1695 1559 123 43 actus
1763 1559 82 43 syn-

1056 1591 254 40 categorematicus
1269 1591 120 40 habet
1350 1591 187 40 catecorema
1497 1591 94 40 pro
1550 1591 160 40 obiecto:
1670 1591 107 40 ergo
1737 1591 94 40 est
1777 1591 67 40 na-

1051 1631 156 38 turalis
1165 1631 199 38 similitudo
1321 1631 128 38 eius.
1406 1631 85 38 et
1449 1631 100 38 per
1506 1631 199 38 consequens
1662 1631 114 38 vere
1719 1631 128 38 signifi

1046 1669 91 45 cat
1098 1669 131 45 illud.
1190 1669 91 45 Non
1242 1669 105 45 dixi
1307 1669 118 45 aliud
1386 1669 105 45 nisi
1451 1669 118 45 actum
1529 1669 144 45 causari
1634 1669 65 45 a
1660 1669 170 45 conceptu:
1778 1669 65 45 si-

1054 1707 102 45 cut
1112 1707 174 45 obiectum
1242 1707 218 45 partialiter
1416 1707 145 45 causat
1518 1707 174 45 notitiam
1648 1707 116 45 eius
1721 1707 87 45 in
1750 1707 102 45 termi

1048 1739 117 41 nis.
1122 1739 103 41 Sed
1180 1739 161 41 amplius
1298 1739 117 41 nunc
1371 1739 132 41 dico:
1459 1739 103 41 cum
1517 1739 205 41 argumentum
1679 1739 103 41 est
1723 1739 117 41 propo-

1049 1775 141 46 situm:
1147 1775 112 46 quod
1218 1775 183 46 conceptus
1358 1775 98 46 non
1414 1775 112 46 modo
1485 1775 211 46 partialiter
1653 1775 141 46 causat
1738 1775 112 46 actum:

1046 1816 100 40 sed
1103 1816 114 40 quod
1174 1816 100 40 est
1231 1816 171 40 obiectum
1359 1816 128 40 eius:
1444 1816 85 40 et
1487 1816 142 40 quando
1587 1816 171 40 arguitur
1715 1816 85 40 in
1743 1816 100 40 oppo-

1045 1854 146 43 situm:
1147 1854 160 43 concedo
1264 1854 160 43 maiorem
1380 1854 87 43 et
1424 1854 175 43 minorem:
1555 1854 87 43 et
1599 1854 117 43 nego
1657 1854 175 43 consequem-

1046 1890 117 39 tiam:
1124 1890 91 39 cum
1176 1890 104 39 enim
1241 1890 91 39 non
1293 1890 156 39 probetur
1410 1890 182 39 sufficeret
1554 1890 78 39 id
1593 1890 156 39 negasse.
1697 1890 143 39 conceptus

1055 1929 143 44 quidem
1155 1929 100 44 est
1212 1929 186 44 naturalis
1356 1929 201 44 similitudo
1514 1929 172 44 obiecti:
1643 1929 100 44 sed
1686 1929 143 44 vtrobide

1060 1964 87 44 ad
1104 1964 145 44 habere
1206 1964 174 44 obiectum
1336 1964 102 44 non
1394 1964 203 44 requiritur
1554 1964 116 44 esse
1626 1964 189 44 naturalem
1757 1964 87 44 simi

1045 1997 186 39 litudinem
1188 1997 172 39 obiecti:
1317 1997 86 39 vt
1360 1997 129 39 patet
1446 1997 86 39 de
1489 1997 115 39 actu
1560 1997 215 39 voluntatis:
1732 1997 100 39 qui
1775 1997 72 39 ha-

1054 2037 103 43 bet
1113 2037 177 43 obiectum
1246 2037 132 43 cuius
1334 2037 103 43 non
1393 2037 103 43 est
1452 2037 191 43 naturalis
1599 2037 221 43 similitudo.
1760 2037 74 43 Ra-

1044 2075 91 40 tio
1096 2075 105 40 enim
1162 2075 144 40 obiecti
1266 2075 78 40 in
1305 2075 105 40 actu
1371 2075 183 40 voluntatis
1514 2075 78 40 et
1554 2075 196 40 intellectus
1710 2075 91 40 est
1750 2075 78 40 ter-

1050 2111 153 48 minare
1157 2111 138 48 ipsum
1249 2111 153 48 actum:
1356 2111 92 48 et
1402 2111 184 48 interdum
1540 2111 92 48 ab
1586 2111 169 48 obiecto
1693 2111 138 48 causari

1048 2148 175 42 interdum
1180 2148 117 42 vero
1252 2148 117 42 non.
1325 2148 117 42 modo
1398 2148 117 42 ista
1471 2148 102 42 duo
1529 2148 204 42 conueniunt
1675 2148 160 42 conceptui

1045 2184 173 44 respectu
1174 2184 144 44 actus.
1275 2184 187 44 conceptus
1419 2184 144 44 namque
1520 2184 158 44 causant
1635 2184 144 44 actus:
1736 2184 86 44 et
1765 2184 72 44 cum

1044 2221 106 43 hoc
1104 2221 136 43 actus
1195 2221 212 43 terminatur
1362 2221 91 43 ad
1408 2221 212 43 conceptum:
1574 2221 91 43 et
1620 2221 91 43 si
1665 2221 91 43 ad
1711 2221 106 43 res
1756 2221 76 43 si-

1048 2263 207 39 gnificatas
1211 2263 103 39 per
1270 2263 207 39 conceptus:
1433 2263 133 39 nihil
1521 2263 89 39 ad
1551 2263 59 39 b.

1217 2299 157 42 Veritur
1331 2299 157 42 tertio:
1445 2299 128 42 vtrum
1530 2299 100 42 sit
1587 2299 185 42 possibile
1716 2299 128 42 viatori

1196 2330 156 57 habere
1305 2330 187 57 notitiam
1446 2330 202 57 euidentem
1601 2330 93 57 de
1633 2330 202 57 veritatibus

1183 2374 112 48 ergo
1253 2374 225 48 iheologicis:
1436 2374 169 48 Terminus
1562 2374 140 48 viator
1660 2374 98 48 est
1703 2374 126 48 superi-

1175 2411 96 45 us
1223 2411 239 45 explicatus.
1414 2411 127 45 Nunc
1494 2411 111 45 duo
1557 2411 175 45 termini
1685 2411 96 45 in
1717 2411 111 45 titu-

1050 2453 87 43 lo
1094 2453 203 43 questionis
1254 2453 145 43 positi
1356 2453 262 43 explicabuntur:
1573 2453 145 43 postea
1661 2453 174 43 respondebi

1048 2486 106 41 tur
1108 2486 91 41 ad
1154 2486 227 41 questionem.
1335 2486 151 41 Primus
1441 2486 181 41 terminus
1577 2486 106 41 est
1637 2486 181 41 notitia.
1758 2486 76 41 No-

1047 2522 136 43 titia
1137 2522 196 43 scinditur
1288 2522 91 43 in
1334 2522 181 43 actualem
1470 2522 91 43 et
1515 2522 226 43 habitualem.
1681 2522 151 43 Actualis

1045 2561 106 42 est
1106 2561 182 42 qualitas
1242 2561 182 42 subiecto
1379 2561 198 42 inherens:
1531 2561 106 42 per
1592 2561 122 42 quam
1668 2561 137 42 ipsum
1744 2561 91 42 for-

1049 2596 157 43 maliter
1163 2596 199 43 cognoscit.
1319 2596 157 43 Dicitur
1433 2596 171 43 subiecto
1561 2596 71 43 a
1590 2596 100 43 non
1633 2596 199 43 intellectui:

1037 2635 179 38 propter
1167 2635 195 38 notitias
1313 2635 227 38 sensitiuas
1491 2635 179 38 hominis
1621 2635 97 38 et
1653 2635 179 38 brutorum.

1034 2669 112 44 hic
1098 2669 144 44 autem
1194 2669 208 44 definitur
1354 2669 176 44 notitia
1482 2669 176 44 creata:
1610 2669 128 44 quia
1674 2669 160 44 increata
