2377 3302
263 232 181 48 tibiliter
402 232 195 48 producitur
556 232 125 48 nihil
639 232 195 48 producitur
792 232 84 48 in
834 232 181 48 instanti:
960 232 98 48 licet

260 277 103 44 im
311 277 205 44 instanti
465 277 257 44 determinato
671 277 154 44 forma
773 277 205 44 producta
910 277 103 44 est.

261 313 78 48 ⁋
293 313 157 48 Contra
402 313 219 48 praedictas
575 313 251 48 conclusiones
778 313 235 48 argumentor:
950 313 110 48 primo

262 355 112 45 sic:
332 355 126 45 nulla
416 355 126 45 forma
500 355 210 45 intenditur:
668 355 112 45 ergo
738 355 224 45 conclusiones
906 355 140 45 presuppo

249 394 117 37 nunt
322 394 160 37 falsum.
439 394 131 37 patet
526 394 204 37 assumptum:
687 394 117 37 quia
760 394 102 37 nec
818 394 131 37 forma
891 394 160 37 precedens

259 424 216 47 intenditur:
432 424 101 47 cum
489 424 159 47 additur
605 424 87 47 ei
648 424 115 47 alia
720 424 130 47 forma
807 424 101 47 non
864 424 130 47 manet
937 424 115 47 eadem-

259 467 91 42 nec
311 467 156 42 sequans:
428 467 91 42 nec
480 467 169 42 agregatum
610 467 78 42 ex
649 467 104 42 his:
714 467 104 42 quia
779 467 117 42 nihil
857 467 91 42 eis
909 467 143 42 additur
1000 467 52 42 de

257 503 197 44 monstrando
412 503 127 44 totum
496 503 211 44 aggregatum.
666 503 70 44 ⁋
694 503 85 44 Et
736 503 225 44 confirmatur:
919 503 113 44 quia
975 503 85 44 tunc

262 542 96 40 duo
317 542 192 40 accidentia
468 542 123 40 solum
550 542 137 40 numero
646 542 206 40 differentia
810 542 192 40 inhererent
947 542 110 40 eidem:

256 580 111 46 quod
326 580 97 46 est
381 580 139 46 contra
479 580 209 46 Aristotelem
646 580 139 46 quanto
743 580 223 46 metaphysice.
924 580 70 46 ⁋
952 580 83 46 Ad
980 580 83 46 pri-

253 614 90 43 mum
305 614 142 43 dicitur
408 614 103 43 quod
472 614 103 43 hec:
536 614 116 43 forma
613 614 180 43 intenditur
755 614 77 43 de
794 614 77 43 vi
832 614 116 43 vocis
909 614 90 43 est
948 614 103 43 falsa.

250 649 154 50 Siliter
362 649 98 50 hec
418 649 98 50 est
474 649 140 50 falsa:
572 649 126 50 forma
656 649 168 50 suscipit
782 649 126 50 magis
866 649 84 50 et
908 649 140 50 minus:
992 649 70 50 si-

260 690 86 41 ue
303 690 172 41 capiatur
431 690 86 41 in
474 690 129 41 sensu
560 690 200 41 copulatiuo
718 690 114 41 siue
789 690 86 41 in
832 690 129 41 fensu
904 690 157 41 copulato.

255 724 104 44 Sed
315 724 104 44 est
374 724 119 44 vera
449 724 90 44 ad
494 724 119 44 hunc
568 724 149 44 sensum
673 724 119 44 quod
748 724 209 44 aggregatum
912 724 90 44 ex
942 724 104 44 forma

258 764 187 47 precedente
405 764 80 47 et
445 764 160 47 sequenti
565 764 94 47 est
618 764 120 47 maius
699 764 107 47 quam
765 764 94 47 sit
819 764 187 47 precedens.
966 764 67 47 ⁋
979 764 67 47 Con

259 796 155 48 nrmatio
372 796 225 48 intelligitur
554 796 113 48 nisi
625 796 155 48 faciant
737 796 155 48 aliquod
850 796 127 48 vnum.
934 796 99 48 Non
977 796 84 48 enim

262 838 123 41 valet
345 838 110 41 quod
413 838 123 41 dicit
496 838 178 41 Gregorius
633 838 110 41 quod
701 838 96 41 hoc
756 838 96 41 est
811 838 123 41 verum
893 838 82 41 in
921 838 137 41 corpora-

263 875 123 43 libus
346 875 82 43 et
387 875 96 43 non
441 875 82 43 in
483 875 247 43 spiritualibus:
688 875 110 43 quia
757 875 110 43 illo
825 875 110 43 dato
894 875 137 43 tollit
976 875 82 43 viam

246 911 188 45 probandi
387 911 235 45 intensionem
575 911 188 45 scientie
716 911 94 45 et
763 911 157 45 actuum
873 911 94 45 et
904 911 157 45 habituum

247 953 171 40 eiusdem
372 953 171 40 speciei
496 953 140 40 anime
589 953 248 40 inherentium:
791 953 124 40 ergo
869 953 140 40 istud
946 953 109 40 debet

230 984 174 45 teneri
351 984 243 45 vtrobique.
543 984 87 45 ⁋
577 984 191 45 Secundo
716 984 278 45 argumentatur
925 984 139 45 quidam

251 1013 114 49 sic.
322 1013 86 49 Si
365 1013 171 49 intensio
493 1013 143 49 fieret
593 1013 100 49 per
650 1013 200 49 additionem
807 1013 143 49 gradus
906 1013 86 49 ad
935 1013 114 49 gradum

256 1063 111 42 tunc
325 1063 207 42 naturaliter
491 1063 124 42 esset
574 1063 138 42 aliqua
671 1063 124 42 forma
754 1063 166 42 infinite
878 1063 166 42 intensa:
989 1063 69 42 hoc

256 1101 103 38 est
315 1101 236 38 inconueniens
507 1101 74 38 /
536 1101 88 38 et
580 1101 206 38 rep:obatum
743 1101 88 38 ab
787 1101 206 38 Aristotele
934 1101 118 38 tertio

278 1136 191 44 hysicorum
425 1136 88 44 et
470 1136 132 44 primo
558 1136 88 44 de
602 1136 118 44 celo
676 1136 88 44 et
720 1136 147 44 mundo:
823 1136 118 44 ergo
896 1136 88 44 et
926 1136 132 44 antece-

260 1177 124 36 dens.
343 1177 124 36 pobat
426 1177 248 36 consequentiam:
633 1177 110 36 quia
701 1177 138 36 corpus
798 1177 179 36 luminosum
922 1177 138 36 producit

268 1211 117 39 umen
342 1211 88 39 in
386 1211 176 39 instanti
518 1211 88 39 in
562 1211 147 39 aliqua
665 1211 206 39 intensione
826 1211 191 39 graduali:
973 1211 88 39 et
1002 1211 59 39 in

278 1242 155 49 uolibet
391 1242 169 49 instanti
517 1242 169 49 sequenti
644 1242 99 49 est
700 1242 127 49 tante
785 1242 211 49 actiuitatis
939 1242 113 49 quante

250 1284 83 43 in
292 1284 138 43 primo:
388 1284 110 43 ergo
457 1284 83 43 si
499 1284 83 43 in
540 1284 124 43 primo
623 1284 166 43 producit
747 1284 83 43 et
789 1284 83 43 in
830 1284 166 43 quolibet
941 1284 110 43 instan

252 1321 90 40 ti
297 1321 90 40 de
342 1321 120 40 nouo
417 1321 180 40 aliquid:
551 1321 90 40 et
596 1321 90 40 in
641 1321 180 40 quolibet
776 1321 165 40 tempore
880 1321 180 40 quantumli-

249 1356 103 43 bet
308 1356 132 43 paruo
396 1356 117 43 sunt
469 1356 176 43 infinita
601 1356 205 43 instantia:
762 1356 117 43 ergo
835 1356 176 43 producit
952 1356 103 43 infi-

257 1399 141 40 nitum
352 1399 157 40 lumen.
462 1399 79 40 ⁋
493 1399 173 40 Insuper
619 1399 189 40 remissio
760 1399 141 40 forme
854 1399 110 40 non
917 1399 110 40 fit
964 1399 79 40 pe-

252 1434 261 44 deperditionem
467 1434 154 44 gradus
574 1434 77 44 a
605 1434 154 44 gradu:
713 1434 123 44 ergo
790 1434 108 44 nec
851 1434 184 44 intensio
974 1434 77 44 per

261 1471 227 42 idditionem
439 1471 162 42 gradus
553 1471 97 42 ad
601 1471 178 42 gradum:
731 1471 259 42 consequentia
925 1471 130 42 tenet:

252 1510 103 43 quia
316 1510 141 43 parilis
419 1510 90 43 est
470 1510 128 43 ratio.
560 1510 180 43 antecedens
702 1510 128 43 patet:
791 1510 103 43 sint
856 1510 90 43 per
907 1510 77 43 te
933 1510 128 43 quattuor

258 1548 108 41 vel
319 1548 123 41 octo
396 1548 154 41 gradus
504 1548 169 41 caloris
627 1548 92 41 in
673 1548 123 41 aqua
750 1548 108 41 qui
812 1548 215 41 successiue
966 1548 92 41 cor-

254 1580 183 43 rumpuntur
394 1580 70 43 a
423 1580 126 43 forma
507 1580 225 43 substantiali
690 1580 126 43 aque:
774 1580 112 43 tunc
844 1580 112 43 sici
914 1580 112 43 illa
971 1580 84 43 for-

248 1623 99 35 ma
297 1623 115 35 est
363 1623 214 35 equaliter
528 1623 214 35 applicata
692 1623 181 35 omnibus
824 1623 214 35 gradibus:
973 1623 82 35 cum

243 1655 118 43 sint
317 1655 221 43 penetratiue
494 1655 148 43 simul:
597 1655 118 43 ergo
671 1655 118 43 eque
745 1655 118 43 cito
819 1655 192 43 corrumpet
952 1655 103 43 omnes

248 1695 139 41 illos
340 1695 169 41 gradus:
463 1695 123 41 omne
540 1695 123 41 enim
617 1695 139 41 agens
709 1695 200 41 equaliter
863 1695 123 41 agit
940 1695 92 41 in
971 1695 77 41 duo

285 1732 120 37 issa
360 1732 194 37 equaliter
509 1732 224 37 appoximata.
689 1732 105 37 Non
749 1732 135 37 autem
839 1732 135 37 valet
913 1732 135 37 currere

248 1768 95 47 ad
296 1768 158 47 gradum
406 1768 158 47 vltimo
516 1768 205 47 productum
674 1768 126 47 quod
753 1768 142 47 primo
831 1768 221 47 corrumpatur:

249 1807 118 40 quia
323 1807 133 40 minus
412 1807 192 40 radicatur
560 1807 89 40 in
604 1807 192 40 subiecto.
752 1807 104 40 vel
811 1807 89 40 ad
856 1807 163 40 primum:
959 1807 89 40 quia

246 1841 107 44 hoc
307 1841 168 44 videtur
429 1841 244 44 voluntarium.
627 1841 92 44 et
673 1841 92 44 si
719 1841 137 44 omnes
810 1841 153 44 gradus
902 1841 153 44 fuissent

242 1876 189 49 producti
384 1876 94 49 in
431 1876 142 49 eodem
526 1876 189 49 instanti
667 1876 126 49 quid
746 1876 173 49 fieret:
872 1876 79 49 ⁋
904 1876 94 49 Ad
935 1876 126 49 primum

250 1916 156 42 dicitur
364 1916 100 42 (vt
420 1916 85 42 in
463 1916 242 42 paedicamentis
662 1916 171 42 diximus)
790 1916 114 42 quod
861 1916 100 42 hoc
904 1916 142 42 argumen-

252 1948 94 44 tum
305 1948 148 44 occidit
413 1948 175 44 dominium:
547 1948 108 44 quia
615 1948 161 44 secundum
736 1948 148 44 Murleum
843 1948 161 44 intensio
951 1948 94 44 formo

253 1989 99 45 fit
310 1989 99 45 per
366 1989 170 45 recessum
494 1989 71 45 a
522 1989 99 45 non
579 1989 142 45 gradu:
678 1989 85 45 et
721 1989 85 45 si
763 1989 85 45 in
806 1989 170 45 quolibet
919 1989 142 45 instanti

251 2032 221 41 producatur
425 2032 126 41 vnus
503 2032 173 41 gradus:
629 2032 95 41 et
677 2032 221 41 adueniente
850 2032 173 41 secundo
960 2032 95 41 pri-

248 2066 111 44 mus
311 2066 237 44 corrumpitur
501 2066 95 44 et
548 2066 221 44 adueniente
722 2066 158 44 tertio
833 2066 190 44 secundus
959 2066 95 44 cor-

247 2099 178 45 rumpitur:
384 2099 109 45 erit
452 2099 164 45 infinita
575 2099 137 45 forma:
671 2099 150 45 quandam
781 2099 150 45 dabitur
890 2099 137 45 gradus
972 2099 82 45 infi

258 2139 117 43 nite
332 2139 161 43 distans
449 2139 73 43 a
478 2139 103 43 non
537 2139 147 43 gradu.
640 2139 191 43 infinitas
786 2139 117 43 enim
859 2139 176 43 secundum
977 2139 73 43 eum

249 2177 106 41 non
310 2177 213 41 attenditur
477 2177 106 41 per
537 2177 198 41 infinitas
689 2177 152 41 partes
796 2177 167 41 equales
917 2177 122 41 huic
978 2177 76 41 vel

250 2210 115 50 isti
322 2210 144 50 datas.
422 2210 129 50 manet
508 2210 144 50 itaque
609 2210 201 50 argumentum
767 2210 187 50 soluendum
911 2210 101 50 pro
954 2210 101 50 vtro-

261 2253 131 43 quem.
349 2253 88 43 Si
393 2253 146 43 dicas.
495 2253 102 43 non
553 2253 233 43 respiciendum
743 2253 102 43 est
801 2253 88 43 ad
845 2253 146 43 formas
932 2253 117 43 subito

248 2291 227 43 productas:
426 2291 113 43 sed
491 2291 97 43 ad
539 2291 162 43 formas
653 2291 211 43 productas
815 2291 97 43 in
864 2291 194 43 tempore:
993 2291 65 43 et

258 2329 152 40 videre
364 2329 167 40 quantum
485 2329 106 40 est
546 2329 91 40 de
591 2329 136 40 forma
682 2329 197 40 productum
834 2329 91 40 in
879 2329 121 40 illo
940 2329 106 40 parue

253 2362 163 43 tempore:
376 2362 81 43 et
416 2362 81 43 si
457 2362 109 43 sint
525 2362 163 43 infinite
647 2362 122 43 tales
728 2362 136 43 partes
823 2362 68 43 /
850 2362 122 43 forma
932 2362 95 43 est
973 2362 81 43 infi

247 2400 133 44 nite
331 2400 200 44 intensa:
480 2400 133 44 Tunc
563 2400 116 44 das
630 2400 133 44 mihi
713 2400 216 44 analogiam
879 2400 100 44 in
912 2400 150 44 promptu

248 2436 129 45 quod
329 2436 210 45 continuum
490 2436 226 45 componitur
668 2436 97 45 ex
716 2436 194 45 punctis.
861 2436 81 45 ⁋
894 2436 97 45 Ad
926 2436 129 45 secun-

247 2476 106 42 dum
307 2476 166 42 dicitur
428 2476 121 42 quod
504 2476 182 42 prouenit
640 2476 76 42 a
671 2476 272 42 determinatione
898 2476 136 42 prime
973 2476 76 42 cau

246 2511 103 36 se:
305 2511 133 36 causa
394 2511 118 36 enim
467 2511 162 36 secunda
585 2511 280 36 determinationem
821 2511 133 36 prime
910 2511 133 36 cause
983 2511 74 36 in-

250 2547 199 41 sequitur.
403 2547 92 41 Et
449 2547 168 41 oportet
571 2547 230 41 aduersarios
755 2547 153 41 paucis
862 2547 184 41 terminis
985 2547 61 41 mu

246 2585 136 39 tatis
337 2585 91 39 in
382 2585 136 39 eodem
473 2585 197 39 argumento
624 2585 166 39 taliter
745 2585 227 39 respondere.
927 2585 151 39 patet:

250 2622 99 43 qui
306 2622 141 43 quando
405 2622 127 43 ignis
489 2622 169 43 produxit
616 2622 113 43 duos
687 2622 141 43 gradus
785 2622 155 43 caloris
884 2622 155 43 successi-

278 2662 93 46 t:
325 2662 140 46 quero
419 2662 140 46 quare
512 2662 140 46 agens
605 2662 140 46 paius
699 2662 218 46 introducit
870 2662 125 46 hunc
932 2662 125 46 gradum

1118 228 108 51 quam
1185 228 148 51 illums.
1293 228 67 51 ⁋
1320 228 135 51 Tertio
1414 228 162 51 arguitur
1535 228 108 51 sic:
1602 228 162 51 sequitur
1723 228 81 51 si
1764 228 135 51 plures
1845 228 67 51 gra

1112 276 101 43 dus
1169 276 129 43 forme
1255 276 115 43 sint
1327 276 86 43 in
1370 276 129 43 eodem
1457 276 172 43 subiecto
1586 276 115 43 quod
1658 276 115 43 idem
1730 276 101 43 est
1773 276 129 43 intense

1109 316 156 38 calidum
1222 316 85 38 et
1265 316 156 38 remisse
1379 316 170 38 calidum:
1506 316 99 38 cum
1563 316 114 38 enim
1634 316 114 38 sunt
1705 316 142 38 piures
1790 316 114 38 gradus

1113 353 92 42 in
1159 353 185 42 subiecto
1297 353 139 42 ipsum
1390 353 108 42 est
1451 353 169 42 intense
1574 353 185 42 calidum:
1713 353 92 42 et
1759 353 108 42 cum
1805 353 108 42 pauci

1100 385 141 43 erunt
1194 385 173 43 graadus
1320 385 94 43 in
1367 385 141 43 eodem
1461 385 126 43 erit
1540 385 173 43 remisse
1666 385 188 43 calidum.
1807 385 79 43 ⁋
1823 385 79 43 Ne-

1116 423 137 50 gatur
1207 423 183 50 sequela.
1345 423 137 50 sicut
1436 423 168 50 oportet
1559 423 199 50 computare
1696 423 214 50 longitudinem

1117 464 182 39 pominis
1250 464 199 39 secundum
1399 464 215 39 longiorem
1564 464 248 39 dimensionem
1763 464 149 39 eius:
1846 464 66 39 et

1107 499 102 44 non
1166 499 175 44 secundum
1297 499 146 44 breues
1399 499 161 44 partes.
1516 499 102 44 Sed
1574 499 88 44 si
1618 499 88 44 in
1662 499 102 44 hoc
1720 499 117 44 modo
1779 499 131 44 loquen-

1109 537 90 43 di
1154 537 135 43 stare
1244 537 195 43 nolueris:
1394 537 105 43 sed
1454 537 165 43 vocando
1573 537 135 43 illud
1663 537 165 43 remisse
1768 537 135 43 calidum

1118 574 114 44 quod
1189 574 157 44 calorem
1303 574 171 44 remissum
1431 574 128 44 habet
1517 574 100 44 non
1573 574 157 44 curando
1687 574 85 44 de
1716 574 185 44 intensione:

1102 613 100 41 non
1159 613 258 41 inconuenitidem
1374 613 115 41 esse
1446 613 158 41 intense
1560 613 158 41 calidum
1675 613 86 41 et
1718 613 158 41 remisse
1818 613 86 41 cali

1109 649 129 38 dum.
1189 649 80 38 ⁋
1221 649 177 38 Contra:
1350 649 161 38 magnus
1463 649 145 38 calor
1559 649 96 38 in
1607 649 80 38 a
1640 649 193 38 subiecto
1768 649 145 38 corrum-

1117 687 104 40 pit
1177 687 148 40 paruum
1280 687 163 40 calorem
1399 687 89 40 in
1444 687 74 40 b
1473 687 178 40 subiecto
1607 687 163 40 vicino:
1726 687 119 40 ergo
1800 687 89 40 in
1830 687 74 40 eo-

1113 723 108 46 dem
1174 723 200 46 subiecto.
1328 723 77 46 ⁋
1359 723 92 46 Ad
1405 723 169 46 vltimam
1528 723 185 46 replicam
1666 723 200 46 distinguo
1805 723 92 46 quod

1108 761 172 43 intense
1233 761 172 43 calidum
1358 761 203 43 corrumpit
1514 761 172 43 remisse
1639 761 172 43 calidum
1748 761 156 43 applica-

1108 798 116 42 tum:
1180 798 116 42 quia
1252 798 101 42 vel
1310 798 202 42 destruendo
1469 798 130 42 illum
1556 798 159 42 calorem
1672 798 174 42 minorem:
1802 798 87 42 et
1831 798 72 42 sic

1108 834 164 41 negatur:
1231 834 109 41 immo
1299 834 95 41 eum
1354 834 136 41 auget.
1449 834 95 41 vel
1504 834 164 41 faciendo
1627 834 109 41 quod
1695 834 95 41 non
1749 834 150 41 amplius
1845 834 68 41 de-

1107 874 195 42 nominetur
1257 874 165 42 remisse
1377 874 165 42 calidum
1497 874 210 42 subiectum:
1661 874 90 42 et
1706 874 105 42 sic
1751 874 150 42 concedo.

1113 909 138 39 Sicut
1205 909 184 39 charitas
1343 909 215 39 imperfecta
1511 909 230 39 euacuabitur
1695 909 92 39 in
1741 909 153 39 patria
1833 909 77 39 non

1112 944 114 45 quod
1183 944 172 45 charitas
1312 944 129 45 parua
1398 944 214 45 destruatur:
1569 944 114 45 quia
1641 944 114 45 ipsa
1712 944 100 45 non
1755 944 143 45 excidet.

1113 986 135 39 prime
1203 986 90 39 ad
1248 986 225 39 Corinthios.
1428 986 135 39 xiii.
1519 986 180 39 producit
1654 986 120 39 enim
1729 986 90 39 in
1759 986 150 39 subiecto

1107 1021 147 39 tantum
1210 1021 162 39 caloris
1328 1021 162 39 quantum
1446 1021 88 39 in
1490 1021 88 39 se
1535 1021 147 39 habet:
1638 1021 162 39 appetit
1756 1021 88 39 ei
1785 1021 118 39 assimi

1107 1056 122 40 lare
1183 1056 168 40 passum:
1305 1056 137 40 primo
1397 1056 92 40 de
1443 1056 244 40 generatione.
1641 1056 92 40 et
1687 1056 122 40 tunc
1763 1056 137 40 talis
1840 1056 76 40 ca-

1108 1094 97 40 lor
1163 1094 83 40 in
1205 1094 138 40 seipso
1302 1094 97 40 non
1357 1094 166 40 producit
1481 1094 180 40 vlterius:
1620 1094 111 40 quia
1689 1094 111 40 tunc
1758 1094 124 40 vltra
1827 1094 83 40 gra-

1107 1132 112 39 dum
1171 1132 112 39 sue
1235 1132 257 39 perfectionis
1444 1132 241 39 produceret.
1636 1132 80 39 ⁋
1668 1132 160 39 Quarto
1765 1132 144 39 argumen

1108 1168 98 45 tor
1164 1168 111 45 sic.
1233 1168 125 45 signo
1317 1168 139 45 frigus
1415 1168 84 45 vt
1456 1168 111 45 octo
1526 1168 98 45 cui
1582 1168 195 45 applicatur
1735 1168 125 45 calor
1818 1168 84 45 in
1846 1168 70 45 hoc

1109 1205 164 44 instanti
1233 1205 82 44 ar
1274 1205 110 44 tunc
1342 1205 110 44 sic.
1410 1205 178 44 immediate
1547 1205 110 44 post
1616 1205 96 44 hoc
1671 1205 123 44 calor
1753 1205 96 44 non
1807 1205 110 44 erit
1862 1205 55 44 et

1105 1246 111 40 nunc
1174 1246 111 40 est:
1243 1246 111 40 ergo
1313 1246 124 40 habet
1395 1246 152 40 vltimum
1506 1246 152 40 instans
1617 1246 97 40 sui
1672 1246 124 40 esse.
1755 1246 111 40 ergo
1810 1246 97 40 opor-

1114 1279 98 48 tet
1170 1279 140 48 ponere
1268 1279 154 48 aliquod
1380 1279 224 48 indiuisibile
1563 1279 84 48 in
1605 1279 140 48 forma:
1703 1279 84 48 et
1745 1279 112 48 quod
1801 1279 112 48 subito

1108 1320 223 42 corrumpatur.
1289 1320 70 42 ⁋
1317 1320 111 42 Dico
1386 1320 111 42 quod
1456 1320 125 42 recte
1539 1320 125 42 datur
1623 1320 153 42 vltimum
1734 1320 153 42 instans
1831 1320 70 42 in-

1102 1357 189 42 completum
1248 1357 160 42 caloris
1365 1357 204 42 destruendi
1525 1357 102 42 per
1583 1357 146 42 motum:
1685 1357 102 42 sed
1744 1357 102 42 non
1787 1357 117 42 comple

1102 1395 117 41 tum.
1176 1395 73 41 ⁋
1205 1395 147 41 Contra
1308 1395 103 41 hoc
1367 1395 191 41 arguitur:
1514 1395 132 41 totus
1602 1395 117 41 iste
1675 1395 132 41 calor
1763 1395 117 41 octo
1822 1395 88 41 gra-

1111 1429 121 39 duum
1187 1429 121 39 nunc
1262 1429 106 39 est
1323 1429 91 39 et
1368 1429 197 39 immediate
1520 1429 121 39 post
1595 1429 106 39 hoc
1656 1429 106 39 non
1716 1429 121 39 erit
1792 1429 121 39 iste
1852 1429 61 39 ca

1106 1465 103 45 lor
1165 1465 88 45 vt
1209 1465 132 45 octo:
1297 1465 117 45 ergo
1370 1465 190 45 immediate
1517 1465 117 45 post
1590 1465 103 45 hoc
1648 1465 161 45 aliquid
1751 1465 161 45 auferetur

1108 1504 84 41 ab
1150 1504 98 41 hoc
1206 1504 141 41 calore
1305 1504 84 41 vt
1347 1504 126 41 octo:
1431 1504 84 41 et
1473 1504 141 41 nullum
1572 1504 197 41 diuisibile
1726 1504 84 41 in
1768 1504 126 41 forma
1839 1504 70 41 per

1111 1541 140 42 motum:
1209 1541 168 42 quoaniam
1335 1541 98 42 hoc
1391 1541 182 42 implicat:
1531 1541 112 42 ergo
1601 1541 154 42 oportet
1713 1541 140 42 ponere
1797 1541 112 42 formam

1111 1576 243 44 impartibilem
1308 1576 121 44 more
1384 1576 212 44 positionum
1551 1576 258 44 precedentium.
1748 1576 167 44 immediate

1105 1614 113 46 post
1176 1614 99 46 hoc
1232 1614 170 46 tolletur
1360 1614 156 46 aliquis
1473 1614 127 46 calor
1558 1614 85 46 ab
1600 1614 99 46 hac
1657 1614 184 46 latitudie
1799 1614 85 46 et
1827 1614 85 46 ille

1109 1650 99 42 non
1166 1650 99 42 est
1222 1650 227 42 diuisibilis:
1407 1650 114 42 quia
1478 1650 99 42 sic
1535 1650 170 42 mediaret
1663 1650 142 42 tempus
1762 1650 85 42 in
1790 1650 114 42 acqui-

1111 1687 157 42 sitione
1225 1687 143 42 illius
1325 1687 157 42 caloris
1439 1687 100 42 per
1496 1687 143 42 notum.
1595 1687 71 42 ⁋
1624 1687 185 42 Respondeo
1766 1687 114 42 quod
1823 1687 86 42 ali-

1115 1728 107 44 quid
1181 1728 147 44 caloris
1288 1728 80 44 vt
1328 1728 107 44 octo
1395 1728 107 44 erit
1461 1728 107 44 post
1528 1728 93 44 hoc
1582 1728 160 44 instans:
1702 1728 80 44 et
1742 1728 147 44 aliquid
1835 1728 80 44 calo

1112 1772 89 36 ris
1163 1772 77 36 vt
1202 1772 102 36 octo
1265 1772 89 36 non
1317 1772 102 36 erit
1380 1772 102 36 post
1444 1772 89 36 hoc
1495 1772 153 36 instans.
1610 1772 115 36 patet
1687 1772 77 36 de
1725 1772 115 36 parte
1802 1772 89 36 qua
1840 1772 64 36 in-

1108 1800 142 42 cludit
1207 1800 142 42 partem
1307 1800 199 42 corruptam.
1463 1800 100 42 Sed
1520 1800 142 42 falsum
1620 1800 100 42 est
1677 1800 142 42 dicere
1776 1800 114 42 quod
1833 1800 71 42 est

1098 1833 155 46 aliqua
1206 1833 124 46 pars
1283 1833 139 46 huius
1376 1833 170 46 caloris
1499 1833 139 46 cuius
1592 1833 139 46 nihil
1685 1833 124 46 erit
1762 1833 124 46 post
1824 1833 77 46 hoc

1102 1873 167 41 instans:
1227 1873 195 41 cuiuslibet
1381 1873 111 41 enim
1450 1873 139 41 partis
1548 1873 125 41 huius
1631 1873 153 41 caloris
1743 1873 139 41 aliqua
1826 1873 84 41 pars

1101 1915 114 39 erit
1172 1915 156 39 posthoc
1285 1915 170 39 instans:
1413 1915 85 39 et
1456 1915 99 39 non
1513 1915 99 39 est
1569 1915 185 39 possibile
1711 1915 142 39 capere
1796 1915 114 39 partem

1110 1945 136 44 illam
1200 1945 196 44 adequatam
1351 1945 136 44 huius
1442 1945 166 44 caloris
1563 1945 106 44 que
1623 1945 106 44 non
1684 1945 121 44 erit
1744 1945 151 44 immedia-

1102 1984 82 42 te
1143 1984 110 42 post
1212 1984 96 42 hoc
1267 1984 165 42 instans:
1390 1984 110 42 quia
1459 1984 124 42 nulla
1541 1984 124 42 talis
1624 1984 110 42 est:
1692 1984 96 42 nec
1747 1984 96 42 est
1788 1984 124 42 possibi

1109 2025 88 43 le
1153 2025 117 43 dare
1227 2025 161 43 maximam
1344 2025 147 43 partem
1447 2025 161 43 caloris
1564 2025 117 43 quae
1637 2025 117 43 erit
1710 2025 117 43 post
1784 2025 103 43 hoc
1828 2025 73 43 in-

1116 2058 99 44 tans
1177 2058 173 44 immediate.
1314 2058 62 44 ⁋
1338 2058 87 44 Quo
1388 2058 99 44 fit:
1450 2058 99 44 quod
1512 2058 87 44 hec
1561 2058 198 44 consequentia
1722 2058 87 44 est
1771 2058 111 44 nulla
1833 2058 62 44 ca-

1111 2100 93 41 lor
1164 2100 80 41 vt
1204 2100 106 41 octo
1270 2100 93 41 est
1323 2100 173 41 intensior
1456 2100 106 41 quam
1522 2100 106 41 erit
1589 2100 173 41 immediate
1721 2100 106 41 post
1788 2100 93 41 hoc
1828 2100 66 41 in-

1111 2134 144 42 stans:
1211 2134 115 42 ergo
1283 2134 101 42 per
1341 2134 158 42 aliquem
1456 2134 144 42 gradum
1557 2134 158 42 precise
1672 2134 101 42 est
1729 2134 115 42 nunc
1787 2134 115 42 inten-

1100 2175 119 39 sior
1174 2175 119 39 quam
1248 2175 193 39 immediate
1397 2175 119 39 post
1471 2175 104 39 hoc
1530 2175 163 39 instans
1649 2175 133 39 erit:
1738 2175 133 39 totum
1812 2175 89 39 enim

1102 2208 195 40 antecedens
1255 2208 83 40 in
1297 2208 111 40 casu
1366 2208 195 40 compatitur
1519 2208 181 40 oppositum
1658 2208 236 40 consequentis.
1839 2208 69 40 pa-

1101 2246 106 43 tet
1161 2246 106 43 per
1222 2246 196 43 analogiam
1372 2246 181 43 facilem.
1508 2246 121 43 Sint
1583 2246 106 43 duo
1644 2246 136 43 pedes
1734 2246 136 43 inter
1825 2246 75 43 a
1840 2246 60 43 et

1105 2287 84 39 bi
1147 2287 153 39 puncta:
1258 2287 153 39 ponatur
1370 2287 153 39 pedalis
1482 2287 126 39 virga
1565 2287 181 39 proposeio
1705 2287 70 39 a
1733 2287 153 39 punctum
1830 2287 70 39 que

1112 2318 157 43 netitur
1226 2318 128 43 illud
1311 2318 142 43 pedale
1411 2318 71 43 e
1439 2318 171 43 incipiat
1567 2318 85 43 b.
1610 2318 142 43 versus
1710 2318 157 43 moueri:
1810 2318 85 43 nunc

1108 2354 101 49 per
1165 2354 159 49 vltimum
1281 2354 159 49 instans
1396 2354 101 49 non
1454 2354 115 49 essi
1526 2354 144 49 motus:
1627 2354 101 49 iam
1685 2354 87 49 in
1728 2354 101 49 hoc
1771 2354 130 49 instan-

1096 2400 92 39 ti
1142 2400 183 39 espatium
1279 2400 107 39 est
1340 2400 198 39 coopertum
1492 2400 76 39 a
1523 2400 137 39 virga
1614 2400 153 39 pedali
1721 2400 122 39 data
1797 2400 92 39 et
1828 2400 76 39 im-

1110 2428 163 45 nediate
1229 2428 118 45 post
1302 2428 104 45 hoc
1362 2428 74 45 c
1391 2428 163 45 spatium
1510 2428 104 45 non
1569 2428 118 45 erit
1643 2428 192 45 totaliter
1776 2428 118 45 cooper

1108 2468 98 44 tum
1164 2468 70 44 a
1192 2468 140 44 virga:
1290 2468 98 44 sed
1346 2468 126 44 nihil
1430 2468 112 44 erit
1500 2468 84 44 de
1542 2468 70 44 c
1570 2468 210 44 pedalicuius
1738 2468 126 44 nihil
1808 2468 84 44 erit

1100 2512 217 41 coopertum
1267 2512 133 41 post
1351 2512 117 41 hoc
1417 2512 200 41 instans.
1567 2512 83 41 ⁋
1601 2512 167 41 Quinto
1701 2512 200 41 argumentor

1102 2541 137 46 contra
1198 2541 164 46 secundam
1321 2541 232 46 conclusionem:
1512 2541 150 46 ponendo
1622 2541 109 46 quod
1690 2541 96 46 sit
1745 2541 82 46 a.
1772 2541 123 46 calidum

1104 2577 193 42 applicatum
1256 2577 69 42 b
1283 2577 124 42 passo
1366 2577 83 42 in
1407 2577 96 42 hoc
1462 2577 165 42 instanti
1586 2577 110 42 tunc
1655 2577 110 42 sic:
1724 2577 83 42 in
1765 2577 96 42 hoc
1806 2577 83 42 pas-

1098 2617 90 45 so
1143 2617 120 45 nunc
1218 2617 105 45 non
1278 2617 105 45 est
1339 2617 196 45 caliditas
1489 2617 90 45 et
1534 2617 196 45 immediate
1684 2617 120 45 post
1760 2617 105 45 hoc
1805 2617 90 45 erit

1103 2651 176 53 caliditas:
1241 2651 125 53 patet:
1329 2651 100 53 quia
1392 2651 88 53 hoc
1442 2651 88 53 est
1492 2651 138 53 vltimum
1593 2651 138 53 instans
1693 2651 88 53 non
1743 2651 100 53 esse
1793 2651 113 53 calidi
