2368 3364
174 316 192 47 mittimus
318 316 96 47 et
366 316 112 47 sic
430 316 96 47 de
478 316 160 47 maximo
590 316 160 47 homine
703 316 128 47 quod
783 316 144 47 detur
863 316 144 47 aliquis

177 358 125 41 homo
255 358 109 41 qui
318 358 109 41 non
380 358 156 41 posset
489 358 125 41 esse
567 358 140 41 maior
661 358 234 41 entitatiue:
848 358 109 41 sed
895 358 109 41 tume-

171 396 131 45 fiat
253 396 98 45 et
302 396 230 45 extendatur
482 396 213 45 extensiue
646 396 115 45 non
712 396 115 45 est
777 396 148 45 maior
859 396 148 45 entita-

174 424 154 51 tiuae:
281 424 139 51 etiam
374 424 169 51 tenendo
497 424 154 51 lineas
605 424 231 51 latitudinis
789 424 92 51 et
820 424 185 51 profundita

172 473 116 43 tis
239 473 182 43 immunes
371 473 132 43 tunc
453 473 149 43 datur
552 473 165 43 maxima
668 473 231 43 velocitas.
849 473 149 43 patet
932 473 66 43 de

167 510 251 44 equinoctiali
372 510 189 44 circulo:
513 510 141 44 licet
607 510 110 44 sic
670 510 110 44 non
733 510 141 44 detur
827 510 157 44 maxima
921 510 79 44 tar

167 543 156 52 ditas.
277 543 156 52 neuter
386 543 125 52 enim
464 543 172 52 polorum
589 543 187 52 mouetur:
729 543 109 52 nec
791 543 172 52 aliquod
900 543 94 52 ptum

170 587 140 39 ctum
257 587 157 39 prope
361 587 157 39 polum
466 587 244 39 tardissime
658 587 209 39 mouetur:
815 587 122 39 nec
867 587 140 39 descri

180 619 121 47 bens
255 619 181 47 circulum
391 619 181 47 minimum:
527 619 166 47 quoniam
648 619 136 47 inter
738 619 211 47 quodcunque
889 619 121 47 puctum

166 654 101 54 et
217 654 151 54 polum
317 654 184 54 mediant
451 654 201 54 infinita
602 654 184 54 puncta:
736 654 168 54 quorum
836 654 168 54 propinqo

173 696 95 49 ra
221 696 127 49 polo
300 696 174 49 tardius
427 696 190 49 mouentur
570 696 95 49 et
617 696 206 49 remotiora
776 696 206 49 velocius:
919 696 79 49 sed

173 734 176 52 ponendo
301 734 160 52 lineas
414 734 144 52 latas
510 734 96 52 et
558 734 209 52 profundas
718 734 128 52 tunc
798 734 112 52 non
863 734 144 52 datur
943 734 64 52 ma

183 775 122 44 xima
259 775 213 44 velocitas:
427 775 122 44 pars
503 775 122 44 enim
579 775 183 44 superior
716 775 198 44 equatoris
854 775 152 44 remotior

175 818 77 38 a
205 818 138 38 terra
297 818 138 38 ocvus
389 818 168 38 mouetur
511 818 122 38 quam
588 818 122 38 pars
664 818 321 38 propinquiorterre.
924 818 77 38 nec

184 851 133 43 totum
273 851 133 43 celum
361 851 162 43 mouetur
479 851 103 43 ita
538 851 192 43 velociter
686 851 133 43 sicut
774 851 177 43 equator:
907 851 103 43 cum
951 851 59 43 ha

187 886 121 44 beat
263 886 288 44 partesdifformes
505 886 151 44 quarum
611 886 151 44 alique
716 886 136 44 lente
807 886 76 44 a
838 886 151 44 alique
928 886 76 44 com

183 924 149 46 leriter
291 924 176 46 mouentur.
426 924 162 46 Secundum
547 924 108 46 enim
615 924 108 46 vnam
682 924 189 46 positionem
831 924 149 46 oportet
925 924 81 46 duce

179 964 97 48 re
227 964 162 48 lineam
341 964 243 48 imaginariam
536 964 81 48 a
568 964 146 48 medio
665 964 211 48 equatoris
828 964 97 48 ad
860 964 146 48 alterum

188 995 144 56 polorum
292 995 157 56 scilicet
410 995 65 56 a
436 995 65 56 b
462 995 78 56 et
501 995 144 56 trahere
606 995 65 56 c
632 995 144 56 dlineam
736 995 78 56 ab
775 995 104 56 alto
840 995 78 56 in
866 995 144 56 profundum

178 1042 125 41 circa
261 1042 139 41 lineam
359 1042 69 41 a
387 1042 69 41 b
414 1042 83 41 et
456 1042 139 41 dicere
553 1042 111 41 quod
623 1042 139 41 totale
720 1042 125 41 celum
804 1042 153 41 mouetur
915 1042 97 41 ita
956 1042 56 41 ve

191 1075 159 51 lociter
306 1075 130 51 sicut
393 1075 115 51 pars
465 1075 130 51 illa:
551 1075 87 51 et
595 1075 115 51 scet
667 1075 130 51 celum
753 1075 173 51 supremum
883 1075 101 51 sit
926 1075 87 51 maxi

195 1109 118 52 mum:
269 1109 118 52 eius
343 1109 133 52 tamen
431 1109 192 52 velocitas
579 1109 103 52 non
637 1109 103 52 est
696 1109 147 52 maxima
800 1109 206 52 velocitas.
947 1109 59 52 Et

179 1149 147 44 nullo
277 1149 180 44 istorum
408 1149 180 44 sensuum
539 1149 229 44 concludere
719 1149 147 44 potes
817 1149 180 44 maximam
932 1149 82 44 for

194 1191 100 42 mam
251 1191 201 42 possibilem
409 1191 172 42 finitam:
537 1191 115 42 deus
609 1191 115 42 enim
681 1191 143 42 potest
781 1191 172 42 celerius
895 1191 115 42 mouere

195 1232 136 40 celum
285 1232 121 40 quam
361 1232 166 40 mouerit
481 1232 121 40 immo
557 1232 166 40 subito.
707 1232 181 40 Ulterius
843 1232 121 40 deus
903 1232 106 40 videt

195 1263 139 45 omnem
287 1263 216 45 charitatem
457 1263 77 45 a
488 1263 93 45 se
534 1263 231 45 factibilem:
719 1263 108 45 aut
781 1263 123 45 ergo
858 1263 139 45 videt
935 1263 77 45 ali

195 1300 116 51 quam
268 1300 204 51 factibilem
428 1300 204 51 infinitam:
588 1300 87 51 et
632 1300 116 51 tunc
705 1300 145 51 potest
806 1300 189 51 infinitam
937 1300 73 51 fa-

199 1335 110 50 cere
268 1335 110 50 quod
337 1335 96 50 est
392 1335 151 50 falsum:
502 1335 96 50 aut
557 1335 96 50 non
612 1335 124 50 videt
694 1335 151 50 aliquam
804 1335 192 50 factibilem
941 1335 69 50 inf

197 1386 141 38 nitam:
296 1386 85 38 et
338 1386 113 38 tunc
409 1386 170 38 sequitur
536 1386 113 38 quod
607 1386 99 38 non
664 1386 141 38 posset
763 1386 141 38 facere
847 1386 156 38 infinita-

198 1423 193 42 maiorem.
375 1423 177 42 Amplius
504 1423 242 42 quantacuque
698 1423 193 42 charitas
843 1423 113 42 vel
891 1423 113 42 perfe

202 1453 113 50 ctio
273 1453 141 50 potest
371 1453 127 50 fieri
456 1453 71 50 a
484 1453 99 50 deo
541 1453 198 50 successiue
696 1453 127 50 tanta
781 1453 141 50 potest
880 1453 127 50 fieri
951 1453 57 50 ab

203 1489 76 47 eo
241 1489 127 47 simul:
330 1489 89 47 sed
381 1489 114 47 nulla
457 1489 165 47 perfectio
584 1489 152 47 infinita
698 1489 127 47 potest
787 1489 114 47 simul
863 1489 127 47 fieri:
939 1489 76 47 ergo

202 1535 103 42 nec
261 1535 220 42 successiue.
466 1535 147 42 Rursus
569 1535 205 42 sequeretur
730 1535 117 42 quod
804 1535 132 42 esset
877 1535 132 42 possibi

203 1571 94 40 lis
256 1571 148 40 aliquis
364 1571 121 40 motus
445 1571 135 40 rectus
539 1571 175 40 continuus
674 1571 81 40 in
714 1571 188 40 infinitum.
862 1571 121 40 patet
929 1571 81 40 con-

206 1608 200 41 sequentia.
363 1608 114 41 quia
434 1608 186 41 augmentum
577 1608 100 41 vel
634 1608 171 41 intensio
763 1608 129 41 motus
849 1608 129 41 recti
920 1608 86 41 sunt

211 1640 190 52 onsequens
358 1640 102 52 est
416 1640 146 52 falsum
519 1640 88 52 vt
562 1640 132 52 patet
650 1640 263 52 perphilosophum
870 1640 88 52 et
899 1640 117 52 Commen

207 1685 145 43 tatorem
313 1685 132 43 octauo
405 1685 198 43 physicorum.
564 1685 79 43 Et
603 1685 119 43 patet
683 1685 159 43 ratione.
802 1685 106 43 quia
868 1685 119 43 omnis
934 1685 66 43 mot

203 1721 165 47 rectus
319 1721 116 47 est
385 1721 149 47 inter
485 1721 132 47 duos
567 1721 215 47 terminos:
733 1721 149 47 inter
832 1721 149 47 autem
915 1721 99 47 duos

201 1762 179 40 terminos
335 1762 224 40 impossibile
514 1762 104 40 est
574 1762 194 40 infinitum
723 1762 149 40 rectum
827 1762 164 40 moueri.
932 1762 89 40 quia

203 1801 114 43 tunc
274 1801 143 43 natura
374 1801 185 43 inciperet
516 1801 143 43 mouere
616 1801 86 43 ad
659 1801 86 43 id
702 1801 114 43 quod
773 1801 100 43 non
830 1801 143 43 potest
915 1801 100 43 attin

213 1838 131 45 gere:
301 1838 88 45 et
345 1838 131 45 esset
432 1838 161 45 aliquis
549 1838 131 45 motus
637 1838 117 45 sine
710 1838 161 45 termino
826 1838 88 45 ad
870 1838 131 45 quem:
943 1838 73 45 hoc

206 1869 128 48 autem
291 1869 99 48 est
348 1869 227 48 impossibile.
532 1869 114 48 quia
603 1869 128 48 motus
688 1869 85 48 ex
731 1869 199 48 intrinseco
887 1869 99 48 suo
930 1869 85 48 requ

221 1904 77 49 rit
265 1904 133 49 terminum
365 1904 66 49 ad
398 1904 100 49 quem.
464 1904 66 49 et
498 1904 177 49 consequentia
642 1904 111 49 patet:
719 1904 89 49 quia
774 1904 66 49 si
808 1904 111 49 potest
885 1904 89 49 esse
929 1904 89 49 aliqua

205 1950 128 43 talis
290 1950 170 43 intensio
418 1950 170 43 infinita
545 1950 142 43 nullus
644 1950 170 43 terminus
772 1950 128 43 citra
843 1950 170 43 infiniturm

210 1981 146 55 potest
313 1981 117 55 esse
386 1981 219 55 essentialis
561 1981 248 55 terminuseius.
794 1981 88 55 Ad
838 1981 146 55 primum
925 1981 88 55 deus

217 2027 88 39 os
261 2027 175 39 arguenti
393 2027 175 39 rodendum
524 2027 88 39 de
568 2027 131 39 corpe
656 2027 102 39 vel
714 2027 88 39 de
758 2027 146 39 linea:
860 2027 117 39 puta
918 2027 88 39 quoa

209 2064 130 36 deus
290 2064 146 36 videt
388 2064 130 36 omne
469 2064 163 36 corpus
583 2064 81 36 a
615 2064 98 36 se
664 2064 211 36 factibile
827 2064 114 36 vel
876 2064 146 36 maximum

219 2098 123 46 corpus
305 2098 74 46 et
341 2098 110 46 omnem
415 2098 123 46 animam
501 2098 61 46 a
525 2098 74 46 se
562 2098 184 46 factibilem:
709 2098 74 46 et
746 2098 74 46 si
782 2098 172 46 respondeat
917 2098 74 46 ad
942 2098 74 46 vnum

223 2133 243 44 responsionem
420 2133 91 44 in
466 2133 167 44 promptu
588 2133 167 44 habebit
709 2133 91 44 ad
755 2133 137 44 alid.
846 2133 167 44 concedo
952 2133 61 44 au

211 2178 119 47 quod
286 2178 119 47 hanc
360 2178 134 47 omnem
449 2178 208 47 charitatem
613 2178 74 47 a
643 2178 89 47 se
687 2178 208 47 factibilem
851 2178 119 47 deus
926 2178 119 47 vide

217 2216 83 44 Et
259 2216 138 44 quando
355 2216 166 44 infertur
480 2216 111 44 ergo
549 2216 124 44 videt
632 2216 152 44 aliquam
743 2216 194 44 infinitam:
881 2216 138 44 quicquid

225 2256 81 38 sit
272 2256 70 38 de
307 2256 186 38 consequentia
458 2256 163 38 consequens
586 2256 174 38 concedimus:
726 2256 81 38 sed
772 2256 70 38 vt
807 2256 151 38 argumenta
923 2256 93 38 pius
970 2256 58 38 po-

216 2281 134 51 deris
306 2281 179 51 habeant:
440 2281 164 51 negemus
559 2281 89 51 in
604 2281 119 51 isto
678 2281 179 51 processu
812 2281 119 51 deum
887 2281 134 51 posse
961 2281 60 51 fa

212 2329 114 51 cere
283 2329 200 51 infinitam:
440 2329 114 51 quia
511 2329 100 51 non
568 2329 171 51 loquimur
696 2329 157 51 seriose
810 2329 86 51 de
853 2329 100 51 hac
896 2329 128 51 materia

223 2363 122 46 nego
299 2363 122 46 quod
375 2363 137 46 videt
467 2363 168 46 aliquam
588 2363 198 46 infinitam
741 2363 152 46 formam
832 2363 183 46 factibilem

224 2403 128 38 immo
304 2403 161 38 nullam
417 2403 145 38 videt
513 2403 225 38 infinitam.
690 2403 96 38 Et
738 2403 161 38 quando
850 2403 177 38 infert.
963 2403 64 38 er

222 2445 79 41 go
261 2445 93 41 non
314 2445 132 41 potest
407 2445 132 41 facere
500 2445 159 41 maiorem:
619 2445 212 41 consequentia
791 2445 93 41 est
844 2445 132 41 nulla:
937 2445 79 41 vt
963 2445 53 41 p-

219 2480 232 38 quodlibet
398 2480 143 38 enim
487 2480 178 38 corpus
612 2480 107 38 et
665 2480 285 38 quantumlibet
879 2480 143 38 magnum

230 2517 132 43 quod
312 2517 132 43 deus
394 2517 165 43 potest
510 2517 165 43 facere
625 2517 165 43 videt:
741 2517 148 43 tamen
840 2517 165 43 nullum
939 2517 82 43 co-

226 2553 116 44 pus
293 2553 149 44 videt
392 2553 215 44 infinitum
558 2553 99 44 ex
607 2553 232 44 hypothesi.
789 2553 149 44 tamen
889 2553 116 44 non
938 2553 83 44 sed

224 2591 115 45 tur
289 2591 131 45 quod
371 2591 213 45 infinitum
535 2591 164 45 magnum
649 2591 164 45 corpus
764 2591 131 45 deus
846 2591 115 45 non
895 2591 131 45 potest

220 2631 195 36 creare.
398 2631 106 36 Ad
451 2631 213 36 secundum
610 2631 177 36 quidam
734 2631 177 36 doctor
858 2631 160 36 negat
947 2631 71 36 mi

239 2665 143 48 iorem:
339 2665 115 48 ipsa
410 2665 129 48 tamen
496 2665 100 48 non
554 2665 100 48 est
611 2665 172 48 neganda.
740 2665 100 48 hoc
797 2665 129 48 patet
883 2665 100 48 per
926 2665 100 48 omnes

226 2703 223 45 singulares
401 2703 175 45 termini
528 2703 238 45 distributi.
719 2703 207 45 quacunque
878 2703 127 45 enim
942 2703 79 45 chi

238 2743 153 56 ritate
345 2743 122 56 data
421 2743 107 56 vel
482 2743 229 56 perfectione
665 2743 107 56 que
727 2743 153 56 potest
833 2743 137 56 fieri
910 2743 122 56 succen

1065 312 103 50 siue
1130 312 129 50 potest
1220 312 116 50 fieri
1297 312 142 50 subito:
1401 312 103 50 ista
1465 312 168 50 charitate
1594 312 116 50 data:
1671 312 103 50 quae
1736 312 116 50 prait
1800 312 65 50 fic

1067 356 76 40 ri
1105 356 176 40 successiue
1244 356 113 40 praet
1319 356 113 40 fieri
1395 356 139 40 subito.
1496 356 76 40 et
1534 356 88 40 sic
1584 356 101 40 uond
1647 356 151 40 singlis.
1761 356 76 40 Et
1798 356 76 40 si
1824 356 50 40 ca

1068 393 111 47 pit
1131 393 190 47 infinite
1274 393 285 47 categorematice
1511 393 174 47 concedo
1638 393 142 47 totum
1717 393 142 47 argumem

1061 431 131 44 tum.
1175 431 98 44 Ad
1224 431 180 44 tertium
1355 431 229 44 conceditur
1535 431 82 44 e
1568 431 229 44 admittitur
1731 431 131 44 sequam

1067 469 89 44 la
1112 469 118 44 quod
1185 469 103 44 est
1245 469 207 44 possibilis
1407 469 163 44 aliquis
1525 469 133 44 motus
1614 469 148 44 rectus
1702 469 163 44 continuus

1065 508 96 40 in
1113 508 225 40 infinitum.
1290 508 209 40 infinitam
1450 508 160 40 lineam
1562 508 128 40 deus
1642 508 160 40 potest
1739 508 128 40 facere

1066 545 108 46 sic
1127 545 186 46 scilicet
1267 545 124 46 quod
1344 545 124 46 vnum
1422 545 155 46 mobile
1530 545 124 46 puta
1608 545 170 46 angelus
1716 545 155 46 perpetuo

1067 580 142 42 duret
1162 580 142 42 super
1257 580 142 42 illud
1352 580 158 42 mobile
1463 580 190 42 qualibet
1605 580 127 42 hora
1668 580 206 42 pertranseu-

1075 620 85 48 do
1117 620 114 48 vnam
1189 620 157 48 leucam:
1303 620 142 48 semper
1402 620 228 48 progrediendo
1587 620 214 48 superlineam
1758 620 85 48 in
1787 620 71 48 nul

1060 657 82 40 lo
1101 657 164 40 instanti
1225 657 110 40 erit
1293 657 82 40 in
1334 657 110 40 fine
1403 657 151 40 spatii.
1512 657 110 40 quia
1581 657 151 40 ponatur
1690 657 110 40 quod
1758 657 110 40 deus
1813 657 55 40 au

1067 698 127 46 geat
1147 698 191 46 continuo
1289 698 143 46 illam
1385 698 159 46 lineam
1496 698 111 46 cum
1559 698 127 46 illo
1639 698 127 46 motu
1718 698 111 46 vel
1766 698 95 46 anti

1066 739 136 41 motum
1157 739 91 41 de
1202 739 136 41 leuca
1293 739 91 41 in
1338 739 151 41 leucam
1444 739 182 41 faciendo
1580 739 91 41 in
1626 739 182 41 instanti
1747 739 121 41 tantum

1061 773 145 41 spatium
1167 773 145 41 quantum
1272 773 119 41 illud
1352 773 132 41 mobile
1444 773 132 41 potest
1537 773 198 41 pertransire
1695 773 79 41 in
1735 773 132 41 centum
1814 773 53 41 mi

1066 810 201 45 lionibus.
1220 810 124 45 immo
1298 810 155 45 potest
1406 810 155 45 facere
1515 810 124 45 quod
1592 810 124 45 vnus
1670 810 170 45 angelus
1778 810 93 45 con-

1065 846 140 42 tinuo
1159 846 187 42 moueatur
1299 846 140 42 super
1392 846 171 42 spatium
1516 846 155 42 pedale
1625 846 155 42 semper
1719 846 155 42 progredi

1062 884 119 45 endo
1137 884 90 45 in
1181 884 104 45 vna
1241 884 119 45 hora
1316 884 224 45 pertranseat
1495 884 149 45 primam
1599 884 149 45 partem
1689 884 179 45 proportio-

1073 928 128 40 nalem
1158 928 143 40 illius
1258 928 228 40 pedalitatis.
1443 928 86 40 in
1486 928 157 40 secunda
1600 928 114 40 hora
1671 928 171 40 secundam
1785 928 86 40 par-

1066 959 107 43 tem
1127 959 292 43 proportionalem.
1373 959 92 43 in
1419 959 153 43 tertia
1526 959 123 43 hora
1603 959 169 43 tertiam
1726 959 153 43 partem
1818 959 61 43 il

1070 1000 112 42 lius
1140 1000 211 42 pedalitatis
1309 1000 141 42 semper
1407 1000 84 42 in
1449 1000 169 42 qualibet
1576 1000 112 42 hora
1646 1000 169 42 sequenti
1759 1000 112 42 retar-

1066 1035 166 43 dando
1176 1035 148 43 suum
1269 1035 166 43 motum
1379 1035 111 43 ad
1435 1035 240 43 subduplum
1619 1035 222 43 respectu
1767 1035 111 43 par-

1062 1075 108 42 tis
1123 1075 247 42 precedentis.
1324 1075 139 42 licet
1417 1075 201 42 quamlibet
1571 1075 154 42 partem
1664 1075 216 42 proportiona-

1062 1112 108 43 lem
1123 1112 154 43 illius
1231 1112 232 43 pedalitatis
1417 1112 124 43 iste
1494 1112 170 43 angelus
1617 1112 247 43 pertransibit
1803 1112 77 43 in-

1062 1155 142 40 nullo
1157 1155 189 40 instanti
1298 1155 110 40 vel
1361 1155 126 40 hora
1440 1155 189 40 attinget
1581 1155 173 40 punctum
1691 1155 189 40 terminati-

1070 1187 109 44 uum
1133 1187 156 44 illius
1242 1187 250 44 pedalitatis:
1445 1187 109 44 ibi
1508 1187 125 44 enim
1586 1187 141 44 multi
1680 1187 125 44 sunt
1742 1187 141 44 termini

1061 1224 100 45 ad
1111 1224 134 45 quos
1195 1224 84 45 /
1228 1224 117 45 non
1295 1224 217 45 vltimati.
1462 1224 117 45 nec
1529 1224 117 45 est
1596 1224 100 45 de
1646 1224 184 45 ratione
1763 1224 117 45 motus

1059 1268 229 40 attingere
1236 1268 212 40 terminum
1395 1268 247 40 vltimatum.
1589 1268 159 40 patet
1695 1268 106 40 de
1730 1268 141 40 pergen

1064 1300 93 46 te
1111 1300 140 46 romam
1204 1300 78 46 a
1235 1300 187 46 moriente
1375 1300 93 46 in
1422 1300 187 46 itinere.
1593 1300 171 46 Dstenso
1718 1300 124 46 quod
1780 1300 93 46 rati

1066 1338 137 51 ones
1151 1338 137 51 iste
1237 1338 120 51 non
1305 1338 205 51 vincant:
1459 1338 256 51 ostendendum
1664 1338 120 51 est
1715 1338 154 51 quomodo

1065 1375 117 46 eius
1138 1375 160 46 positio
1255 1375 248 46 sustentabilis
1459 1375 102 46 est
1517 1375 102 46 non
1576 1375 189 46 innitendo
1721 1375 131 46 illis
1794 1375 73 46 ra-

1070 1420 177 39 tionibus
1203 1420 118 39 quas
1277 1420 236 39 recitauimus:
1469 1420 103 39 sed
1528 1420 89 39 si
1573 1420 207 39 verisimile
1735 1420 103 39 est
1779 1420 89 39 quod

1072 1450 133 45 anima
1161 1450 163 45 christi
1280 1450 178 45 habuerit
1413 1450 148 45 summam
1517 1450 163 45 gratiam
1635 1450 207 45 possibilem
1783 1450 89 45 quia

1077 1489 102 45 quod
1141 1489 205 45 perfectionis
1307 1489 90 45 est
1359 1489 64 45 /
1384 1489 90 45 est
1435 1489 102 45 illi
1499 1489 115 45 anime
1576 1489 179 45 tribuendum
1717 1489 90 45 vbi
1768 1489 90 45 non
1806 1489 77 45 con-

1062 1525 117 50 stat
1136 1525 88 50 de
1180 1525 190 50 opposito:
1326 1525 103 50 sed
1385 1525 103 50 non
1443 1525 103 50 est
1502 1525 190 50 possibile
1648 1525 117 50 dare
1707 1525 161 50 infinita-

1068 1567 135 45 formam
1162 1567 189 45 intensiue:
1311 1567 135 45 igitur
1405 1567 122 45 datur
1486 1567 135 45 maxima
1581 1567 135 45 gratia
1675 1567 189 45 possibilis
1810 1567 54 45 fi

1069 1608 126 38 nita:
1153 1608 84 38 et
1195 1608 98 38 qua
1251 1608 154 38 ratione
1363 1608 98 38 est
1419 1608 140 38 status
1517 1608 84 38 in
1559 1608 154 38 gratia:
1671 1608 126 38 eadem
1741 1608 126 38 ratione

1072 1637 123 47 eadem
1154 1637 109 47 erit
1222 1637 82 47 in
1263 1637 163 47 qualibet
1386 1637 109 47 alia
1454 1637 123 47 forma
1535 1637 150 47 status.
1644 1637 82 47 et
1685 1637 95 47 set
1739 1637 95 47 sit
1780 1637 82 47 stat

1075 1677 78 52 in
1114 1677 117 52 forma
1192 1677 143 52 propter
1296 1677 104 52 eius
1361 1677 208 52 actiuitatem:
1531 1677 91 52 non
1583 1677 117 52 tamen
1661 1677 91 52 est
1713 1677 130 52 status
1804 1677 78 52 in
1830 1677 52 52 ma

1075 1723 220 42 gnitudine.
1248 1723 204 42 quocumque
1405 1723 126 42 enim
1484 1723 173 42 corpore
1609 1723 126 42 dato
1688 1723 157 42 finito
1782 1723 94 42 deus

1071 1755 137 46 potest
1167 1755 137 46 addere
1263 1755 137 46 pedale
1359 1755 123 46 illi:
1441 1755 82 46 et
1483 1755 151 46 reddere
1592 1755 123 46 totum
1674 1755 137 46 maius.
1770 1755 96 46 non
1811 1755 69 46 est

1077 1794 136 45 autem
1168 1794 212 45 apparentia
1334 1794 136 45 magna
1425 1794 91 45 in
1470 1794 212 45 oppositum:
1637 1794 106 45 sed
1697 1794 166 45 volenti
1803 1794 76 45 ap-

1076 1829 156 46 plicare
1189 1829 170 46 rationes
1317 1829 170 46 prefatas
1445 1829 85 46 ad
1488 1829 185 46 oppositum
1630 1829 185 46 difficile
1772 1829 99 46 est
1814 1829 57 46 il

1075 1867 99 45 lud
1131 1867 197 45 reprobare.
1314 1867 99 45 Sed
1370 1867 169 45 arguitur
1497 1867 113 45 data
1567 1867 127 45 maxia
1652 1867 113 45 cera
1708 1867 169 45 possibili:

1083 1902 104 46 vel
1143 1902 119 46 deus
1217 1902 149 46 potest
1321 1902 208 46 rarefacere
1485 1902 119 46 vnum
1559 1902 149 46 pedale
1663 1902 149 46 illius
1767 1902 104 46 vel
1812 1902 74 46 non

1071 1943 82 45 si
1112 1943 165 45 secundum
1236 1943 96 45 est
1291 1943 137 45 preter
1387 1943 179 45 rationem.
1525 1943 82 45 si
1566 1943 137 45 primum
1662 1943 137 45 dabile
1758 1943 96 45 est
1799 1943 69 45 mai

1077 1982 154 41 maximo
1184 1982 215 41 possibili:
1354 1982 169 41 maximum
1477 1982 123 41 enim
1554 1982 200 41 possibile
1708 1982 108 41 est
1769 1982 92 41 in
1800 1982 77 41 ce-

1074 2018 100 47 ra
1124 2018 166 47 maxima
1241 2018 216 47 rarissima
1407 2018 100 47 et
1457 2018 116 47 est
1524 2018 166 47 maxima
1640 2018 200 47 raritas.
1773 2018 100 47 Con-

1079 2055 103 46 tra:
1143 2055 154 46 absurdum
1259 2055 90 46 est
1311 2055 129 46 dicere
1401 2055 103 46 quod
1465 2055 103 46 deus
1529 2055 90 46 non
1580 2055 129 46 potest
1670 2055 129 46 addere
1760 2055 103 46 illi
1812 2055 77 46 cere

1078 2101 126 38 vnam
1157 2101 142 38 ceram
1252 2101 189 38 pedalem.
1394 2101 95 38 et
1441 2101 205 38 eodemmodo
1599 2101 95 38 de
1646 2101 142 38 ligno
1741 2101 142 38 dicas
1820 2101 63 38 tu

1080 2130 270 48 consequenter:
1302 2130 127 48 nolo
1382 2130 206 48 admittere
1541 2130 175 48 maximum
1668 2130 159 48 corpus
1763 2130 111 48 possi

1083 2175 123 39 bile
1160 2175 185 39 finitum.
1329 2175 108 39 Sed
1390 2175 154 39 contra
1498 2175 215 39 positionem
1668 2175 139 39 dices
1760 2175 123 39 data
1821 2175 62 39 ma

1081 2206 122 50 xima
1157 2206 137 50 forma
1248 2206 198 50 possibili
1400 2206 106 50 sit
1461 2206 152 50 centum
1567 2206 182 50 graduum:
1704 2206 122 50 deus
1764 2206 122 50 potest

1073 2246 156 40 addere
1183 2246 125 40 duos
1261 2246 156 40 gradus
1371 2246 125 40 illi
1449 2246 94 40 in
1496 2246 141 40 eodem
1589 2246 188 40 subiecto
1730 2246 141 40 primo
1808 2246 63 40 ve

1076 2286 138 43 extra
1167 2286 199 43 subiectum
1320 2286 92 43 et
1366 2286 122 43 tunc
1443 2286 122 43 erit
1519 2286 138 43 forma
1611 2286 199 43 intensior
1764 2286 107 43 per
1810 2286 61 43 ad

1074 2318 195 52 ditionem
1220 2318 162 52 duorum
1334 2318 195 52 graduum.
1480 2318 130 52 Nego
1561 2318 130 52 quod
1642 2318 130 52 erit
1707 2318 179 52 intensior

1072 2355 117 52 non
1139 2355 134 52 enim
1223 2355 235 52 componitur
1408 2355 184 52 aliquod
1542 2355 134 52 vnum
1626 2355 101 52 ex
1676 2355 168 52 priori
1776 2355 101 52 for-

1081 2400 96 43 ma
1129 2400 96 43 et
1177 2400 192 43 gradibus
1321 2400 256 43 sequentibus:
1528 2400 128 43 quia
1608 2400 160 43 altera
1720 2400 144 43 forma
1800 2400 80 43 iam

1078 2429 118 50 fuit
1152 2429 89 50 in
1196 2429 162 50 termino
1314 2429 103 50 non
1373 2429 148 50 potest
1477 2429 192 50 maiorari:
1624 2429 103 50 duo
1683 2429 148 50 siquid
1786 2429 89 50 em
1816 2429 59 50 ac

1085 2468 196 48 cidentia
1231 2468 130 48 solo
1313 2468 342 48 numerodifferentia
1606 2468 228 48 inhererent
1769 2468 114 48 eidem

1079 2512 202 45 subiecto
1231 2512 84 45 a
1264 2512 118 45 non
1332 2512 252 45 constituunt
1533 2512 185 45 aliquod
1668 2512 135 45 vnum
1735 2512 135 45 quando

1082 2549 90 46 vna
1134 2549 116 46 forma
1211 2549 90 46 est
1263 2549 77 46 in
1301 2549 155 46 termino:
1418 2549 77 46 et
1456 2549 103 46 siet
1521 2549 155 46 quilibet
1637 2549 129 46 gradus
1727 2549 129 46 istius
1805 2549 77 46 for-

1079 2583 90 51 me
1124 2583 150 51 maxime
1229 2583 210 51 possibilis
1394 2583 105 51 sit
1454 2583 240 51 intensibilis
1648 2583 165 51 quantum
1768 2583 105 51 est
1813 2583 60 51 de

1081 2620 93 49 se:
1134 2620 93 49 hoc
1187 2620 93 49 eim
1240 2620 119 49 patet
1320 2620 93 49 per
1373 2620 212 49 separationem
1545 2620 80 49 ab
1585 2620 119 49 aliis
1665 2620 173 49 gradibus:
1784 2620 93 49 tamen

1086 2665 84 40 ei
1128 2665 98 40 non
1184 2665 141 40 potest
1283 2665 112 40 esse
1353 2665 155 40 additio
1465 2665 112 40 quod
1536 2665 197 40 componatur
1690 2665 155 40 aliquod
1789 2665 84 40 vnum

1085 2700 214 46 stantibus
1249 2700 148 46 aliis
1348 2700 197 46 gradibus
1496 2700 164 46 secum.
1644 2700 99 46 Ex
1693 2700 115 46 hoc
1742 2700 132 46 pateni

1076 2730 122 61 tales
1158 2730 244 61 propositiones:
1361 2730 108 61 deus
1429 2730 136 61 potest
1524 2730 136 61 facere
1619 2730 108 61 duas
1686 2730 108 61 tres
1740 2730 136 61 quaetuo
