2398 3299
294 216 137 59 detur
385 216 260 59 commentatoris
599 216 92 59 in
645 216 199 59 plerisque
798 216 137 59 locis
889 216 122 59 quam
950 216 153 59 sequitur

282 271 158 38 quidam
393 271 143 38 alius
488 271 158 38 doctor
599 271 95 38 in
646 271 253 38 commentariis
852 271 143 38 primi
932 271 158 38 physico-

270 308 75 43 b
300 308 120 43 rum.
375 308 120 43 alia
450 308 105 43 est
510 308 165 43 positio
630 308 225 43 conterranei
809 308 195 43 oppositum
944 308 150 43 tenentis

300 348 106 40 que
360 348 182 40 opinione
497 348 106 40 mea
558 348 106 40 est
618 348 136 40 etiam
709 348 258 40 defensabilis:
921 348 106 40 nec
967 348 121 40 dictis

295 385 87 47 Ar
338 385 189 47 istotelis
483 385 189 47 repugnat.
628 385 174 47 vtrumque
759 385 131 47 modum
846 385 87 47 in
889 385 102 47 hac
933 385 160 47 quaestio-

287 422 96 46 ne
335 422 257 46 prosequemur.
544 422 80 46 ⁋
576 422 96 46 Et
625 422 145 46 primo
721 422 161 46 primum
834 422 113 46 pro
898 422 161 46 quosit
995 422 96 46 con-

290 462 167 43 clusio
407 462 284 43 fundamentalis
641 462 133 43 hec:
724 462 150 43 datur
824 462 183 43 minimum
941 462 150 43 natura-

291 499 102 40 le:
350 499 102 40 tam
408 499 87 40 in
451 499 203 40 bomogeneis
611 499 116 40 quam
683 499 87 40 in
727 499 247 40 heterogeneis.
930 499 174 40 probatur
1046 499 44 40 i

289 534 241 50 beterogeneis
484 534 120 50 sic:
560 534 105 50 non
620 534 105 50 sub
680 534 226 50 quantalibet
860 534 196 50 peruitate
996 534 90 50 repr

294 577 132 38 bilis
382 577 103 38 est
441 577 117 38 homo
515 577 176 38 totalis.
647 577 117 38 ergo
720 577 103 38 est
779 577 147 38 status
881 577 88 38 in
926 577 161 38 minimo:
1028 577 59 38 et

285 614 92 42 si
331 614 92 42 in
376 614 153 42 maximo
483 614 122 42 quod
559 614 107 42 non
620 614 183 42 habeatur
758 614 168 42 status.
880 614 107 42 hoc
925 614 168 42 instituto

295 652 159 40 sufficit.
417 652 147 40 probatur
528 652 184 40 antecedens.
675 652 98 40 quia
736 652 123 40 daeius
822 652 159 40 oppositum
932 652 159 40 naturaliter

295 689 150 42 quero
395 689 83 42 a
428 689 116 42 te:
495 689 150 42 quare
594 689 116 42 non
661 689 183 42 vidisti
794 689 183 42 hominem
927 689 100 42 de
960 689 133 42 homine

281 725 173 45 loquens
407 725 94 45 de
454 725 157 45 totali
565 725 205 45 intelligo
722 725 94 45 vt
769 725 157 45 muscas
879 725 173 45 abigam.
990 725 94 45 tan-

276 761 90 46 te
321 761 210 46 paruitatis
486 761 150 46 quante
591 761 105 46 est
651 761 180 46 formica.
787 761 105 46 non
847 761 150 46 potest
952 761 120 46 dari
1012 761 75 46 ra-

287 799 128 43 tio:
367 799 128 43 nisi
447 799 128 43 quia
526 799 144 43 anime
622 799 176 43 hominis
750 799 223 43 aduersatur
909 799 176 43 informare

287 842 119 40 tam
355 842 119 40 pue
423 842 152 40 molis
524 842 203 40 materiam
677 842 169 40 quante
795 842 119 40 est
863 842 186 40 materia
981 842 119 40 grani

281 877 193 50 sinapis.
425 877 112 50 sic
490 877 145 50 etiam
586 877 96 50 de
634 877 241 50 magnitudine
827 877 225 50 argumentum
988 877 96 50 dedu

292 919 115 39 cere
364 919 144 39 potes.
465 919 87 39 Et
508 919 130 39 sicut
595 919 188 39 reperitur
739 919 87 39 in
782 919 202 39 animalibus
926 919 159 39 perfectis

287 954 96 39 et
335 954 128 39 idem
415 954 175 39 videtur
542 954 96 39 in
590 954 191 39 omnibus.
733 954 80 39 ⁋
765 954 191 39 Ulterius
909 954 159 39 quarto
1004 954 80 39 ce-

287 988 99 46 li
336 988 198 46 commento
484 988 313 46 vigesimoquarto.
748 988 148 46 finis
847 988 231 46 conueniens
1012 988 82 46 au-

286 1030 234 42 gmentabili
470 1030 117 42 est
537 1030 184 42 mensura
670 1030 217 42 terminata
837 1030 100 42 in
871 1030 217 42 longitudine

294 1067 226 40 latitudine
471 1067 97 40 et
520 1067 274 40 profunditate.
746 1067 258 40 verbigratia:
940 1067 145 40 mensura

290 1104 177 42 hominis
419 1104 113 42 non
483 1104 113 42 est
548 1104 129 42 nisi
628 1104 97 42 ad
677 1104 242 42 humanitatis
870 1104 193 42 mensuram
999 1104 97 42 natu

289 1144 139 41 ralem.
386 1144 97 41 et.
442 1144 125 41 viii.
525 1144 208 41 physicorum.
691 1144 180 41 commento.
830 1144 125 41 lxii.
913 1144 97 41 res
954 1144 139 41 naturali

286 1180 123 42 ter
357 1180 176 42 habent
480 1180 282 42 magnitudines
709 1180 264 42 terminatas.
921 1180 106 42 Et
956 1180 141 42 primo.

288 1218 126 43 celi
367 1218 205 43 commento.
525 1218 158 43 lxxii.
635 1218 95 43 Si
683 1218 158 43 natura
793 1218 189 43 alicuius
935 1218 142 43 forme
1014 1218 79 43 fue

288 1250 102 47 rit
347 1250 117 47 nata
420 1250 117 47 esse
492 1250 87 47 in
536 1250 131 47 corpe
624 1250 189 47 infinito:
769 1250 160 47 necesse
886 1250 102 47 est
944 1250 87 47 vt
973 1250 117 47 natura

285 1297 152 41 illius
391 1297 136 41 forme
482 1297 106 41 sit
542 1297 197 41 infinita.
694 1297 106 41 hoc
755 1297 121 41 idem
830 1297 136 41 ponit
921 1297 91 41 in
952 1297 136 41 elemen-

287 1331 128 42 tis.
367 1331 143 42 sexto
462 1331 239 42 physicorum.
654 1331 191 42 commento
781 1331 303 42 sexagesimosecundo

286 1370 165 41 Primum
402 1370 99 41 in
452 1370 132 41 omni
534 1370 248 41 generatione
733 1370 99 41 et
782 1370 248 41 corruptione
980 1370 116 41 est
1030 1370 66 41 mi

290 1406 131 42 nima
371 1406 131 42 pars
453 1406 114 42 que
519 1406 164 42 potest
633 1406 196 42 inueniri
780 1406 98 42 de
829 1406 213 42 generato:
977 1406 114 42 mini-

288 1447 104 45 mum
348 1447 119 45 enim
422 1447 89 45 de
467 1447 178 45 generato
600 1447 104 45 est
660 1447 223 45 determinate
838 1447 238 45 quantitatis.
1017 1447 74 45 vbi

288 1486 164 45 gratia:
407 1486 149 45 minima
512 1486 119 45 pars
587 1486 104 45 est
646 1486 194 45 terminata
796 1486 179 45 scilicet
930 1486 149 45 minima
1019 1486 75 45 que

281 1524 156 41 potest
391 1524 125 41 esse
469 1524 156 41 ignis.
578 1524 94 41 Et
625 1524 141 41 sexto
719 1524 219 41 Physicorum
891 1524 188 41 commento
1016 1524 78 41 no-

279 1563 332 43 nagesimoprimo.
555 1563 147 43 Omne
647 1563 258 43 generabile
850 1563 221 43 naturale
997 1563 92 43 ha-

282 1595 105 44 bet
342 1595 165 44 aliquam
462 1595 225 44 quantitatem
642 1595 225 44 naturaliter
823 1595 90 44 in
868 1595 150 44 initio
958 1595 135 44 genera-

292 1633 141 40 tionis
390 1633 84 40 et
432 1633 84 40 in
475 1633 126 40 fine:
559 1633 84 40 et
601 1633 98 40 ita
657 1633 183 40 quantitas
798 1633 126 40 habet
882 1633 155 40 extrema
995 1633 84 40 et
1023 1633 70 40 me-

292 1672 145 44 diuim.
393 1672 231 44 verbigratia:
581 1672 159 44 quoniam
697 1672 217 44 quantitates
870 1672 188 44 embrionum
1000 1672 87 44 sunt

289 1710 214 47 terminate:
457 1710 184 47 scilicet
595 1710 153 47 minimi
702 1710 214 47 embrionis.
870 1710 92 47 et
916 1710 153 47 maximi
1008 1710 76 47 em-

276 1747 177 41 brionis:
409 1747 88 41 et
453 1747 192 41 similiter
601 1747 221 41 quantitates
777 1747 162 41 hominum
895 1747 118 41 sunt
954 1747 133 41 termia-

283 1787 85 38 te
325 1787 171 38 scilicet
453 1787 142 38 maximi
553 1787 85 38 et
596 1787 156 38 minimi.
709 1787 114 38 Unde
780 1787 213 38 impossibile
951 1787 100 38 est
994 1787 100 38 auge-

293 1827 86 38 ri
336 1827 86 38 in
379 1827 187 38 infinitum
523 1827 101 38 aut
581 1827 173 38 diminui.
710 1827 101 38 Nam
768 1827 86 38 si
811 1827 216 38 transiuerit
970 1827 115 38 natura

287 1863 111 42 lem
351 1863 238 42 quantitatem
541 1863 95 42 in
588 1863 238 42 diminutione
779 1863 95 42 et
826 1863 206 42 additione
969 1863 127 42 statim

289 1900 231 41 corrumpetur.
477 1900 130 41 omnis
563 1900 116 41 enim
636 1900 130 41 actio
722 1900 217 41 cuiustlibet
896 1900 130 41 entis
968 1900 116 41 perfi-

290 1937 124 44 citur
373 1937 97 44 per
428 1937 207 44 quantitatem
594 1937 83 44 et
635 1937 193 44 qualitatem
787 1937 207 44 terminatam.
953 1937 124 44 sicut
1022 1937 69 44 est

288 1975 206 43 dispositio
450 1975 88 43 in
495 1975 162 43 entibus
612 1975 280 43 artificialibus.
848 1975 88 43 Et
892 1975 162 43 septimo
996 1975 88 43 phy-

288 2012 186 45 sicorum.
428 2012 186 45 commento
568 2012 186 45 secundo.
708 2012 155 45 Primus
817 2012 140 45 motus
910 2012 93 45 in
957 2012 124 45 igne
1019 2012 62 45 es

298 2052 147 44 minima
401 2052 118 44 pars
475 2052 103 44 que
534 2052 147 44 potest
637 2052 118 44 esse
710 2052 132 44 ignis
799 2052 88 44 in
843 2052 132 44 actu.
931 2052 88 44 Et
961 2052 132 44 secundo

295 2088 92 44 de
341 2088 153 44 anima.
448 2088 199 44 commento.
601 2088 168 44 xxxvii.
723 2088 123 44 Caro
800 2088 138 44 habet
892 2088 92 44 in
923 2088 168 44 paruitate

295 2129 277 40 magnitudinem
519 2129 138 40 quam
606 2129 121 40 non
675 2129 259 40 pertransit.
883 2129 86 40 ⁋
917 2129 104 40 Ex
952 2129 138 40 dictia

287 2164 156 44 Auerro
397 2164 94 44 vs
444 2164 141 44 habes
537 2164 125 44 hanc
615 2164 266 44 conclusionem:
834 2164 125 44 quod
912 2164 109 44 res
959 2164 125 44 natura

297 2201 104 42 lis
357 2201 208 42 terminatur
520 2201 89 42 ad
564 2201 178 42 minimum:
698 2201 104 42 sic
757 2201 119 42 quod
832 2201 148 42 nullum
936 2201 134 42 minus
1010 2201 74 42 il-

290 2238 83 50 lo
332 2238 83 50 in
373 2238 111 50 tali
443 2238 139 50 specie
540 2238 208 50 naturaliter
706 2238 139 50 potest
803 2238 166 50 existere
928 2238 152 50 seorsum
1025 2238 69 50 si-

295 2278 88 42 ue
339 2278 88 42 in
383 2278 206 42 homogeneis
545 2278 73 42 /
574 2278 117 42 siue
648 2278 88 42 in
692 2278 235 42 heterogeneis
882 2278 73 42 /
912 2278 117 42 siue
985 2278 88 42 in
1015 2278 73 42 ele

298 2316 136 46 mentis
394 2316 68 46 /
421 2316 109 46 siue
489 2316 82 46 in
530 2316 218 46 elementatis.
708 2316 68 46 ⁋
735 2316 150 46 Secundo
844 2316 123 46 habes
926 2316 109 46 quod
981 2316 109 46 quando

295 2351 130 52 stupa
381 2351 202 52 applicatur
540 2351 115 52 igni
612 2351 115 52 quod
684 2351 159 52 minimum
799 2351 173 52 naturale
929 2351 130 52 ignis
1001 2351 87 52 pro-

296 2388 155 46 ducitur
409 2388 85 46 in
451 2388 184 46 instanti:
593 2388 85 46 et
635 2388 99 46 hoc
691 2388 170 46 expresse
819 2388 85 46 in
861 2388 127 46 forma
946 2388 127 46 ponit
1016 2388 71 46 con

290 2427 208 44 mentator.
450 2427 96 44 et
498 2427 112 44 hoc
562 2427 160 44 quando
674 2427 144 44 stupa
770 2427 112 44 est
834 2427 160 44 remota
946 2427 96 44 ab
978 2427 112 44 igne-

298 2462 100 52 Si
348 2462 133 52 pure
431 2462 233 52 successiue
614 2462 266 52 produceretur
830 2462 150 52 forma
930 2462 150 52 ignis
1013 2462 83 52 iam

301 2502 171 48 dabitur
425 2502 140 48 minus
518 2502 155 48 minimo
626 2502 186 48 naturali
766 2502 140 48 extra
859 2502 124 48 suum
936 2502 140 48 totum
1014 2502 78 48 per

289 2542 186 47 instans:
428 2542 170 47 quinimo
552 2542 108 47 per
613 2542 170 47 tempus.
737 2542 139 47 secus
830 2542 108 47 est
892 2542 93 47 si
923 2542 170 47 poneretur

288 2576 137 48 stupa
379 2576 137 48 prope
471 2576 153 48 ignem:
578 2576 122 48 quia
654 2576 122 48 tunc
731 2576 137 48 forma
822 2576 137 48 ignis
914 2576 122 48 pure
975 2576 122 48 succes

301 2610 111 57 siue
371 2610 195 57 producetur
524 2610 83 57 in
565 2610 153 57 materia
677 2610 139 57 illius
774 2610 139 57 stupe:
871 2610 111 57 quia
941 2610 125 57 facit
1011 2610 83 57 ali-

293 2649 126 61 quod
372 2649 126 61 vnum
451 2649 110 61 cum
514 2649 157 61 priori
624 2649 142 61 igne.
718 2649 94 61 vt
765 2649 126 61 enim
844 2649 236 61 experientia
1017 2649 79 61 do

1152 225 130 52 cet:
1233 225 114 52 non
1298 225 178 52 habetur
1428 225 146 52 minus
1525 225 162 52 minimo
1639 225 195 52 naturali
1785 225 146 52 extra
1866 225 97 52 suum

1153 275 144 41 totum.
1253 275 72 41 ⁋
1282 275 144 41 Tertio
1382 275 187 41 sequitur:
1526 275 115 41 quod
1598 275 86 41 si
1641 275 158 41 minimum
1756 275 129 41 stupe
1842 275 101 41 sit
1885 275 72 41 pe-

1146 312 133 52 dale:
1235 312 88 52 et
1279 312 206 52 applicetur
1441 312 118 52 igni
1515 312 133 52 stupa
1603 312 162 52 pedalis
1721 312 103 52 cum
1780 312 162 52 dimidia
1883 312 74 52 to-

1148 354 100 38 tum
1205 354 215 38 corrumpetur
1377 354 86 38 in
1420 354 186 38 instanti:
1564 354 186 38 supposito
1707 354 115 38 quod
1779 354 129 38 stupa
1851 354 100 38 remo-

1155 391 128 41 ueatur
1245 391 77 41 ab
1283 391 115 41 igne.
1359 391 153 41 probatur
1474 391 204 41 corollarium:
1640 391 102 41 quia
1704 391 77 41 si
1742 391 89 41 non
1793 391 128 41 potest
1869 391 77 41 esse

1156 427 128 40 ignis
1241 427 128 40 minor
1327 427 114 40 quam
1398 427 171 40 pedalis.
1527 427 114 40 ergo
1598 427 143 40 pedale
1698 427 128 40 stupe
1769 427 186 40 conuertetur

1155 467 95 40 in
1203 467 158 40 ignem.
1313 467 95 40 et
1361 467 95 40 si
1408 467 142 40 aliud
1503 467 221 40 semipedale
1677 467 158 40 staret
1788 467 111 40 sub
1835 467 111 40 forma

1147 505 136 48 stupe
1237 505 166 48 daretur
1358 505 136 48 minus
1448 505 151 48 minimo
1554 505 181 48 naturali
1690 505 136 48 stupe
1780 505 151 48 contra
1871 505 75 48 con

1154 543 226 42 clusionem.
1332 543 178 42 secludo
1461 543 226 42 remouenda.
1639 543 113 42 hoc
1704 543 113 42 est
1752 543 194 42 impedimen-

1146 579 94 42 ta
1193 579 142 42 parui
1288 579 173 42 momenti
1414 579 110 42 que
1477 579 173 42 possunt
1603 579 189 42 impedire
1729 579 220 42 corollarium.

1162 616 108 42 Ubi
1223 616 138 42 potes
1315 616 154 42 dicere
1423 616 123 42 quod
1500 616 123 42 illa
1577 616 138 42 stupa
1669 616 184 42 rarefiet
1807 616 92 42 ad
1838 616 123 42 quadru

1156 653 135 45 plum:
1246 653 120 45 quia
1321 653 135 45 paulo
1411 653 165 45 mutatis
1531 653 180 45 terminis
1666 653 135 45 redit
1741 653 210 45 corollarium.

1142 693 91 41 non
1194 693 156 41 producit
1311 693 117 41 totum
1389 693 117 41 istud
1467 693 78 41 in
1506 693 156 41 instanti
1623 693 78 41 de
1662 693 91 41 per
1714 693 91 41 se:
1766 693 104 41 quia
1831 693 78 41 si
1857 693 91 41 fuis-

1145 731 109 36 set
1208 731 171 36 minimum
1332 731 187 36 naturale
1472 731 140 36 stupe
1565 731 124 36 post
1643 731 124 36 vnam
1721 731 155 36 partem
1814 731 140 36 inflan-

1152 769 137 38 matam
1243 769 107 38 vel
1304 769 167 38 aliquid
1426 769 137 38 maius
1517 769 122 38 illa
1593 769 137 38 solum
1684 769 228 38 produxisset
1852 769 91 38 mini

1139 807 103 46 mum
1198 807 176 46 naturale
1330 807 132 46 ignis
1418 807 88 46 in
1462 807 191 46 instanti:
1609 807 88 46 et
1653 807 176 46 reliquam
1785 807 147 46 partem
1873 807 73 46 in-

1148 841 200 47 cinerasset
1305 841 242 47 pertibiliter.
1504 841 114 47 ergo
1575 841 86 47 de
1618 841 100 47 per
1675 841 171 47 accidens
1803 841 100 47 hoc
1846 841 100 47 fecit

1135 883 104 42 ne
1187 883 191 42 maneret
1326 883 157 42 minus
1430 883 174 42 minimo
1552 883 209 42 naturali
1709 883 174 42 stupe.
1830 883 87 42 ⁋
1848 883 104 42 Quar

1148 920 83 38 to
1190 920 179 38 sequitur:
1327 920 110 38 quod
1396 920 151 38 aliquod
1506 920 124 38 agens
1588 920 206 38 extrinsecum
1753 920 96 38 ita
1808 920 110 38 cito
1863 920 83 38 agit

1143 956 88 41 in
1187 956 147 41 partem
1290 956 162 41 remotam
1408 956 132 41 sicut
1496 956 88 41 in
1540 956 147 41 partem
1643 956 221 41 propinquam.
1820 956 132 41 patet
1893 956 59 41 de

1147 991 122 46 igne
1223 991 229 46 incinerante
1406 991 183 46 secundam
1543 991 153 46 partem
1650 991 153 46 illius
1757 991 153 46 minimi
1848 991 107 46 ignis

1137 1037 217 41 generandi:
1307 1037 108 41 ita
1369 1037 124 41 cito
1446 1037 139 41 sicut
1539 1037 170 41 primam.
1663 1037 108 41 non
1725 1037 124 41 nego
1803 1037 124 41 quin
1865 1037 77 41 po-

1153 1069 133 45 terat
1242 1069 118 45 esse
1316 1069 207 45 dispositio
1479 1069 148 45 preuia
1582 1069 104 45 (et
1641 1069 163 45 debuit)
1745 1069 207 45 qualitatiua-

1143 1109 108 40 rum
1204 1109 263 40 dispositionum
1421 1109 108 40 que
1482 1109 108 40 fit
1544 1109 232 40 successiue:
1730 1109 139 40 licet
1807 1109 139 40 minimum

1148 1144 190 44 naturale
1290 1144 174 44 caloris
1417 1144 126 44 quod
1496 1144 95 44 ad
1543 1144 95 44 ex
1591 1144 205 44 tensionem
1733 1144 221 44 producebatur

1141 1186 157 46 subito.
1255 1186 172 46 intensio
1384 1186 143 46 illius
1484 1186 157 46 caloris
1599 1186 100 46 non
1656 1186 229 46 sufficienter
1828 1186 114 46 dispo-

1143 1221 144 46 nebat
1239 1221 160 46 passum
1351 1221 96 46 ad
1399 1221 256 46 susceptionem
1607 1221 144 46 forme
1703 1221 160 46 ignis:
1799 1221 144 46 propter

1146 1258 88 41 ea
1190 1258 206 41 successiue
1352 1258 220 41 calefiebat.
1528 1258 88 41 et
1573 1258 147 41 quando
1675 1258 103 41 est
1734 1258 206 41 sufficiens
1881 1258 59 41 ca

1147 1297 175 42 lefactio
1279 1297 146 42 subito
1381 1297 233 42 introducitur
1570 1297 131 42 forma
1658 1297 248 42 substantialis
1847 1297 102 42 ignis

1140 1338 92 35 et
1186 1338 107 35 hoc
1247 1338 245 35 sensibiliter
1446 1338 168 35 videmus
1568 1338 245 35 calefaciendo
1767 1338 153 35 pannum
1859 1338 92 35 pro-

1154 1373 97 39 de
1202 1373 145 39 ignem
1299 1373 97 39 ad
1348 1373 194 39 habendum
1493 1373 161 39 pannum
1606 1373 242 39 incineratum
1800 1373 113 39 pro
1848 1373 97 39 com-

1143 1411 217 46 seruatione
1313 1411 140 46 ignis
1406 1411 186 46 producti
1546 1411 140 46 inter
1639 1411 171 46 calibem
1763 1411 93 46 et
1794 1411 140 46 silicem

1140 1449 77 42 ⁋
1170 1449 108 42 Sed
1232 1449 139 42 dices
1325 1449 93 42 in
1372 1449 124 42 casu
1449 1449 155 42 tertii
1558 1449 217 42 corollarii
1728 1449 155 42 pedale
1821 1449 124 42 citius

1144 1487 175 42 calefiet
1276 1487 117 42 quam
1349 1487 205 42 semipedale
1510 1487 175 42 sequens.
1641 1487 88 42 et
1685 1487 88 42 in
1729 1487 132 42 eodem
1802 1487 146 42 instanti

1147 1523 192 48 producetur
1298 1523 123 48 ignis
1380 1523 82 48 in
1421 1523 247 48 semipedalitate
1627 1523 82 48 et
1668 1523 82 48 in
1709 1523 206 48 pedalitate.
1860 1523 82 48 ergo

1157 1563 101 45 per
1214 1563 217 45 corollarium
1388 1563 116 45 ille
1461 1563 130 45 ignis
1548 1563 203 45 producetur
1707 1563 87 45 in
1750 1563 174 45 materiam
1866 1563 87 45 indi

1139 1603 223 42 spositam:
1311 1603 137 42 puta
1396 1603 103 42 in
1448 1603 189 42 sequens
1585 1603 258 42 semipedale.
1791 1603 86 42 ⁋
1809 1603 137 42 Respon

1148 1638 144 41 detur:
1248 1638 115 41 quod
1320 1638 101 41 non
1378 1638 173 41 sequitur
1508 1638 130 41 etiam
1594 1638 144 41 subito
1695 1638 202 41 introducit
1839 1638 101 41 calo-

1143 1672 120 45 rem.
1218 1672 90 45 et
1263 1672 150 45 saltem
1368 1672 120 45 erit
1443 1672 195 45 prioritas
1592 1672 195 45 naturalis
1742 1672 135 45 inter
1817 1672 135 45 calorem

1146 1713 93 42 et
1192 1713 154 42 formam
1300 1713 262 42 substantialem
1516 1713 154 42 ignis.
1624 1713 108 42 non
1686 1713 139 42 tamen
1763 1713 185 42 inconuenit

1149 1752 124 44 quod
1226 1752 139 44 ignis
1319 1752 216 44 producatur
1488 1752 108 44 sub
1550 1752 155 44 minori
1658 1752 216 44 caliditate
1828 1752 108 44 vel
1875 1752 77 44 ra-

1144 1792 143 46 ritate
1244 1792 115 46 quam
1316 1792 129 46 forma
1402 1792 129 46 ignis
1488 1792 143 46 exigat
1588 1792 86 46 ad
1631 1792 115 46 bene
1702 1792 215 46 existendum:
1860 1792 86 46 quia

1144 1828 137 43 forma
1235 1828 137 43 ignis
1327 1828 214 43 introducta
1495 1828 92 43 et
1540 1828 198 43 raritatem
1693 1828 92 43 et
1723 1828 214 43 caliditaterm

1145 1866 144 45 forme
1241 1866 255 45 conuenientem
1448 1866 239 45 introducit.
1640 1866 80 45 ⁋
1672 1866 96 45 Ex
1720 1866 128 45 isto
1783 1866 160 45 sequitur

1139 1903 179 43 quinto:
1269 1903 130 43 quod
1350 1903 146 43 maius
1448 1903 163 43 minimo
1562 1903 195 43 naturali
1708 1903 211 43 generatur
1854 1903 98 43 subi

1148 1940 101 44 to
1199 1940 118 44 per
1266 1940 152 44 modum
1367 1940 202 44 sequele:
1519 1940 135 44 puta
1603 1940 168 44 quando
1721 1940 202 44 reliquum
1856 1940 84 44 non

1147 1982 154 46 potest
1254 1982 108 46 per
1316 1982 92 46 se
1362 1982 200 46 existere:
1516 1982 108 46 sed
1577 1982 92 46 de
1623 1982 108 46 per
1685 1982 92 46 se
1731 1982 138 46 solum
1808 1982 138 46 minimum

1141 2017 202 43 naturale
1293 2017 219 43 generatur
1462 2017 186 43 subito.
1597 2017 118 43 hoc
1664 2017 118 43 est
1732 2017 169 43 quando
1833 2017 118 43 alte-

1139 2052 96 40 ra
1187 2052 129 40 pars
1268 2052 161 40 potest
1380 2052 113 40 per
1444 2052 96 40 se
1493 2052 209 40 existere.
1654 2052 80 40 ⁋
1686 2052 145 40 Sexto
1766 2052 177 40 sequitur:

1155 2089 125 46 quod
1233 2089 141 46 ignis
1327 2089 187 46 producit
1468 2089 141 46 ignem
1561 2089 141 46 vltra
1655 2089 172 46 spheram
1780 2089 109 46 sue
1827 2089 109 46 acti-

1152 2133 191 41 uitatis:
1295 2133 96 41 in
1343 2133 159 41 aliqua
1455 2133 127 41 enim
1534 2133 255 41 popinquitate
1741 2133 143 41 ignis
1821 2133 127 41 petest

1148 2168 187 45 generare
1289 2168 140 45 ignem
1382 2168 93 45 et
1429 2168 93 45 in
1476 2168 156 45 aliqua
1585 2168 109 45 non
1647 2168 171 45 potest:
1772 2168 93 45 vt
1803 2168 140 45 experi-

1154 2208 157 38 nento
1258 2208 261 38 dinoscimus.
1467 2208 122 38 Non
1537 2208 139 38 enim
1624 2208 226 38 sequitur:
1781 2208 174 38 producit

1145 2244 153 46 ignem
1247 2244 102 46 in
1298 2244 170 46 pedale
1417 2244 204 46 remotum:
1570 2244 136 46 ergo
1655 2244 102 46 in
1706 2244 153 46 aerem
1791 2244 153 46 pedalem

1153 2284 230 38 propinquum:
1336 2284 123 38 quia
1413 2284 107 38 non
1474 2284 107 38 est
1536 2284 107 38 sic
1597 2284 107 38 aer
1658 2284 245 38 susceptiuus:
1857 2284 92 38 et
1888 2284 61 38 re

1139 2319 214 44 sistentia
1303 2319 165 44 totius
1419 2319 148 44 aeris
1518 2319 198 44 impedit.
1666 2319 198 44 Probatur
1798 2319 148 44 corolla

1143 2358 133 38 rium:
1232 2358 148 38 posito
1336 2358 118 38 quod
1410 2358 133 38 parua
1499 2358 148 38 portio
1602 2358 133 38 stupe
1691 2358 133 38 (immo
1780 2358 118 38 pars
1839 2358 104 38 digi-

1153 2394 147 50 talis)
1256 2394 161 50 ponatur
1374 2394 132 50 infra
1462 2394 161 50 spheram
1579 2394 220 50 actiuitatis
1755 2394 88 50 in
1799 2394 103 50 qua
1843 2394 103 50 ignis

1147 2432 155 48 generat
1259 2432 141 48 ignem:
1358 2432 84 48 et
1400 2432 155 48 reliqua
1512 2432 112 48 pars
1583 2432 126 48 vltra
1667 2432 126 48 illam
1737 2432 211 48 incinerabitur

1142 2474 99 39 que
1199 2474 99 39 est
1255 2474 128 39 minor
1341 2474 142 39 minimo
1440 2474 185 39 naturali:
1582 2474 114 39 ergo
1653 2474 114 39 pars
1724 2474 170 39 remotior
1838 2474 99 39 etiam

1141 2508 242 38 incinerabitur
1340 2508 100 38 que
1397 2508 100 38 est
1454 2508 213 38 simpliciter
1625 2508 85 38 et
1667 2508 171 38 absolute
1795 2508 128 38 vltra
1867 2508 85 38 suam

1147 2545 167 48 spheram.
1272 2545 125 48 licet
1356 2545 139 48 potest
1453 2545 97 48 sua
1508 2545 139 48 sphera
1606 2545 208 48 actiuitatis
1772 2545 111 48 dici
1842 2545 83 48 de
1870 2545 69 48 per

1152 2585 196 39 accidens.
1303 2585 106 39 non
1363 2585 181 39 loquimur
1499 2585 91 39 de
1544 2585 151 39 sphera
1650 2585 257 39 calefaciendi:
1846 2585 91 39 sphe

1143 2622 92 38 ra
1189 2622 230 38 actiuitatis
1373 2622 215 38 producende
1541 2622 138 38 forme
1633 2622 138 38 ignis
1725 2622 215 38 includitur
1879 2622 61 38 in

1139 2656 164 52 sphera
1253 2656 295 52 calefactionis.
1499 2656 82 52 ⁋
1532 2656 98 52 Si
1581 2656 148 52 ponas
1680 2656 180 52 minimum
1794 2656 148 52 natura
