2346 3303
465 206 94 60 tum
518 206 80 60 ab
558 206 121 60 igne:
639 206 107 60 tunc
706 206 94 60 per
759 206 94 60 eum
813 206 174 60 inducitur
947 206 121 60 calor
1027 206 147 60 minimus
1121 206 134 60 secundum

461 266 196 43 extensionem
618 266 79 43 in
657 266 170 43 instanti:
788 266 105 43 quia
853 266 144 43 recedit
958 266 79 43 ab
997 266 131 43 vltimo
1089 266 157 43 instanti
1194 266 65 43 non

469 298 107 46 esse:
540 298 71 46 et
576 298 142 46 arguitur
683 298 71 46 de
718 298 107 46 illa:
789 298 95 46 quia
849 298 83 46 vel
896 298 95 46 illa
955 298 83 46 est
1003 298 142 46 alicuius
1098 298 154 46 intensionis

461 338 85 45 et
503 338 228 45 remississima
689 338 100 45 que
745 338 142 45 potest
845 338 114 45 esse
916 338 228 45 naturaliter:
1101 338 100 45 aut
1144 338 114 45 aliqua

467 375 179 43 remissior
605 375 110 43 illa
673 375 137 43 potest
769 375 110 43 esse
838 375 220 43 naturaliter.
1017 375 82 43 Si
1058 375 137 43 primum
1140 375 124 43 habetur

461 410 192 46 propositum.
615 410 64 46 ⁋
640 410 77 46 Si
679 410 166 46 secundum:
807 410 102 46 tunc
871 410 90 46 est
922 410 154 46 alicuius
1037 410 192 46 intensionis
1178 410 77 46 siue

459 450 195 39 difformis
609 450 195 39 reducenda
759 450 90 39 ad
804 450 270 39 vniformitatem:
1030 450 120 39 siue
1090 450 165 39 vniformis

469 484 126 42 redit
553 484 84 42 in
595 484 126 42 idem:
679 484 154 42 dicatur
790 484 140 42 gratia
888 484 154 42 exempli
1000 484 126 42 vnius
1083 484 154 42 gradus:
1181 484 84 42 tunc

469 521 123 47 quero
551 521 96 47 abs
606 521 96 47 te:
660 521 109 47 quia
729 521 96 47 non
783 521 164 47 repugnat
906 521 191 47 caliditati
1056 521 191 47 remissiori
1193 521 68 47 per

468 563 76 37 te
506 563 102 37 esse
570 563 114 37 extra
646 563 102 37 suum
710 563 127 37 totum:
799 563 114 37 quare
875 563 89 37 est
926 563 102 37 quod
989 563 102 37 iste
1053 563 114 37 calor
1129 563 114 37 tante
1192 563 64 37 in-

466 593 182 45 tensionis
606 593 84 45 in
648 593 98 45 hoc
703 593 168 45 instanti
829 593 209 45 producitur:
997 593 84 45 et
1039 593 126 45 quare
1122 593 126 45 calor
1192 593 70 45 non

472 634 131 39 tante
560 634 218 39 intensionis
735 634 204 39 producitur
895 634 87 39 in
939 634 175 39 quolibet
1070 634 175 39 instanti
1186 634 73 39 se-

470 670 177 48 quentis
599 670 81 48 ⁋
631 670 113 48 hic
695 670 113 48 non
760 670 161 48 potest
873 670 129 48 esse
953 670 209 48 diffugium
1114 670 97 48 ad
1146 670 113 48 mini-

464 708 97 45 mum
519 708 179 45 naturale.
657 708 69 45 ⁋
685 708 124 45 Forte
768 708 138 45 dices:
865 708 110 45 quod
934 708 83 45 de
975 708 97 45 per
1030 708 166 45 accidens
1155 708 138 45 produ-

470 742 122 44 citur
552 742 108 44 ista
619 742 176 44 intensio:
754 742 108 44 quia
822 742 95 44 cum
876 742 122 44 agens
957 742 162 44 producit
1079 742 81 44 in
1119 742 95 44 hoc
1160 742 108 44 instan

460 780 85 44 ti
502 780 156 44 minimum
616 780 170 44 naturale
744 780 128 44 certe
829 780 227 44 extensionis:
1014 780 85 44 et
1056 780 170 44 implicat
1170 780 85 44 ali-

471 821 101 44 quam
535 821 164 44 huiusmodi
661 821 126 44 formam
750 821 101 44 esse
813 821 101 44 sine
876 821 177 44 intensione
1015 821 76 44 et
1053 821 89 44 sic
1104 821 76 44 de
1142 821 89 44 per
1179 821 89 44 acci-

469 856 114 41 dens
540 856 171 41 producit
668 856 128 41 istam
754 856 142 41 formam
853 856 142 41 (sicut
953 856 142 41 dictum
1053 856 100 41 est
1095 856 157 41 questione

470 895 189 47 precedenti)
622 895 88 47 per
672 895 113 47 modum
748 895 151 47 sequele:
861 895 76 47 et
899 895 101 47 quod
962 895 113 47 tanta
1038 895 151 47 intensio
1151 895 88 47 sit
1189 895 63 47 hoc

466 934 163 41 prouenit
589 934 82 41 ab
630 934 109 41 isto
698 934 136 41 agente
793 934 163 41 respectu
916 934 136 41 istius
1011 934 136 41 passi:
1106 934 95 41 sed
1161 934 95 41 non
1202 934 54 41 re

473 968 132 44 pugnat
565 968 106 44 quod
631 968 119 44 forma
711 968 92 44 sit
763 968 172 44 remissior
895 968 145 44 quantum
1001 968 92 44 est
1054 968 79 44 de
1094 968 92 44 se:
1146 968 106 44 quia
1199 968 53 44 si

468 1006 131 45 agens
556 1006 160 45 fuisset
672 1006 160 45 minoris
789 1006 218 45 actiuitatis
964 1006 87 45 et
1007 1006 146 45 passum
1109 1006 131 45 peius
1182 1006 73 45 dif

461 1046 147 41 positum
567 1046 200 41 remissiorem
728 1046 214 41 produxisset.
901 1046 93 41 hoc
955 1046 120 41 autem
1035 1046 93 41 non
1088 1046 174 41 contingit
1209 1046 53 41 de

466 1080 141 45 minimo
564 1080 169 45 naturali
691 1080 169 45 secundum
817 1080 225 45 extensionem.
1000 1080 126 45 Ignis
1084 1080 112 45 enim
1141 1080 112 45 paruus

460 1118 101 43 ita
517 1118 115 43 cito
589 1118 173 43 producit
719 1118 158 43 minimum
834 1118 173 43 naturale
964 1118 130 43 ignis
1050 1118 86 43 in
1094 1118 130 43 stupa
1166 1118 86 43 sum-

473 1156 83 42 ne
515 1156 181 42 disposita
654 1156 83 42 ad
695 1156 222 42 susceptionem
876 1156 125 42 sicut
959 1156 125 42 ignis
1043 1156 222 42 quantumlibet
1209 1156 56 42 ma

467 1192 127 46 gnus:
551 1192 127 46 secus
636 1192 99 46 est
692 1192 85 46 in
735 1192 197 46 proposito.
890 1192 183 46 Remissior
1031 1192 113 46 enim
1101 1192 127 46 forma
1171 1192 85 46 pro-

472 1227 136 43 ducitur
570 1227 62 43 a
595 1227 123 43 minori
682 1227 123 43 agente
768 1227 99 43 quam
830 1227 62 43 a
854 1227 136 43 maiori:
953 1227 74 43 et
990 1227 123 43 iterum
1077 1227 161 43 remissior
1188 1227 74 43 erit

467 1261 126 52 forma
551 1261 84 52 in
593 1261 126 52 parte
678 1261 140 52 remota
776 1261 84 52 ab
818 1261 140 52 agente
916 1261 112 52 quam
986 1261 84 52 in
1028 1261 197 52 propinqua.
1183 1261 70 52 ⁋
1197 1261 56 52 Se

465 1309 125 44 contra
552 1309 87 44 hoc
602 1309 162 44 arguitur:
727 1309 87 44 non
777 1309 137 44 constat
877 1309 100 44 tibi
939 1309 100 44 quod
1002 1309 100 44 erit
1064 1309 162 44 remissior
1177 1309 87 44 forma

463 1332 170 55 producta
590 1332 71 55 a
619 1332 127 55 paruo
704 1332 142 55 agente
803 1332 113 55 quam
874 1332 71 55 a
902 1332 142 55 magno:
1001 1332 99 55 vel
1058 1332 184 55 remissior
1185 1332 71 55 gra

464 1368 105 54 dus
524 1368 196 54 productus
675 1368 90 54 in
720 1368 136 54 parte
810 1368 196 54 propinqua
961 1368 120 54 quam
1036 1368 90 54 in
1081 1368 166 54 remota:
1187 1368 60 54 er

465 1417 91 44 go
510 1417 106 44 non
571 1417 106 44 das
632 1417 197 44 discrimem
783 1417 227 44 sufficiens.
965 1417 76 44 ⁋
995 1417 121 44 Item
1071 1417 136 44 summa
1147 1417 106 44 dispo

470 1451 123 41 sitio
552 1451 96 41 non
607 1451 150 41 impedit
717 1451 96 41 per
771 1451 82 41 te
812 1451 82 41 si
853 1451 123 41 stupa
935 1451 150 41 ponatur
1045 1451 82 41 in
1086 1451 123 41 ignem
1168 1451 82 41 et
1195 1451 55 41 ca

469 1491 95 39 lor
524 1491 82 39 et
565 1491 123 39 forma
646 1491 123 39 ignis
728 1491 191 39 successiue
878 1491 204 39 producuntur
1041 1491 82 39 ab
1082 1491 123 39 igne:
1164 1491 82 39 et
1191 1491 68 39 ibi

466 1527 100 46 est
523 1527 142 46 optima
622 1527 199 46 dispositio
779 1527 71 46 a
807 1527 213 46 applicatio:
978 1527 114 46 ergo
1049 1527 114 46 dato
1120 1527 114 46 quod
1177 1527 85 46 vnum

476 1561 157 44 passum
586 1561 204 44 separatum
743 1561 94 44 ab
791 1561 126 44 igne
869 1561 189 44 calefiet
1011 1561 157 44 optime
1105 1561 157 44 disposi-

471 1607 106 39 tum:
537 1607 132 39 quando
630 1607 93 39 non
683 1607 119 39 datur
762 1607 225 39 remississimum
947 1607 146 39 caloris
1053 1607 106 39 quod
1119 1607 132 39 potest
1199 1607 66 39 na-

469 1640 179 43 turaliter
607 1640 96 43 per
662 1640 83 43 se
703 1640 179 43 existere:
841 1640 96 43 non
896 1640 124 43 debes
978 1640 179 43 admittere
1116 1640 110 43 quod
1171 1640 83 43 ali-

465 1676 127 45 quis
544 1676 158 45 gradus
655 1676 158 45 subito
766 1676 237 45 producatur.
955 1676 79 45 ⁋
987 1676 111 45 Non
1050 1676 142 45 valet
1129 1676 127 45 curre-

473 1710 86 49 re
516 1710 86 49 ad
558 1710 157 49 vltimum
673 1710 157 49 instans
787 1710 100 49 non
844 1710 114 49 esse
915 1710 143 49 illius
1015 1710 143 49 minimi
1101 1710 157 49 naturalis

467 1751 161 44 secundum
588 1751 215 44 extensionem:
762 1751 108 44 quia
830 1751 81 44 si
870 1751 108 44 nunc
937 1751 94 44 non
991 1751 188 44 producatur
1126 1751 134 44 immedia-

460 1785 83 49 te
502 1785 153 49 posthoc
613 1785 111 49 illa
683 1785 195 49 producetur
836 1785 83 49 et
877 1785 153 49 subito:
989 1785 83 49 et
1030 1785 153 49 remanet
1128 1785 125 49 questio

464 1827 129 42 quare
550 1827 143 42 subito
650 1827 201 42 producitur
808 1827 86 42 in
851 1827 115 42 tali
922 1827 201 42 intensione
1065 1827 158 42 graduali.

461 1858 68 46 ⁋
489 1858 136 46 Tertia
584 1858 177 46 conclusio
720 1858 177 46 probatur:
857 1858 109 46 dato
925 1858 109 46 enim
993 1858 109 46 quod
1061 1858 123 46 detur
1129 1858 123 46 minimum

470 1904 169 39 secundum
597 1904 211 39 extensionem
766 1904 85 39 et
808 1904 211 39 intensionem
977 1904 85 39 in
1019 1904 127 39 forma
1090 1904 169 39 extensiua:

480 1937 80 43 oc
520 1937 119 43 tamen
599 1937 93 43 non
652 1937 146 43 oportet
758 1937 80 43 in
798 1937 119 43 forma
878 1937 199 43 spirituali.
1037 1937 93 43 cum
1090 1937 93 43 non
1129 1937 133 43 ambulent

467 1968 115 47 pari
538 1968 129 47 passu
625 1968 244 47 proprietatum.
825 1968 72 47 ⁋
854 1968 187 47 Ulterius:
998 1968 115 47 pure
1055 1968 201 47 partibiliter

469 2014 136 36 sortis
565 2014 136 36 elicit
660 2014 123 36 actum
742 2014 204 36 intellectus
905 2014 82 36 et
946 2014 204 36 sensationis
1096 2014 163 36 exterioris

478 2043 72 44 i
506 2043 173 44 visibile
637 2043 145 44 veniat
738 2043 87 44 ab
781 2043 159 44 remotis
897 2043 130 44 vltra
983 2043 159 44 minimam
1085 2043 173 44 distantiam

469 2081 82 44 in
510 2081 95 44 qua
565 2081 95 44 non
619 2081 136 44 potest
714 2081 150 44 videri:
823 2081 95 44 iam
877 2081 109 44 tota
945 2081 109 44 illa
1013 2081 150 44 notitia
1108 2081 150 44 intuitiua

478 2123 196 43 producitur
632 2123 210 43 successiue:
800 2123 112 43 ergo
870 2123 182 43 quacumque
1011 2123 126 43 parte
1095 2123 126 43 forme
1165 2123 98 43 spua-

473 2157 99 39 lis
529 2157 113 39 data
600 2157 183 39 remissior
741 2157 113 39 illa
812 2157 141 39 potest
910 2157 113 39 esse
981 2157 85 39 in
1023 2157 127 39 rerum
1108 2157 155 39 natura:
1207 2157 42 39 e

466 2200 82 42 go
507 2200 136 42 parius
603 2200 109 42 fuit
671 2200 136 42 aliqua
767 2200 68 42 a
794 2200 96 42 qua
849 2200 177 42 subiectum
985 2200 123 42 prius
1067 2200 177 42 vitaliter
1190 2200 68 42 im-

466 2235 212 44 mutabatur.
632 2235 76 44 ⁋
663 2235 121 44 Ite:
738 2235 197 44 quacumque
890 2235 121 44 pena
965 2235 121 44 data
1041 2235 91 44 in
1071 2235 182 44 purgatorio

484 2271 92 42 ua
530 2271 169 42 aliquis
652 2271 184 42 punitur:
790 2271 215 42 remissiori
959 2271 123 42 erit
1035 2271 123 42 pena
1112 2271 169 42 punitus

479 2309 168 41 quelibet
605 2309 112 41 pena
675 2309 154 41 immutat
786 2309 195 41 potentiam:
940 2309 84 41 et
982 2309 98 41 est
1038 2309 168 41 qualitas
1163 2309 98 41 per
1205 2309 56 41 se

475 2344 149 55 existens:
589 2344 126 55 igitur:
681 2344 149 55 assunptum
795 2344 115 55 patet.
876 2344 92 55 volo
933 2344 92 55 quod
990 2344 115 55 centum
1070 2344 103 55 misse
1128 2344 137 55 sufficiant

466 2381 101 42 pro
523 2381 216 42 liberatione
696 2381 130 42 vnius
783 2381 130 42 anime
870 2381 87 42 de
913 2381 202 42 purgatorio
1071 2381 101 42 sic
1115 2381 144 42 applica-

485 2421 81 47 te
526 2421 108 47 quod
594 2421 108 47 pena
661 2421 189 47 remittatur
810 2421 203 47 gradualiter
972 2421 95 47 non
1026 2421 203 47 respiciendo
1188 2421 81 47 ad
1215 2421 41 47 e

481 2457 192 46 tensionem:
632 2457 123 46 sicut
714 2457 110 46 ipse
783 2457 137 46 facile
879 2457 151 46 poteris
988 2457 192 46 imaginari:
1125 2457 137 46 suppona-

476 2492 95 51 tur
531 2492 162 51 vlterius
652 2492 108 51 vnum
720 2492 122 51 verum
801 2492 108 51 quod
869 2492 162 51 voluntas
990 2492 176 51 liberandi
1126 2492 95 51 non
1166 2492 95 51 libe-

475 2535 98 42 rat
531 2535 112 42 ante
601 2535 237 42 celebrationem
796 2535 181 42 actualem:
935 2535 98 42 sed
991 2535 195 42 requiritur
1130 2535 126 42 applica

473 2569 113 42 tio.
544 2569 199 42 Supponamus
700 2569 113 42 quod
771 2569 128 42 sicut
856 2569 199 42 successiue
1012 2569 199 42 applicatur
1168 2569 99 42 res
1210 2569 43 42 d

466 2609 106 47 uma
527 2609 213 47 successiue
694 2609 228 47 gradualiter
876 2609 213 47 remittatur
1043 2609 137 47 pena:
1134 2609 122 47 tunc
1195 2609 61 47 in

472 2650 193 52 infinitum
621 2650 134 52 parua
710 2650 119 52 erit
784 2650 119 52 pena
858 2650 148 52 istius
962 2650 193 52 patientis
1111 2650 89 52 in
1140 2650 119 52 purga

1323 205 126 77 torio
1407 205 112 77 ante
1477 205 168 77 terminum
1603 205 140 77 vltime
1701 205 140 77 misse.
1798 205 154 77 Frustra
1910 205 126 77 autem
1994 205 98 77 est
2036 205 84 77 cur-

1325 265 112 59 rere
1395 265 84 59 ad
1437 265 182 59 miraculum
1578 265 98 59 vel
1634 265 140 59 dicere
1732 265 154 59 aliquam
1844 265 126 59 penam
1929 265 112 59 esse
1985 265 140 59 insensi-

1326 297 116 57 bilem
1404 297 78 57 in
1442 297 181 57 purgatorio
1585 297 116 57 sicut
1662 297 116 57 dicit
1740 297 129 57 quidam
1830 297 129 57 doctor
1921 297 181 57 quaestione
2050 297 52 57 po

1320 342 141 54 nultima
1423 342 90 54 sui
1474 342 141 54 quarti.
1577 342 77 54 Et
1615 342 141 54 videtur
1718 342 179 54 voluntarie
1858 342 115 54 etiam
1935 342 128 54 dictum
2012 342 90 54 quioa

1320 369 108 60 dicit
1392 369 96 60 idem
1452 369 120 60 doctor
1536 369 96 60 quod
1596 369 144 60 voluntas
1704 369 120 60 posset
1787 369 156 60 aliquando
1907 369 144 60 praecise
2003 369 96 60 causar

1320 411 204 57 successiue
1480 411 204 57 volitionem
1640 411 175 57 mediante
1771 411 175 57 simplici
1888 411 218 57 apprehensione

1328 453 287 49 poportionabiliter
1574 453 164 49 causatam
1697 453 205 49 successiue:
1861 453 150 49 nunquam
1970 453 123 49 tamen
2039 453 68 49 hoc

1328 494 136 41 potest
1424 494 136 41 quando
1519 494 82 41 ex
1560 494 123 41 plena
1642 494 232 41 deliberatione
1833 494 109 41 vera
1901 494 95 41 vel
1942 494 164 41 interpreta

1323 528 104 49 tiua
1388 528 130 49 elicit
1479 528 117 49 velle
1557 528 91 49 vel
1609 528 130 49 nolle.
1700 528 65 49 ⁋
1727 528 91 49 Non
1779 528 104 49 enim
1844 528 91 49 est
1896 528 182 49 auferendum
2026 528 78 49 ali-

1326 569 97 52 uid
1382 569 69 52 a
1409 569 180 52 libertate
1548 569 194 52 voluntatis
1700 569 111 52 nisi
1769 569 97 52 vbi
1825 569 152 52 constat
1936 569 83 52 de
1963 569 139 52 opposito

1312 606 71 41 ⁋
1340 606 143 41 Contra
1440 606 143 41 primam
1540 606 228 41 conclusionem
1725 606 171 41 arguitur
1853 606 114 41 sic:
1925 606 128 41 datur
1996 606 114 41 aliqua

1316 638 115 53 forma
1393 638 154 53 infinite
1508 638 154 53 remissa:
1624 638 103 53 ergo
1688 638 167 53 conclusio
1816 638 128 53 falsa.
1906 638 115 53 patet
1983 638 77 53 de
2008 638 90 53 forma

1312 675 206 52 incipiente
1474 675 74 52 a
1504 675 133 52 gradu
1592 675 88 52 et
1636 675 192 52 terminata
1784 675 88 52 in
1828 675 103 52 non
1887 675 162 52 gradum.
2005 675 74 52 ⁋
2034 675 103 52 Sed

1320 718 119 47 dices
1399 718 105 47 quod
1465 718 119 47 illic
1544 718 171 47 infinitum
1676 718 145 47 remissa
1781 718 92 47 est
1834 718 132 47 aliqua
1926 718 119 47 forma
1992 718 119 47 quacun-

1306 748 100 54 que
1363 748 115 54 enim
1435 748 201 54 remissione
1592 748 115 54 data
1664 748 129 54 datur
1750 748 115 54 alia
1821 748 100 54 non
1879 748 215 54 penetratiue
2036 748 72 54 cum

1319 784 105 61 illa
1385 784 184 61 remissior:
1529 784 92 61 sed
1582 784 118 61 nulla
1661 784 92 61 est
1713 784 118 61 forma
1792 784 158 61 infinite
1911 784 158 61 remissa.
2029 784 66 61 ⁋
2042 784 66 61 Sed

1316 817 158 59 contra
1427 817 110 59 hoc
1490 817 236 59 argumentor:
1679 817 189 59 capiendo
1820 817 158 59 corpus
1931 817 158 59 pedale
2025 817 79 59 re-

1304 861 158 54 missum
1415 861 95 54 vt
1462 861 189 54 quattuor
1604 861 236 54 vniformiter
1793 861 158 54 capiat
1903 861 126 54 deus
1982 861 95 54 in
2013 861 95 54 pri-

1316 894 95 52 ma
1364 894 142 52 parte
1458 894 268 52 proportionali
1679 894 126 52 hore
1757 894 126 52 duos
1836 894 158 52 gradus
1931 894 173 52 albedinis

1319 933 78 58 ab
1358 933 103 58 illo
1422 933 142 58 corpore
1526 933 155 58 secundum
1642 933 116 58 totam
1720 933 207 58 extensionem:
1887 933 90 58 iam
1939 933 155 58 remanent
2042 933 65 58 duo

1317 977 132 47 gradus
1409 977 79 47 in
1449 977 145 47 secunda
1555 977 119 47 parte
1634 977 238 47 proportionali:
1832 977 158 47 remoueat
1951 977 119 47 autem
2017 977 79 47 vnum

1310 1016 133 54 gradum
1403 1016 159 54 secundum
1522 1016 199 54 extensionem
1681 1016 106 54 alio
1747 1016 186 54 remanente:
1893 1016 80 54 in
1933 1016 133 54 tertia
2012 1016 93 54 parte

1306 1040 232 60 proportionali
1497 1040 164 60 remoueat
1620 1040 191 60 semigradum
1770 1040 164 60 secundum
1893 1040 205 60 extensionem
2043 1040 68 60 se-

1317 1089 164 42 migradu
1436 1089 194 42 remanente
1585 1089 89 42 in
1630 1089 119 42 illo
1705 1089 149 42 corre:
1809 1089 89 42 et
1854 1089 104 42 sic
1898 1089 209 42 consequenter

1314 1120 93 50 per
1367 1120 119 50 omnes
1446 1120 132 50 partes
1539 1120 238 50 proportionales
1737 1120 132 50 illius
1829 1120 119 50 hore:
1909 1120 106 50 tunc
1975 1120 79 50 in
2001 1120 106 50 instan

1312 1163 84 48 ti
1354 1163 195 48 terminante
1507 1163 112 48 hora
1577 1163 112 48 erit
1647 1163 139 48 aliqua
1744 1163 112 48 pars
1814 1163 126 48 forme
1898 1163 84 48 et
1940 1163 153 48 nullius
2037 1163 70 48 in-

1313 1196 178 57 tensionis.
1453 1196 102 57 Quod
1517 1196 114 57 patet
1593 1196 102 57 quia
1656 1196 76 57 in
1694 1196 165 57 infinitum
1821 1196 140 57 remissa
1923 1196 102 57 erit
1987 1196 64 57 /
1999 1196 102 57 albedo

1322 1237 97 43 que
1378 1237 111 43 erit
1447 1237 83 43 in
1488 1237 97 43 hoc
1544 1237 166 43 subiecto
1669 1237 111 43 ante
1738 1237 125 43 finem
1821 1237 125 43 hore:
1904 1237 83 43 et
1946 1237 139 43 albedo
2029 1237 69 43 que

1310 1271 109 54 erit
1379 1271 82 54 in
1420 1271 164 54 instanti
1543 1271 192 54 terminante
1693 1271 123 54 horam
1776 1271 178 54 quacumque
1912 1271 164 54 albedine
2022 1271 82 54 pri-

1310 1312 138 47 cedenti
1411 1312 101 47 erit
1474 1312 176 47 remissior:
1612 1312 101 47 ergo
1675 1312 101 47 illa
1738 1312 126 47 albedo
1826 1312 101 47 erit
1889 1312 75 47 in
1927 1312 164 47 infinitum
2040 1312 63 47 re-

1315 1344 113 55 missa:
1394 1344 181 55 consequentia
1541 1344 79 55 est
1586 1344 113 55 clara.
1666 1344 147 55 Atecedens
1779 1344 102 55 patet
1847 1344 68 55 ex
1881 1344 102 55 casu.
1949 1344 57 55 ⁋
1960 1344 147 55 Respondetur

1318 1378 155 55 negando
1431 1378 141 55 casum:
1530 1378 113 55 puta
1600 1378 113 55 quod
1671 1378 155 55 aliquid
1784 1378 141 55 illius
1883 1378 127 55 forme
1968 1378 141 55 maneat
2052 1378 57 55 in

1306 1415 97 58 hoc
1361 1415 165 58 subiecto
1485 1415 97 58 cum
1541 1415 110 58 ista
1610 1415 179 58 remotione
1747 1415 165 58 partium:
1872 1415 83 58 et
1913 1415 83 58 si
1954 1415 138 58 partes
2037 1415 69 58 re-

1313 1457 122 54 mote
1389 1457 107 54 per
1450 1457 183 54 singulas
1587 1457 153 54 partes
1694 1457 275 54 proportionales
1923 1457 153 54 illius
2014 1457 92 54 hore

1318 1491 235 61 corrumpantur
1509 1491 132 61 nihil
1597 1491 147 61 illius
1700 1491 132 61 forme
1787 1491 191 61 remanebit
1934 1491 88 61 in
1978 1491 132 61 rerum
2051 1491 59 61 na

1323 1527 108 54 tura.
1395 1527 96 54 Quod
1455 1527 120 54 patet:
1540 1527 96 54 quia
1600 1527 156 54 quaelibet
1720 1527 96 54 pars
1780 1527 217 54 proportionalis
1961 1527 132 54 illlius
2045 1527 72 54 for-

1312 1566 83 51 me
1354 1566 97 51 est
1409 1566 152 51 ablata:
1519 1566 110 51 ergo
1588 1566 110 51 tota
1657 1566 110 51 illa
1726 1566 110 51 lata
1795 1566 124 51 forma
1878 1566 97 51 est
1934 1566 152 51 ablata.
2044 1566 69 51 ⁋
2058 1566 55 51 In

1307 1601 121 56 super
1387 1601 121 56 prima
1468 1601 108 56 pars
1536 1601 243 56 proportionalis
1738 1601 94 56 est
1792 1601 135 56 ablata
1886 1601 108 56 quae
1954 1601 94 56 est
2008 1601 81 56 vt
2035 1601 67 56 due

1306 1642 81 55 et
1347 1642 298 55 proportionabiliter
1604 1642 81 55 in
1645 1642 149 55 omnibus
1753 1642 162 55 partibus
1861 1642 244 55 proportionalibus

1316 1675 102 59 est
1375 1675 175 59 ablatum:
1506 1675 117 59 modo
1579 1675 146 59 prima.
1681 1675 117 59 pars
1755 1675 263 59 proportionalis
1974 1675 102 59 est
2017 1675 88 59 equa

1319 1712 93 58 lis
1372 1712 185 58 aggregatio
1517 1712 119 58 omnis
1597 1712 146 58 partium
1703 1712 199 58 sequentium.
1861 1712 106 58 ergo
1928 1712 93 58 duo
1981 1712 132 58 gradus
2060 1712 53 58 au

1311 1748 171 63 feruntur
1439 1748 86 63 ex
1482 1748 185 63 aggregato
1624 1748 157 63 partium
1738 1748 271 63 proportionalium
1952 1748 171 63 sequentium

1320 1785 161 54 primam:
1438 1785 88 54 et
1482 1785 103 54 cum
1541 1785 176 54 quattuor
1673 1785 147 54 gradus
1775 1785 206 54 auferantur
1937 1785 117 54 quid
1996 1785 117 54 remane

1305 1830 139 46 bitus
1397 1830 77 46 ⁋
1428 1830 216 46 Queadmodum
1597 1830 92 46 in
1643 1830 108 46 vno
1705 1830 154 46 simili
1813 1830 169 46 dicimus
1936 1830 139 46 alibi
2029 1830 92 46 in
2059 1830 62 46 di

1319 1863 148 53 uisione
1426 1863 175 53 continui:
1561 1863 108 53 quod
1628 1863 108 53 deus
1695 1863 81 53 in
1736 1863 121 53 prima
1816 1863 121 53 parte
1897 1863 229 53 proportionali
2072 1863 54 53 di

1315 1904 130 52 uidat
1401 1904 130 52 ipsum
1487 1904 86 52 in
1531 1904 115 52 duas
1603 1904 144 52 partes
1704 1904 144 52 equas.
1804 1904 86 52 In
1848 1904 158 52 secunda
1963 1904 130 52 parte
2035 1904 72 52 pro

1320 1938 207 53 portionali
1483 1938 163 53 diuidat
1602 1938 163 53 alteram
1720 1938 193 53 medietatu
1868 1938 222 53 corrumpendo
2031 1938 89 53 tres

1314 1978 136 57 illarum
1413 1978 149 57 partium:
1524 1978 136 57 relicta
1624 1978 99 57 illa
1686 1978 87 57 que
1735 1978 99 57 erat
1797 1978 74 57 in
1834 1978 136 57 secunda
1933 1978 112 57 parte
1995 1978 112 57 propor-

1306 2012 164 58 tionali:
1429 2012 82 58 et
1470 2012 95 58 sic
1525 2012 136 58 faciat
1620 2012 95 58 per
1675 2012 123 58 omnes
1756 2012 136 58 partes
1852 2012 245 58 proportionales
2043 2012 68 58 ho-

1316 2050 85 55 re:
1365 2050 85 55 sic
1413 2050 146 55 scilicet
1523 2050 97 55 quod
1584 2050 73 55 in
1620 2050 110 55 parte
1693 2050 207 55 proportionali
1863 2050 170 55 diuisionis
1997 2050 110 55 omnes
2058 2050 61 55 cor

1314 2094 205 42 rumpantur
1472 2094 158 42 dempta
1583 2094 126 42 vna:
1662 2094 111 42 iam
1725 2094 95 42 in
1772 2094 205 42 infinitum
1930 2094 158 42 paruum
2025 2094 95 42 erit

1314 2124 148 59 corpus
1418 2124 89 59 in
1462 2124 103 59 hac
1521 2124 133 59 hora:
1610 2124 103 59 sed
1669 2124 89 59 in
1713 2124 177 59 instanti
1846 2124 222 59 terminante.
2009 2124 103 59 horam

1304 2167 141 48 nihil
1398 2167 188 48 manebit.
1539 2167 78 48 ⁋
1570 2167 94 48 Si
1617 2167 141 48 dicas
1711 2167 219 48 admittimus
1883 2167 172 48 quantum
1993 2167 125 48 diuidi

1321 2203 86 44 ad
1364 2203 101 44 non
1421 2203 172 44 quantum.
1550 2203 72 44 ⁋
1579 2203 215 44 Respondetur
1752 2203 129 44 verum
1838 2203 101 44 est
1895 2203 144 44 quando
1981 2203 144 44 quelibet

1320 2236 123 57 pars
1397 2236 108 57 sit
1458 2236 108 57 cum
1520 2236 185 57 qualibet
1659 2236 247 57 penetratiue:
1860 2236 93 57 ad
1891 2236 231 57 imaginationem

1318 2279 189 42 aliquorum
1464 2279 87 42 de
1508 2279 160 42 corpore
1624 2279 160 42 Christi
1741 2279 87 42 in
1784 2279 204 42 sacramento
1930 2279 189 42 eucharistie

1308 2316 91 52 et
1353 2316 106 52 non
1414 2316 167 52 aliter.
1535 2316 76 52 ⁋
1565 2316 167 52 Secundo
1687 2316 197 52 arguitur.
1838 2316 106 52 sit
1899 2316 106 52 vna
1959 2316 136 52 linea
2035 2316 91 52 infi

1316 2355 217 46 niteilonga:
1489 2355 130 46 cuius
1576 2355 101 46 vna
1634 2355 159 46 pedalis
1749 2355 101 46 sit
1807 2355 116 46 alba
1879 2355 87 46 vt
1923 2355 188 46 quattuor:
2053 2355 72 46 se-

1321 2393 111 46 cunda
1394 2393 74 46 vt
1431 2393 98 46 duo:
1493 2393 123 46 tertia
1579 2393 74 46 vt
1616 2393 111 46 vnum:
1690 2393 74 46 et
1727 2393 86 46 sic
1776 2393 209 46 consequenter:
1948 2393 86 46 iam
1997 2393 111 46 illud
2059 2393 61 46 cor

1310 2428 100 51 pus
1367 2428 114 51 erit
1438 2428 171 51 infinite
1567 2428 157 51 remisse
1681 2428 143 51 album.
1781 2428 71 51 ⁋
1810 2428 100 51 Aid
1867 2428 129 51 istud
1953 2428 171 51 inferius
2067 2428 57 51 pa

1317 2466 137 49 tebit
1408 2466 183 49 solutio.
1546 2466 76 49 ⁋
1576 2466 153 49 Contra
1683 2466 183 49 secundam
1821 2466 244 49 conclusionem
2004 2466 122 49 argui-

1321 2502 107 39 tur
1382 2502 122 39 sic.
1458 2502 153 39 corpus
1565 2502 199 39 luminosum
1718 2502 183 39 producit
1856 2502 138 39 lumen
1948 2502 92 39 ad
1993 2502 107 39 non
2039 2502 92 39 gra-

1311 2538 103 50 dum
1370 2538 147 50 vsque:
1473 2538 118 50 ergo
1547 2538 177 50 infinite
1680 2538 221 50 remissionis
1857 2538 103 50 est
1916 2538 133 50 lumen
2004 2538 103 50 non
2049 2538 88 50 gra-

1317 2574 107 44 dum
1378 2574 138 44 vsus:
1470 2574 92 44 et
1516 2574 107 44 vna
1577 2574 122 44 pars
1653 2574 168 44 luminis
1776 2574 107 44 non
1837 2574 107 44 est
1898 2574 92 44 in
1944 2574 138 44 eadem
2021 2574 107 44 parte

1314 2614 231 45 adequatacum
1499 2614 139 45 alia:
1591 2614 123 45 ergo
1668 2614 108 45 non
1730 2614 139 45 datur
1823 2614 262 45 remississimum
2038 2614 123 45 quod

1319 2656 138 56 potest
1416 2656 96 56 per
1471 2656 83 56 se
1512 2656 206 56 naturaliter
1677 2656 179 56 existere:
1815 2656 96 56 cum
1870 2656 179 56 quocumque
2007 2656 138 56 lumine
2090 2656 55 56 re
