2347 3313
236 235 144 57 aliqui
336 235 201 57 antiquorum
494 235 129 57 ipsum
580 235 244 57 negauerintore
781 235 158 57 propter
881 235 144 57 rationes

226 286 114 42 quas
297 286 157 42 diluere
411 286 200 42 nequibant:
568 286 86 42 et
611 286 128 42 turpe
696 286 100 42 eis
753 286 128 42 visum
839 286 100 42 sit
881 286 143 42 succumbe

231 327 91 43 re:
283 327 117 43 tamen
361 327 130 43 contra
452 327 130 43 mentem
543 327 156 43 negabant
659 327 130 43 primum
750 327 182 43 principium
893 327 78 43 vt
919 327 104 43 inquit

232 357 218 48 philosophus:
409 357 82 48 et
450 357 123 48 primo
532 357 218 48 posteriorum:
709 357 123 48 dicit
791 357 109 48 quod
859 357 95 48 non
899 357 123 48 contin-

222 396 105 46 git
282 396 165 46 instare
402 396 150 46 contra
507 396 225 46 dignitatem.
686 396 120 46 Item
761 396 120 46 tunc
836 396 105 46 cum
896 396 105 46 vno
941 396 90 46 par-

227 437 83 42 uo
269 437 153 42 motiuo:
380 437 111 42 immo
449 437 97 42 cum
505 437 181 42 scintilla
644 437 167 42 rationis
769 437 167 42 quispiam
880 437 139 42 assenti-

230 472 79 44 re
269 472 144 44 poterit
374 472 105 44 quod
440 472 92 44 non
493 472 92 44 est
545 472 158 44 cobustus
663 472 79 44 in
703 472 118 44 igne:
781 472 171 44 supposito
913 472 105 44 quod
965 472 66 44 sit

228 510 97 40 in
276 510 162 40 mediis
390 510 178 40 flammis
520 510 113 40 per
584 510 162 40 magnum
698 510 178 40 conatum
811 510 211 40 voluntatis.

224 545 186 56 Preterea
364 545 140 56 nihil
457 545 171 56 debemus
581 545 202 56 admittere
736 545 155 56 contra
845 545 124 56 pure
907 545 124 56 philo-

221 583 160 41 sophice
337 583 189 41 dicentes:
482 583 116 41 nisi
554 583 174 41 habeamus
685 583 189 41 oppositum
830 583 87 41 ex
873 583 131 41 fide:
946 583 73 41 ve-

232 619 136 47 magis
323 619 167 47 quadret
444 619 106 47 cum
504 619 121 47 fide
580 619 121 47 quam
656 619 212 47 oppositum.
822 619 106 47 sed
868 619 151 47 Aristote

220 659 99 44 les
276 659 113 44 fuit
347 659 184 44 contrarie
488 659 155 44 partis:
601 659 99 44 nec
658 659 85 44 ex
700 659 113 44 fide
771 659 127 44 istud
856 659 170 44 habemus:
969 659 57 44 et

233 696 157 43 videtur
347 696 114 43 esse
419 696 143 43 contra
519 696 243 43 experientiam:
719 696 114 43 ergo
790 696 100 43 non
847 696 157 43 debemus
948 696 71 43 ad-

218 736 152 43 mittere
329 736 110 43 quod
398 736 166 43 voluntas
522 736 138 43 possit
619 736 138 43 facere
715 736 207 43 intellectum
867 736 152 43 assentire

223 768 175 41 opposito
355 768 132 41 primi
443 768 190 41 principii
589 768 102 41 cum
647 768 190 41 quocumque
793 768 219 41 sophismate:
954 768 73 41 nec

221 808 156 43 potest
331 808 187 43 impedire
471 808 187 43 voluntas
612 808 250 43 productionem
815 808 187 43 assensus
940 808 78 43 eui

213 850 175 42 dentis:
340 850 111 42 cum
404 850 206 42 quocunque
562 850 159 42 motiuo
674 850 95 42 in
721 850 222 42 oppositum:
896 850 111 42 cum
944 850 79 42 cau

226 883 88 45 se
270 883 205 45 productiue
431 883 175 45 assensus
563 883 190 45 euidentis
709 883 117 45 sint
782 883 175 45 potiores
899 883 117 45 motiuo

221 923 183 38 quocunque
362 923 85 38 et
404 923 198 38 voluntate:
559 923 113 38 modo
630 923 85 38 ab
672 923 113 38 omni
743 923 212 38 proportione
898 923 127 38 inequa-

213 957 145 39 litatis
318 957 145 39 maioris
424 957 92 39 fit
476 957 132 39 actio.
568 957 105 39 vii.
634 957 198 39 physicorum.
792 957 79 39 et
832 957 92 39 hoc
884 957 79 39 si
911 957 105 39 admit-

219 994 102 44 tat
278 994 145 44 causas
379 994 145 44 illas:
481 994 116 44 quia
553 994 116 44 bene
626 994 102 44 pot
684 994 174 44 voluntas
815 994 189 44 diuertere
945 994 73 44 in-

213 1031 191 44 tellectum
360 1031 88 44 ne
404 1031 176 44 applicet
536 1031 147 44 causas
639 1031 88 44 ad
683 1031 235 44 productionem
859 1031 162 44 effectus.

226 1071 101 45 aet
283 1071 101 45 hoc
341 1071 115 45 modo
413 1071 173 45 assensus
543 1071 188 45 euidentis
687 1071 231 45 productionem
860 1071 159 45 pripedire

203 1106 113 50 pot.
273 1106 84 50 De
315 1106 141 50 vetula
414 1106 169 50 Muridani
541 1106 141 50 potest
639 1106 113 50 dici
709 1106 113 50 quod
780 1106 113 50 ipsa
850 1106 155 50 mentita
949 1106 70 50 est

225 1152 104 37 cum
285 1152 194 37 antemquis
434 1152 239 37 philosophis:
628 1152 164 37 timebat
747 1152 119 37 enim
822 1152 90 37 ab
867 1152 90 37 eo
897 1152 119 37 notari

205 1181 86 44 de
248 1181 244 44 infidelitate:
448 1181 100 44 vel
506 1181 100 44 non
563 1181 129 44 plene
649 1181 215 44 apprehendit
821 1181 186 44 terminos.
950 1181 72 44 Non

217 1219 96 42 sto
272 1219 82 42 in
313 1219 164 42 talibus:
436 1219 96 42 hoc
491 1219 150 42 dubitas
600 1219 109 42 esse
668 1219 137 42 verum:
764 1219 82 42 et
805 1219 96 42 hoc
860 1219 96 42 est
901 1219 109 42 primum

224 1256 197 45 principium:
381 1256 105 45 ergo
447 1256 131 45 primum
538 1256 183 45 principium
682 1256 144 45 dubitas
787 1256 105 45 esse
853 1256 131 45 verum:
931 1256 79 45 supr

221 1301 129 40 posito
311 1301 103 40 quod
376 1301 90 40 hec
427 1301 129 40 sortes
517 1301 129 40 currit
607 1301 90 40 vel
659 1301 90 40 non
710 1301 129 40 currit
800 1301 167 40 scribatur
929 1301 77 40 in
955 1301 64 40 pa-

220 1333 111 47 pyro
290 1333 97 47 mea
345 1333 111 47 quam
415 1333 70 47 a
443 1333 83 47 te
484 1333 181 47 abscondo:
624 1333 97 47 ita
679 1333 83 47 vt
721 1333 153 47 nescias
832 1333 97 47 que
888 1333 97 47 sit
930 1333 83 47 pro-

231 1367 151 43 posito
337 1367 121 43 quam
412 1367 196 43 abscondo:
563 1367 91 43 an
608 1367 121 43 vera
684 1367 106 43 vel
729 1367 121 43 falsa.

263 1403 193 47 Secundus
408 1403 193 47 terminus
553 1403 113 47 est
617 1403 145 47 vitas
713 1403 241 47 theologica.
906 1403 97 47 Et
939 1403 80 47 sic

219 1442 207 47 definitur.
382 1442 163 47 Veritas
501 1442 207 47 theologica
664 1442 104 47 est
723 1442 133 47 vitas
812 1442 89 47 de
856 1442 104 47 deo
901 1442 118 47 forma-

223 1482 102 49 ta:
282 1482 102 49 vel
340 1482 87 49 de
384 1482 175 49 creatura
515 1482 87 49 vt
559 1482 131 49 habet
646 1482 219 49 reductionem
821 1482 87 49 ad
865 1482 131 49 deum:
938 1482 87 49 vtpu

224 1516 81 40 ta
264 1516 162 40 secundum
385 1516 189 40 creationem
534 1516 67 40 /
561 1516 229 40 gubernationem
749 1516 67 40 /
776 1516 202 40 reparatione
938 1516 67 40 /
952 1516 67 40 iu-

225 1553 224 55 stificationem
409 1553 66 55 /
435 1553 224 55 remuneratione
620 1553 66 55 /
646 1553 79 55 et
686 1553 145 55 similia
791 1553 92 55 que
831 1553 198 55 considerantur

222 1579 87 56 in
266 1579 204 56 theologia.
426 1579 102 56 hoc
485 1579 131 56 patet
572 1579 219 56 auctoritate
747 1579 102 56 oti
805 1579 160 56 August.
907 1579 117 56 xiiii.

221 1631 77 46 de
260 1631 181 46 trinitate.
402 1631 116 46 capi.
479 1631 77 46 i.
518 1631 168 46 dicentis.
647 1631 90 46 Non
698 1631 129 46 vtique
789 1631 155 46 quicquid
905 1631 116 46 sciri
969 1631 52 46 ab

223 1666 150 46 homine
328 1666 150 46 potest
433 1666 90 46 in
478 1666 135 46 rebus
568 1666 165 46 humanis
689 1666 105 46 vbi
749 1666 180 46 plurimum
869 1666 150 46 supuacue

221 1710 177 33 vanitatis
357 1710 82 33 at
398 1710 122 33 noxie
480 1710 217 33 curiositatis
656 1710 109 33 est:
724 1710 109 33 huic
792 1710 163 33 scientie
901 1710 122 33 tribuo:

219 1740 110 53 sed
282 1740 141 53 illud
376 1740 157 53 tmmodo
486 1740 110 53 quo
549 1740 141 53 fides
643 1740 251 53 salumperrima
847 1740 110 53 que
909 1740 94 53 ad
941 1740 78 53 vi-

221 1772 99 61 tam
278 1772 128 61 beata
363 1772 128 61 ducit
448 1772 185 61 quginitur
590 1772 170 61 mutritur
718 1772 71 61 /
746 1772 199 61 derenditur
902 1772 71 61 /
931 1772 85 61 et
959 1772 71 61 ro-

220 1815 184 40 boratur.
358 1815 154 40 Alique
466 1815 123 40 aume
542 1815 231 40 acceptiones
727 1815 200 40 questione
865 1815 154 40 sequente

226 1850 262 44 explicabuntur.
474 1850 87 44 Ex
518 1850 117 44 ista
591 1850 218 44 definitione
765 1850 189 44 sequuntur
896 1850 117 44 alique

225 1895 271 43 propositiones.
451 1895 135 43 Prima
541 1895 226 43 propositio:
721 1895 105 43 non
781 1895 135 43 omnes
857 1895 165 43 veritates

226 1931 208 37 theologice
389 1931 119 37 sunt
463 1931 119 37 fide
538 1931 193 37 credende:
686 1931 104 37 sed
745 1931 148 37 alique
849 1931 119 37 sunt
908 1931 104 37 opina

213 1967 135 46 tiue:
303 1967 90 46 vt
348 1967 120 46 deus
423 1967 150 46 potest
529 1967 150 46 facere
634 1967 211 46 infinitum:
799 1967 105 46 vel
860 1967 120 46 deus
920 1967 105 46 produ

221 2000 77 45 cit
265 2000 66 45 se
298 2000 88 45 solo
353 2000 187 45 beatitudinem.
508 2000 121 45 Secundo
596 2000 143 45 sequitur.
706 2000 88 45 quod
761 2000 77 45 hec
805 2000 176 45 consequentia
938 2000 77 45 nihil

224 2043 141 41 valet:
323 2043 198 41 cuiuslibet
478 2043 169 41 scientie
605 2043 183 41 veritates
746 2043 113 41 sunt
816 2043 85 41 de
859 2043 99 41 deo
915 2043 99 41 vel
957 2043 71 41 re-

228 2077 94 44 bus
281 2077 147 44 creatis
388 2077 147 44 tanquam
496 2077 80 44 de
536 2077 147 44 obiecto
643 2077 94 44 vel
696 2077 174 44 obiectis.
830 2077 134 44 igitur
911 2077 107 44 perti-

224 2115 113 43 nent
295 2115 85 43 ad
337 2115 212 43 theologiam:
507 2115 99 43 seu
563 2115 113 43 sunt
634 2115 184 43 veritates
776 2115 212 43 theologice:
931 2115 85 43 quia

218 2152 111 39 stat
287 2152 111 39 quod
357 2152 152 39 illarum
468 2152 208 39 creaturarum
634 2152 194 39 enunciatio
786 2152 97 39 non
842 2152 97 39 sit
897 2152 83 39 de
925 2152 97 39 redu-

232 2190 155 51 ctionae
345 2190 85 51 ad
387 2190 127 51 deum:
472 2190 99 51 que
528 2190 99 51 est
585 2190 198 51 sufficiens
740 2190 85 51 ad
782 2190 183 51 veritatem
909 2190 113 51 theolo

222 2227 126 44 gicam.
311 2227 126 44 Tertio
399 2227 126 44 patet.
488 2227 101 44 quod
551 2227 88 44 hec
601 2227 177 44 propositio
740 2227 177 44 triangulus
879 2227 114 44 habet
942 2227 76 44 tres

232 2265 165 41 angulos
352 2265 150 41 acutos
457 2265 165 41 equales
577 2265 150 41 duobus
682 2265 165 41 rectis:
802 2265 105 41 non
862 2265 105 41 est
907 2265 105 41 vitas

222 2300 200 49 theologica.
382 2300 134 49 Quarto
476 2300 174 49 sequitur.
609 2300 107 49 quod
676 2300 120 49 omnis
756 2300 187 49 propositio
903 2300 80 49 de
930 2300 80 49 fidi

219 2340 103 46 est
278 2340 162 46 veritas
396 2340 220 46 theologica:
572 2340 103 46 sed
631 2340 103 46 non
690 2340 206 46 econuerso.
851 2340 103 46 Sed
895 2340 118 46 contra

228 2373 117 56 istam
306 2373 168 56 instatur:
435 2373 91 56 Vel
487 2373 130 56 altera
578 2373 142 56 istarum
681 2373 65 56 /
707 2373 104 56 deus
772 2373 130 56 potest
863 2373 130 56 facere
940 2373 78 56 infi

232 2411 127 53 nitum
316 2411 113 53 actu
387 2411 70 53 /
415 2411 141 53 nullus
513 2411 113 53 deus
584 2411 141 53 potest
682 2411 141 53 facere
781 2411 183 53 infinitum
921 2411 113 53 actu
978 2411 42 53 /

220 2453 96 54 est
275 2453 124 54 vitas
358 2453 220 54 theologicam:
536 2453 96 54 vel
591 2453 151 54 vtraque
701 2453 151 54 istarum
811 2453 96 54 est
866 2453 124 54 vitas
935 2453 82 54 thed

231 2483 135 50 logica.
329 2483 74 50 Si
366 2483 160 50 secundum:
489 2483 74 50 et
526 2483 123 50 altera
613 2483 259 50 contradictoriarum
834 2483 86 50 est
884 2483 123 50 falsa:
957 2483 62 50 er-

230 2526 82 41 go
271 2526 192 41 propositio
422 2526 123 41 falsa
504 2526 68 41 /
531 2526 96 41 est
586 2526 151 41 veritas
696 2526 205 41 theologica:
860 2526 109 41 quod
915 2526 109 41 impli-

236 2564 103 49 cat:
301 2564 78 49 si
340 2564 91 49 est
391 2564 142 49 veritas
495 2564 181 49 theologica
637 2564 91 49 est
689 2564 155 49 veritas:
805 2564 78 49 si
844 2564 129 49 altera
921 2564 91 49 tamen

228 2600 162 45 queritur
349 2600 94 45 que
403 2600 94 45 sit
457 2600 121 45 illa.
538 2600 94 45 vel
592 2600 162 45 capiatur
713 2600 189 45 propositio
861 2600 81 45 ad
902 2600 108 45 quam
956 2600 67 45 pos

222 2632 120 56 sunt
297 2632 165 56 equales
417 2632 211 56 apparentie
583 2632 180 56 vtrinque
718 2632 165 56 adduci:
839 2632 105 56 vel
884 2632 135 56 paucio-

213 2675 103 52 res
272 2675 132 52 paulo
360 2675 176 52 rationes
492 2675 88 52 ad
536 2675 117 52 vnam
610 2675 162 52 partem.
727 2675 103 52 sic
786 2675 117 52 erit
859 2675 147 52 aliqua
948 2675 73 52 ve

1076 240 140 71 ritas
1170 240 218 71 theologica
1341 240 125 71 quam
1419 240 187 71 mortalis
1559 240 125 71 homo
1637 240 109 71 non
1700 240 156 71 potest
1793 240 78 71 con

1085 292 168 58 gnoscere
1211 292 112 58 esse
1281 292 224 58 theologicam:
1463 292 84 58 et
1506 292 98 58 ita
1562 292 196 58 frequenter
1702 292 168 58 contingit.

1077 332 178 55 Propter
1206 332 113 55 hoc
1271 332 226 55 argumentum
1448 332 129 55 dico
1529 332 194 55 doctores
1674 332 145 55 abuti
1755 332 113 55 quae-

1080 370 145 42 rentes
1182 370 87 42 de
1226 370 174 42 veritate
1356 370 218 42 theologica:
1531 370 160 42 rectius
1647 370 131 42 autem
1719 370 160 42 quesiuis-

1087 398 112 60 sent
1157 398 84 60 de
1199 398 225 60 propositione
1382 398 98 60 vel
1438 398 155 60 obiecto
1551 398 211 60 theologico:
1719 398 98 60 sed
1762 398 112 60 loquem

1083 438 80 57 do
1123 438 80 57 vt
1163 438 134 57 plures
1256 438 67 57 /
1283 438 160 57 secundum
1403 438 174 57 doctrinam
1537 438 187 57 philosophi
1684 438 147 57 secundo
1791 438 80 57 de
1818 438 53 57 ce

1081 475 86 59 lo:
1130 475 172 59 questionem
1265 475 74 59 in
1302 475 111 59 illis
1376 475 148 59 terminis
1487 475 111 59 moui:
1561 475 74 59 et
1598 475 135 59 concedo
1697 475 99 59 quod
1746 475 123 59 vtrumque

1075 518 187 45 oppositorum
1224 518 87 45 est
1274 518 150 45 obiectum
1386 518 187 45 theologicum
1536 518 62 45 /
1561 518 87 45 vel
1611 518 175 45 propositio
1736 518 137 45 theologi-

1075 552 81 51 ca.
1122 552 81 51 sed
1168 552 93 51 bene
1226 552 116 51 scitur
1307 552 93 51 quod
1365 552 151 51 quamlibet
1482 552 128 51 istarum
1574 552 58 51 /
1598 552 93 51 deus
1656 552 116 51 potest
1737 552 116 51 facere
1806 552 70 51 cha-

1070 589 138 52 ritatem
1171 589 175 52 infinitam:
1308 589 100 52 deus
1371 589 88 52 non
1421 589 125 52 potest
1509 589 125 52 facere
1596 589 175 52 charitatem
1722 589 150 52 infinitam:

1077 628 84 53 est
1125 628 168 53 propositio
1257 628 180 53 theologica:
1401 628 84 53 sed
1449 628 84 53 non
1498 628 120 53 scitur
1582 628 84 53 que
1630 628 132 53 illarum
1726 628 84 53 sit
1762 628 108 53 veritas

1073 661 214 60 theologica:
1244 661 114 60 quia
1315 661 100 60 hoc
1372 661 128 60 sciri
1458 661 100 60 non
1515 661 143 60 potest
1615 661 114 60 bene
1672 661 200 60 naturaliter.

1114 699 131 62 Istis
1201 699 160 62 notatis
1317 699 175 62 ponuntur
1449 699 248 62 conclusiones.
1653 699 131 62 Prima
1740 699 117 62 est.
1798 699 73 62 pos

1071 734 147 63 sibile
1174 734 103 63 est
1233 734 177 63 viatorem
1366 734 88 63 de
1410 734 147 63 multis
1513 734 280 63 propositionibus
1734 734 147 63 theologi

1075 780 96 54 cis
1130 780 137 54 habere
1226 780 178 54 euidentem
1362 780 178 54 notitiam.
1499 780 137 54 patet:
1595 780 109 54 quia
1663 780 191 54 philosophi
1800 780 68 54 de-

1079 818 149 56 uenerut
1188 818 81 56 ad
1228 818 163 56 notitiam
1350 818 176 56 euidentem
1486 818 135 56 istius
1581 818 68 56 /
1608 818 108 56 deus
1675 818 108 56 est.
1743 818 81 56 vt
1770 818 95 56 patet

1078 848 126 54 viii.
1162 848 126 54 physi
1247 848 84 54 et
1289 848 112 54 xii.
1359 848 169 54 metaphy.
1486 848 141 54 saltem
1584 848 183 54 euidenter
1724 848 141 54 aliqua
1809 848 56 54 de

1080 885 147 58 ducere
1183 885 176 58 poterant
1315 885 88 58 de
1360 885 103 58 deo
1418 885 103 58 vel
1477 885 88 58 de
1521 885 191 58 creaturis
1668 885 88 58 in
1712 885 147 58 ordine
1815 885 88 58 ad

1078 923 139 55 deum.
1201 923 170 55 Secunda
1324 923 216 55 conclusio.
1494 923 231 55 impossibile
1679 923 108 55 est
1725 923 139 55 natural

1067 961 109 60 ter
1130 961 186 60 viatorem
1269 961 93 60 de
1316 961 171 60 omnibus
1440 961 233 60 veritatibus
1626 961 233 60 theologicis
1796 961 78 60 ha-

1074 997 114 58 bere
1145 997 172 58 notitiam
1274 997 114 58 omni
1346 997 114 58 fide
1417 997 172 58 maiorem.
1546 997 186 58 probatur.
1689 997 100 58 vel
1746 997 129 58 talis
1818 997 57 58 no

1067 1040 126 54 titia
1151 1040 126 54 esset
1236 1040 141 54 opinio
1334 1040 98 54 vel
1390 1040 197 54 euidentia:
1545 1040 98 54 sed
1601 1040 98 54 hoc
1657 1040 126 54 nullo
1742 1040 112 54 modo
1798 1040 70 54 po-

1070 1075 105 48 test
1136 1075 119 48 dici.
1215 1075 145 48 igitur.
1320 1075 119 48 maior
1399 1075 119 48 patet
1478 1075 79 48 ex
1518 1075 198 48 sufficienti
1676 1075 184 48 diuisione:
1807 1075 66 48 mi-

1073 1110 95 52 nor
1128 1110 176 52 probatur.
1263 1110 122 52 primo
1344 1110 95 52 non
1398 1110 135 52 potest
1493 1110 108 52 dici
1561 1110 149 52 opinio:
1669 1110 108 52 quia
1737 1110 122 52 licet
1804 1110 68 52 ali

1071 1150 103 55 quo
1130 1150 118 55 modo
1204 1150 148 55 opinio
1307 1150 103 55 sit
1366 1150 133 55 maior
1455 1150 133 55 fide:
1543 1150 103 55 hoc
1602 1150 207 55 frequenter
1765 1150 89 55 in
1794 1150 74 55 mul

1082 1189 150 46 itudine
1191 1189 177 46 rationum:
1327 1189 122 46 tamen
1409 1189 122 46 fides
1490 1189 95 46 est
1545 1189 122 46 supra
1626 1189 190 46 opinionem:
1762 1189 109 46 secun-

1067 1221 96 55 dum
1122 1221 164 55 Hugonem.
1245 1221 82 55 de
1286 1221 219 55 sacramentis.
1464 1221 109 55 lib.
1532 1221 96 55 ii.
1587 1221 137 55 parte.
1683 1221 82 55 x.
1724 1221 96 55 ca.
1778 1221 96 55 ii.
1819 1221 55 55 di

1075 1258 167 62 centem.
1197 1258 137 62 Fides
1288 1258 107 62 est
1349 1258 198 62 certitudo
1501 1258 137 62 animi
1592 1258 91 62 de
1638 1258 137 62 rebus
1714 1258 152 62 absenti-

1067 1292 98 56 bus
1123 1292 126 56 supra
1207 1292 197 56 opinionem:
1362 1292 84 56 et
1404 1292 141 56 infram
1503 1292 183 56 scientiam
1643 1292 211 56 constituta.
1798 1292 70 56 Non

1068 1328 132 60 potest
1160 1328 106 60 dici
1226 1328 106 60 quod
1292 1328 119 60 talis
1372 1328 145 60 notitia
1478 1328 93 60 sit
1530 1328 185 60 euidentia:
1676 1328 106 60 quia
1742 1328 93 60 hoc
1781 1328 93 60 natu-

1080 1376 137 48 raliter
1179 1376 125 48 haberi
1266 1376 87 48 non
1316 1376 125 48 potest
1403 1376 75 48 de
1441 1376 112 48 istis
1515 1376 125 48 tribus
1603 1376 62 48 /
1627 1376 100 48 deus
1690 1376 87 48 est
1739 1376 125 48 trinus
1814 1376 50 48 in

1079 1411 170 51 personis
1206 1411 85 51 et
1249 1411 113 51 vnus
1320 1411 85 51 in
1362 1411 184 51 essentia:
1504 1411 113 51 deus
1575 1411 99 51 est
1632 1411 213 51 incarnatus:
1788 1411 85 51 cor-

1073 1450 95 50 pus
1128 1450 149 50 christi
1236 1450 95 50 est
1290 1450 81 50 in
1331 1450 190 50 sacramento
1480 1450 217 50 eucharistie.
1656 1450 81 50 Si
1697 1450 108 50 enim
1751 1450 122 50 possent

1074 1488 156 49 rationes
1191 1488 195 49 naturaliter
1347 1488 208 49 acquiribiles
1515 1488 156 49 generare
1632 1488 195 49 euidentiam:
1775 1488 104 49 facile

1078 1522 125 49 esset
1162 1522 139 49 cogere
1259 1522 181 49 infideles
1398 1522 83 49 ad
1440 1522 195 49 credendum.
1593 1522 111 49 quod
1662 1522 97 49 est
1704 1522 125 49 falsum.

1228 1559 121 55 Irca
1304 1559 121 55 ista
1380 1559 212 55 dubitatur.
1546 1559 91 55 an
1592 1559 167 55 notitia
1698 1559 167 55 apprehen-

1237 1606 113 40 nua
1302 1606 97 40 et
1350 1606 195 40 adhesiua
1496 1606 292 40 distinguantur.
1756 1606 113 40 Secun

1227 1638 89 45 do
1272 1638 208 45 dubitatur:
1435 1638 134 45 vtrum
1524 1638 163 45 notitia
1643 1638 163 45 ahesiua
1762 1638 104 45 sit
1807 1638 74 45 dis

1223 1677 143 47 lsensus
1327 1677 169 47 oppositi:
1457 1677 78 47 et
1496 1677 117 47 vtrum
1574 1677 91 47 sit
1626 1677 195 47 propositio.
1795 1677 78 47 Ter-

1219 1703 91 58 tio
1271 1703 169 58 dubitatur
1401 1703 91 58 cum
1453 1703 156 58 quesitum
1570 1703 91 58 sit
1622 1703 78 58 in
1661 1703 130 58 titulo
1739 1703 117 58 questit

1075 1750 114 44 nis:
1146 1750 85 44 an
1188 1750 142 44 viator
1288 1750 142 44 potest
1387 1750 142 44 habere
1487 1750 185 44 euidentem
1629 1750 170 44 notitiam
1756 1750 85 44 de
1785 1750 85 44 veru

1072 1789 171 46 tatibus
1196 1789 248 46 theologicis:
1397 1789 124 46 quid
1475 1789 109 46 sit
1537 1789 155 46 vitas:
1676 1789 155 46 Quarto
1769 1789 93 46 dubi

1076 1822 126 50 tatur
1160 1822 84 50 an
1202 1822 154 50 notitia
1315 1822 211 50 abstractiua
1483 1822 98 50 dei
1539 1822 154 50 propria
1651 1822 140 50 possit
1736 1822 126 50 conicar

1068 1865 185 43 viatoris
1238 1865 93 43 Ad
1284 1865 139 43 istas
1377 1865 247 43 dubitationes
1577 1865 232 43 respondetur
1763 1865 108 43 per
1809 1865 62 43 or

1072 1902 130 44 dinem.
1163 1902 78 44 et
1202 1902 117 44 primo
1279 1902 78 44 ad
1318 1902 142 44 primam.
1422 1902 117 44 Palam
1499 1902 91 44 est
1551 1902 104 44 quod
1616 1902 91 44 est
1668 1902 130 44 aliqua
1745 1902 117 44 notitia

1069 1938 225 39 apprehensiua
1252 1938 113 39 quae
1322 1938 99 39 est
1379 1938 169 39 respectu
1505 1938 239 39 incomplexorum
1702 1938 155 39 notitia
1801 1938 70 39 ap-

1066 1976 205 44 prehensiua
1227 1976 102 44 est
1286 1976 176 44 respectu
1417 1976 219 44 cuiuscumque
1593 1976 176 44 potentis
1710 1976 161 44 terminare

1076 2016 103 44 actu
1141 2016 155 44 potentie
1257 2016 181 44 coguitiue:
1399 2016 103 44 siue
1464 2016 91 44 sit
1516 2016 168 44 complexum
1645 2016 103 44 siue
1697 2016 168 44 incomplexum

1069 2045 129 48 Actus
1155 2045 216 48 iudicatiuus
1327 2045 144 48 aliter
1428 2045 187 48 adhesiuus
1572 2045 101 48 est
1629 2045 129 48 actus
1715 2045 101 48 quo
1758 2045 101 48 assen

1071 2088 108 46 titur
1143 2088 84 46 vel
1191 2088 180 46 dissentitur
1335 2088 192 46 propositioni
1491 2088 96 46 vere
1551 2088 84 46 vel
1599 2088 120 46 false:
1683 2088 72 46 et
1719 2088 96 46 ille
1779 2088 84 46 est
1815 2088 48 46 so

1070 2123 92 40 lum
1123 2123 158 40 respectu
1241 2123 158 40 complexi
1360 2123 264 40 propositionalis.
1584 2123 92 40 Sed
1637 2123 79 40 an
1663 2123 198 40 apprehensiuus

1066 2161 82 44 et
1107 2161 178 44 adhesiuus
1244 2161 164 44 respectu
1368 2161 151 44 eiusdem
1477 2161 164 44 complexi
1601 2161 247 44 distinguantur:
1792 2161 69 44 est

1079 2199 113 46 naior
1155 2199 200 46 difficultas.
1317 2199 75 46 Et
1355 2199 138 46 dicitur
1455 2199 75 46 in
1493 2199 138 46 primis:
1593 2199 100 46 quod
1655 2199 88 46 est
1705 2199 125 46 aliqua
1780 2199 88 46 noti-

1066 2238 100 48 tia
1123 2238 229 48 apprehensiua
1309 2238 171 48 respectu
1437 2238 171 48 complexi
1566 2238 186 48 distincta
1709 2238 86 48 ab
1737 2238 129 48 adhesi-

1070 2274 75 45 ua
1108 2274 151 45 eiusdem.
1221 2274 100 45 quod
1284 2274 125 45 patet:
1372 2274 100 45 quia
1434 2274 125 45 oblata
1522 2274 100 45 mihi
1585 2274 88 45 vna
1635 2274 201 45 propositione
1786 2274 75 45 neu-

1065 2310 102 44 tra
1124 2310 102 44 eam
1182 2310 219 44 apprehendo:
1357 2310 88 44 et
1401 2310 131 44 tamen
1489 2310 88 44 ei
1532 2310 102 44 non
1591 2310 190 44 assentio:
1737 2310 117 44 ergo
1795 2310 73 44 vna

1076 2347 155 45 starum
1185 2347 217 45 notitiarum
1356 2347 109 45 est
1418 2347 93 45 ab
1464 2347 124 45 alia
1542 2347 233 45 separabilis
1713 2347 155 45 respectu

1073 2389 165 37 eiusdem:
1197 2389 83 37 et
1239 2389 138 37 quando
1335 2389 152 37 incipio
1445 2389 110 37 illi
1514 2389 234 37 propositionim
1694 2389 165 37 assentire:

1070 2425 95 44 non
1125 2425 150 44 videtur
1234 2425 109 44 quod
1302 2425 122 44 prior
1383 2425 218 44 apprehensiua
1560 2425 218 44 corrumpatur:
1737 2425 95 44 cum
1777 2425 82 44 nul-

1066 2458 85 46 la
1108 2458 99 46 sit
1165 2458 212 46 repugnantia
1335 2458 127 46 inter
1420 2458 127 46 illas
1505 2458 184 46 notitias:
1647 2458 113 46 ergo
1717 2458 127 46 simul
1788 2458 71 46 ma-

1076 2498 140 41 nent.
1170 2498 93 41 Ex
1216 2498 109 41 quo
1279 2498 171 41 apparet
1403 2498 124 41 quod
1481 2498 249 41 apprehensiua
1683 2498 93 41 et
1714 2498 156 41 adhesiua

1076 2539 160 40 respectu
1196 2539 227 40 propositionis
1383 2539 94 40 per
1436 2539 80 40 se
1477 2539 107 40 note
1543 2539 241 40 distinguuntur.
1744 2539 120 40 licet
1811 2539 53 40 in

1067 2572 118 46 primo
1146 2572 158 46 instanti
1264 2572 92 46 quo
1317 2572 105 46 illa
1382 2572 105 46 mihi
1448 2572 158 46 offertur
1567 2572 79 46 ei
1606 2572 171 46 assentiam
1738 2572 92 46 due
1777 2572 92 46 erunt

1076 2613 145 44 notitie
1182 2613 66 44 /
1208 2613 132 44 quarum
1301 2613 93 44 vna
1353 2613 159 44 scilicet
1473 2613 212 44 apprehensiua
1644 2613 93 44 est
1697 2613 119 44 prior
1763 2613 93 44 porio

1072 2644 122 50 tate
1148 2644 168 50 naturae
1270 2644 198 50 adhesiua.
1423 2644 92 50 Si
1468 2644 122 50 vero
1545 2644 168 50 ponamus
1651 2644 214 50 separationem

1073 2680 154 56 istarum
1185 2680 196 56 notitiarum
1339 2680 168 56 respectu
1465 2680 238 56 propositionis
1661 2680 154 56 neutre:
1773 2680 98 56 non
1815 2680 56 56 vi
