2368 3348
218 285 90 63 tes
270 285 193 63 geometrice.
424 285 103 63 quod
488 285 103 63 tota
553 285 142 63 desinet
656 285 103 63 esse
720 285 103 63 alba
784 285 116 63 patet
862 285 103 63 quia
913 285 103 63 addan-

225 341 99 47 tur
282 341 170 47 quattuor
409 341 142 47 gradus
509 341 128 47 prime
594 341 213 47 pedalitati:
765 341 85 47 ia
807 341 114 47 tota
878 341 114 47 illa
935 341 71 47 pe-

216 378 162 44 dalitas
334 378 103 44 est
393 378 118 44 alba
466 378 88 44 vt
510 378 191 44 duodecim:
657 378 162 44 addatur
775 378 162 44 secunde
877 378 118 44 pedali

224 418 107 41 tati
290 418 133 41 albedo
384 418 80 41 vt
424 418 107 41 duo:
490 418 133 41 tertie
584 418 187 41 pedalitati
730 418 80 41 vt
770 418 120 41 vnum:
850 418 80 41 et
890 418 93 41 sic
930 418 80 41 con-

217 449 183 51 sequenter
357 449 98 51 iam
414 449 84 51 in
456 449 112 51 fine
526 449 98 51 hec
582 449 141 51 albedo
681 449 155 51 nullius
793 449 112 51 erit
849 449 155 51 intensio-

212 490 114 51 nis.
283 490 71 51 ⁋
312 490 143 51 Potest
412 490 172 51 quispiam
541 490 100 51 hic
598 490 172 51 bifariam
726 490 214 51 respondere:
884 490 114 51 vnomo.

218 524 78 48 do
257 524 181 48 concedendo
399 524 155 48 illatum:
516 524 91 48 nec
568 524 91 48 hoc
619 524 181 48 inconuenit
762 524 129 48 quando
853 524 91 48 est
891 524 104 48 diffor

221 562 89 51 mis
272 562 140 51 additio
374 562 77 51 in
413 562 166 51 infinitis
540 562 153 51 secundum
655 562 204 51 extensionem.
821 562 102 51 Dixi
872 562 128 51 secundum

221 607 204 36 extensionem.
387 607 77 36 si
426 607 102 36 enim
489 607 115 36 esset
566 607 153 36 infinita
681 607 153 36 intensio
796 607 166 36 remouendo
911 607 102 36 quali-

221 638 142 43 tatem
316 638 205 43 difformem
474 638 126 43 tota
553 638 205 43 remanebit
710 638 205 43 infinita.
868 638 79 43 ⁋
884 638 126 43 Potest

213 681 119 39 etiam
292 681 106 39 dici
359 681 106 39 quod
425 681 146 39 dummodo
531 681 119 39 linea
611 681 133 39 fuerit
703 681 159 39 alicuius
823 681 119 39 certe
889 681 106 39 inten-

210 709 149 50 sionis
314 709 119 50 pius
389 709 164 50 propter
508 709 209 50 additionem
672 709 104 50 non
732 709 179 50 variatur
851 709 149 50 intensio

220 753 157 46 praecedens
343 753 101 46 cuius
410 753 101 46 prius
477 753 101 46 erat.
544 753 101 46 ratio
611 753 90 46 est:
667 753 90 46 quia
723 753 101 46 totum
790 753 90 46 erat
846 753 101 46 album
913 753 67 46 vt
936 753 67 46 octo

207 784 73 44 et
243 784 110 44 nulla
316 784 146 44 qualitas
426 784 146 44 alicuius
535 784 183 44 intensionis
682 784 85 44 est
730 784 134 44 addita:
828 784 97 44 ergo
888 784 97 44 tota
949 784 73 44 ad

214 821 96 47 huc
269 821 179 47 remanebit
407 821 82 47 vt
448 821 124 47 octo.
530 821 124 47 secus
613 821 96 47 est
667 821 137 47 quando
764 821 110 47 erat
818 821 179 47 difformitas

212 865 178 41 totaliter:
352 865 127 41 quando
441 865 89 41 nec
492 865 114 41 totum
568 865 89 41 nec
619 865 102 41 pars
683 865 127 41 potest
772 865 165 41 assignari
886 865 102 41 alicui

218 901 189 41 intensionis
370 901 126 41 certe.
458 901 63 41 ⁋
483 901 76 41 Et
521 901 101 41 hanc
584 901 215 41 consequentiam
761 901 114 41 nego:
837 901 151 41 quelibet
938 901 63 41 pe-

213 932 135 48 dalitas
311 932 86 48 est
360 932 123 48 maiori
446 932 184 48 intensionis
593 932 98 48 quam
654 932 110 48 paius
727 932 110 48 erat:
801 932 98 48 ergo
862 932 110 48 totum
923 932 74 48 erit

207 971 133 44 maioris
304 971 194 44 intensionis.
462 971 133 44 oportet
559 971 97 44 enim
619 971 121 44 addere
704 971 73 44 in
740 971 133 44 atetee:
837 971 73 44 et
874 971 97 44 prit
922 971 73 44 vni-

206 1007 126 50 formis
294 1007 151 50 reductio
407 1007 113 50 fieri
483 1007 88 50 per
533 1007 126 50 totum.
621 1007 63 50 ⁋
646 1007 88 50 Sed
696 1007 126 50 contra
784 1007 163 50 quaelibet
897 1007 101 50 quali-

205 1043 98 45 tas
261 1043 183 45 difformis
402 1043 141 45 potest
500 1043 141 45 reduci
598 1043 84 45 in
641 1043 183 45 vniformem
781 1043 197 45 infinitam:
922 1043 84 45 ergo

207 1083 141 41 quelibet
313 1083 106 41 talis
383 1083 82 41 est
430 1083 153 41 infinita.
548 1083 153 41 Atecedens
665 1083 117 41 patet:
747 1083 94 41 quia
806 1083 82 41 per
841 1083 153 41 penetratio-

204 1125 106 38 nem
264 1125 167 38 partium
386 1125 136 38 simul
477 1125 76 38 (
507 1125 91 38 vt
552 1125 167 38 diximus
674 1125 91 38 de
719 1125 182 38 albedine
856 1125 91 38 in
886 1125 106 38 sacra

211 1153 126 52 mento
295 1153 211 52 eucharistie
464 1153 141 52 potest
562 1153 126 52 fieri
647 1153 141 52 albedo
745 1153 169 52 infinite
857 1153 141 52 intensa.

213 1197 62 42 ⁋
237 1197 198 42 Respondetur:
399 1197 99 42 quia
461 1197 87 42 hoc
510 1197 87 42 non
560 1197 149 42 sufficit
672 1197 99 42 quia
734 1197 124 42 nullam
820 1197 174 42 qualitatem
944 1197 50 42 ex

207 1229 129 43 tensam
297 1229 167 43 difformem
426 1229 90 43 sic
477 1229 193 43 reputaremus
632 1229 154 43 finitam:
748 1229 90 43 nec
799 1229 154 43 sufficit
902 1229 90 43 trans

205 1269 152 49 positio
316 1269 165 49 capiendo
440 1269 138 49 corpus
536 1269 179 49 infinitum
674 1269 165 49 orientem
798 1269 138 49 versus
881 1269 110 49 vnifor

214 1308 127 40 miter
299 1308 127 40 albu:
383 1308 85 40 et
426 1308 155 40 ponendo
538 1308 85 40 in
581 1308 127 40 prima
665 1308 198 40 pedalitate
821 1308 183 40 albedinem
948 1308 56 40 vt

218 1343 92 44 vnum:
279 1343 62 44 in
310 1343 113 44 secunda
392 1343 62 44 vt
423 1343 123 44 dimidium
516 1343 62 44 et
546 1343 72 44 sic
587 1343 175 44 consequenter:
731 1343 82 44 pret
783 1343 62 44 ei
813 1343 82 44 esse
865 1343 92 44 talis
916 1343 72 44 dispo

208 1384 108 41 sitio
280 1384 96 41 quod
340 1384 96 41 tota
399 1384 120 41 albedo
483 1384 96 41 erit
543 1384 155 41 infinita.
662 1384 120 41 patet:
746 1384 96 41 quia
806 1384 72 41 si
842 1384 96 41 deus
889 1384 108 41 caperet

207 1413 158 45 albedines
328 1413 73 45 in
365 1413 133 45 secunda
462 1413 121 45 quarta
546 1413 73 45 et
583 1413 109 45 sexta
656 1413 73 45 et
692 1413 85 45 sic
740 1413 170 45 alternatim
874 1413 73 45 in
898 1413 97 45 partia

206 1453 89 47 bus
257 1453 140 47 paribus
359 1453 77 47 et
398 1453 140 47 poneret
500 1453 77 47 in
538 1453 115 47 prima
614 1453 191 47 pedalitate:
767 1453 89 47 iam
818 1453 77 47 in
857 1453 102 47 illa
908 1453 89 47 esset

206 1492 126 44 albedo
295 1492 151 44 infinita
408 1492 176 44 intensiue.
547 1492 113 44 praet
622 1492 113 44 etiam
698 1492 151 44 vlterius
811 1492 126 44 capere
887 1492 113 44 albedi-

207 1526 86 43 nem
256 1526 86 43 in.
305 1526 98 43 vii.
366 1526 74 43 ix
403 1526 74 43 et
440 1526 74 43 xi
477 1526 98 43 etc.
538 1526 135 43 ponendo
636 1526 74 43 in
673 1526 135 43 secunda
771 1526 184 43 pedalitate:
918 1526 74 43 et
943 1526 49 43 si

207 1565 127 47 secunda
300 1565 150 47 pedalitas
415 1565 92 47 erit
472 1565 138 47 infinite
576 1565 138 47 intensa:
680 1565 69 47 et
714 1565 81 47 sic
761 1565 104 47 praet
830 1565 104 47 fieri
887 1565 104 47 disposi

203 1596 82 46 tio
250 1596 94 46 quod
309 1596 176 46 conflabitur
449 1596 70 46 ex
484 1596 164 46 huaiusmodi
613 1596 176 46 albedinibus
754 1596 141 46 qualitas
847 1596 141 46 infinita:.

207 1641 88 41 hoc
257 1641 113 41 patet
332 1641 150 41 materiam
444 1641 75 41 de
482 1641 150 41 infinito
594 1641 213 41 intelligenti:
769 1641 88 41 non
819 1641 113 41 tamen
882 1641 113 41 ponimus

208 1676 103 43 talem
276 1676 161 43 qualitatem
403 1676 161 43 infinitam.
529 1676 115 43 potest
610 1676 92 43 enim
667 1676 92 43 deus
725 1676 115 43 facere
805 1676 92 43 quod
863 1676 103 43 totum
920 1676 69 43 eri-

205 1715 122 41 album
287 1715 81 41 vt
327 1715 163 41 sexdecim
449 1715 95 41 vel
503 1715 95 41 vt.
558 1715 135 41 xxxii.
652 1715 95 41 vel
707 1715 108 41 alit
774 1715 122 41 sicut
856 1715 81 41 ei
883 1715 108 41 placet

207 1755 74 41 Si
244 1755 86 41 sit
293 1755 98 41 ergo
354 1755 135 41 aliquae
452 1755 160 41 quaelitas
575 1755 160 41 vniformis
698 1755 74 41 et
734 1755 74 41 ei
771 1755 196 41 coextendatur
918 1755 74 41 qua-

204 1785 123 46 litas
286 1785 178 46 difformis
423 1785 178 46 infinita:
560 1785 150 46 manebit
669 1785 150 46 eiusdem
778 1785 205 46 intensionis
929 1785 68 46 si-

201 1823 93 53 cut
254 1823 120 53 prius
334 1823 120 53 erat:
414 1823 107 53 quia
480 1823 120 53 nulla
560 1823 120 53 certa
640 1823 160 53 intensio
760 1823 93 53 est
813 1823 147 53 addita.
920 1823 67 53 ⁋
933 1823 67 53 Sed

213 1869 128 33 contra:
307 1869 70 33 si
342 1869 82 33 sit
388 1869 117 33 corpus
470 1869 140 33 alicuius
575 1869 175 33 intensionis
714 1869 105 33 certe
784 1869 58 33 e
808 1869 70 33 ei
843 1869 128 33 addatur
924 1869 70 33 qua-

212 1900 117 43 litas
290 1900 169 43 difformis
420 1900 143 43 finita:
524 1900 117 43 totum
602 1900 143 43 manebit
705 1900 182 43 intensius:
848 1900 104 43 ergo
900 1900 91 43 adden

205 1933 76 47 do
243 1933 101 47 vnum
307 1933 127 47 gradum
395 1933 114 47 corpi
471 1933 101 47 albo
535 1933 76 47 vt
573 1933 101 47 octo
636 1933 63 47 /
662 1933 114 47 totum
738 1933 101 47 erit
801 1933 165 47 intensius
915 1933 76 47 quam

213 1979 72 36 vt
249 1979 107 36 octo:
320 1979 72 36 et
356 1979 143 36 quaritur
463 1979 107 36 quate
535 1979 95 36 erit
595 1979 191 36 intensionis:
750 1979 60 36 ⁋
773 1979 72 36 Si
809 1979 131 36 dicatur
893 1979 95 36 infini

201 2007 71 43 te
237 2007 94 43 quia
296 2007 118 43 potest
378 2007 71 43 ad
413 2007 106 43 illam
484 2007 130 43 reduci:
578 2007 94 43 tunc
637 2007 153 43 quaelibet
755 2007 153 43 difformis
873 2007 94 43 erit
920 2007 71 43 infi

207 2046 116 45 nita.
284 2046 64 45 ⁋
310 2046 141 45 Dicitur
413 2046 103 45 quod
477 2046 141 45 manebit
580 2046 141 45 eiusdem
683 2046 193 45 intensionis
837 2046 116 45 sicut
901 2046 90 45 priuo

210 2083 107 45 erat:
282 2083 72 45 ro
317 2083 95 45 est:
377 2083 95 45 quia
437 2083 95 45 ante
496 2083 95 45 erat
556 2083 179 45 intensionis
699 2083 72 45 vt
735 2083 107 45 octo:
806 2083 72 45 et
842 2083 131 45 aliquid
925 2083 72 45 quod

204 2119 91 42 non
256 2119 130 42 potest
347 2119 143 42 reddere
451 2119 143 42 aliquam
555 2119 221 42 denoinationem
738 2119 156 42 respectu
855 2119 130 42 illius
933 2119 65 42 to-

206 2158 107 45 tius
273 2158 161 45 finities
393 2158 134 45 sumptu
487 2158 94 45 est
541 2158 161 45 additum:
662 2158 121 45 totum
742 2158 134 45 igitur
836 2158 148 45 manebit
930 2158 67 45 ita

207 2194 108 46 album
279 2194 72 46 in
315 2194 192 46 denoinatione
472 2194 108 46 sicut
544 2194 96 46 erat
604 2194 96 46 ante
664 2194 108 46 illum
736 2194 132 46 gradum.
833 2194 72 46 et
869 2194 108 46 eodem
929 2194 72 46 modo

200 2233 151 41 addendo
310 2233 192 41 quoscumque
461 2233 137 41 gradus
557 2233 164 41 finitos:
680 2233 82 41 et
721 2233 96 41 sic
776 2233 96 41 duo
831 2233 137 41 gradus
926 2233 96 41 add

207 2266 72 43 ti
243 2266 132 43 faciunt
339 2266 120 43 eandem
423 2266 204 43 denoinationem
591 2266 84 43 cum
640 2266 120 43 tribus
724 2266 168 43 quaettuor:
856 2266 72 43 et
892 2266 84 43 sic
928 2266 72 43 sine

208 2306 122 47 statu
290 2306 122 47 citra
371 2306 189 47 infinitum.
519 2306 68 47 ⁋
546 2306 95 47 Quo
600 2306 95 47 fit
654 2306 108 47 quod
722 2306 108 47 vnum
789 2306 135 47 corpus
870 2306 122 47 manebi-

199 2348 96 40 per
254 2348 109 40 vnam
322 2348 123 40 horam
404 2348 164 40 vniforme
527 2348 82 40 vt
568 2348 109 40 octo
636 2348 82 40 in
677 2348 232 40 denoinatione:
868 2348 82 40 et
909 2348 82 40 in
936 2348 55 40 in

205 2378 119 41 stanti
289 2378 167 41 terminante
420 2378 107 41 horam
491 2378 95 41 erit
551 2378 72 41 vt
587 2378 107 41 nouem
658 2378 83 41 vel
706 2378 119 41 decem:
789 2378 72 41 et
825 2378 107 41 tamen
897 2378 72 41 in
920 2378 72 41 illo

201 2416 149 45 instanti
312 2416 112 45 nihil
387 2416 99 45 illi
449 2416 112 45 corpi
523 2416 149 45 addetur.
635 2416 112 45 patet
710 2416 112 45 dando
784 2416 124 45 corpus
858 2416 137 45 infinitum

193 2458 170 37 orientem
320 2458 141 37 versus
419 2458 198 37 terminatum
574 2458 155 37 parisii
687 2458 170 37 vniforme
814 2458 99 37 per
871 2458 127 37 totum
942 2458 57 37 vt

194 2491 111 45 octo
264 2491 83 45 in
305 2491 167 45 qualibet
431 2491 125 45 parte
514 2491 237 45 proportionali
709 2491 111 45 hore
778 2491 195 45 sequentis:
918 2491 83 45 adda

192 2528 105 42 tur
252 2528 120 42 vnus
327 2528 150 42 gradus
431 2528 195 42 albedinis
581 2528 120 42 illi
656 2528 165 42 corpori
776 2528 195 42 minoribus
910 2528 90 42 par-

198 2563 119 39 tibus
277 2563 185 39 terminatis
422 2563 79 39 ad
462 2563 119 39 finem
541 2563 119 39 hore:
620 2563 105 39 tunc
686 2563 79 39 in
725 2563 158 39 instanti
831 2563 158 39 terminante

189 2601 117 38 illam
267 2601 117 38 horam
345 2601 117 38 verum
424 2601 91 38 est
476 2601 143 38 dicere:
580 2601 117 38 illud
658 2601 130 38 corpus
749 2601 91 38 est
802 2601 117 38 album
880 2601 78 38 vt
906 2601 91 38 neuem

187 2639 87 44 et
231 2639 189 44 immediate
376 2639 116 44 ante
449 2639 116 44 erat
521 2639 87 44 vt
565 2639 131 44 octo:
652 2639 160 44 anullus
768 2639 102 44 est
826 2639 145 44 gradus
928 2639 87 44 ad

196 2670 131 49 ditus
284 2670 87 49 in
327 2670 102 49 hoc
385 2670 189 49 instanti.
530 2670 131 49 Eodem
618 2670 116 49 modo
690 2670 145 49 potest
792 2670 145 49 deduci
879 2670 116 49 adden-

187 2711 91 65 do
232 2711 122 65 duos
309 2711 152 65 gradus
415 2711 107 65 vel
476 2711 244 65 quantoslibet
674 2711 168 65 plures.
796 2711 76 65 ⁋
826 2711 107 65 Sed
872 2711 122 65 contra

1063 290 98 51 hoc
1119 290 209 51 argumentor.
1286 290 98 51 hoc
1342 290 98 51 non
1398 290 126 51 praet
1481 290 153 51 saluare
1593 290 126 51 casum
1663 290 181 51 substrahen-

1061 340 67 38 do
1094 340 90 38 vnum
1150 340 123 38 gradum:
1240 340 90 38 ergo
1296 340 101 38 modus
1363 340 123 38 ponendi
1452 340 78 38 est
1497 340 123 38 nullus.
1587 340 157 38 antecedens
1710 340 112 38 patet:
1777 340 67 38 quia

1058 373 116 40 detur
1136 373 129 40 corpus
1226 373 116 40 album
1304 373 78 40 vt
1342 373 103 40 octo
1407 373 168 40 infinitum
1536 373 207 40 vniformiter:
1704 373 78 40 et
1730 373 116 40 substra

1051 410 125 41 hatur
1134 410 69 41 a
1162 410 125 41 prima
1246 410 195 41 pedalitate
1398 410 83 41 in
1440 410 153 41 extremo
1551 410 153 41 finito:
1662 410 97 41 vel
1718 410 69 41 a
1732 410 111 41 quacum

1059 447 86 47 que
1108 447 98 47 alia
1169 447 172 47 pedalitate
1304 447 98 47 vnus
1365 447 135 47 gradus:
1463 447 86 47 iam
1512 447 110 47 totum
1586 447 123 47 corpus
1671 447 86 47 non
1720 447 86 47 est
1757 447 86 47 album

1059 483 87 45 vt.
1108 483 112 45 viii.
1183 483 124 45 quando
1269 483 99 45 vnus
1331 483 124 45 gradus
1418 483 87 45 est
1468 483 149 45 ablatus:
1580 483 74 45 et
1617 483 87 45 est
1666 483 149 45 latitudo
1766 483 74 45 difi

1061 523 151 46 formis:
1171 523 82 46 et
1212 523 96 46 non
1267 523 123 46 potes
1349 523 96 46 ire
1404 523 82 46 ad
1445 523 110 46 quem
1514 523 137 46 gradum
1610 523 137 46 medium
1706 523 123 46 illud
1774 523 69 46 ha-

1057 557 80 46 bet
1102 557 125 46 reduci:
1193 557 137 46 igister.
1296 557 57 46 ⁋
1319 557 171 46 Respondetur
1456 557 91 46 quod
1512 557 103 46 totum
1581 557 103 46 illud
1649 557 114 46 corpus
1729 557 103 46 adhuc
1786 557 57 46 est

1056 594 110 51 album
1129 594 73 51 vt
1165 594 110 51 octo.
1238 594 73 51 et
1275 594 110 51 ratio
1348 594 97 51 est:
1409 594 97 51 quia
1470 594 110 51 prius
1543 594 97 51 erat
1604 594 110 51 album
1677 594 73 51 vt
1713 594 97 51 octo
1774 594 61 51 a
1786 594 61 51 est

1060 635 135 45 ablatum
1158 635 110 45 solum
1231 635 135 45 aliquid
1329 635 98 45 quod
1390 635 147 45 finities
1500 635 135 45 sumptum
1598 635 86 45 non
1647 635 122 45 potest
1721 635 122 45 denoiare

1051 669 147 44 totum:
1154 669 117 44 ergo
1227 669 161 44 ablatio
1345 669 132 44 vnius
1433 669 147 44 gradus
1535 669 132 44 nihil
1623 669 132 44 facit
1711 669 88 44 ad
1740 669 103 44 deno-

1058 712 189 45 minationem
1207 712 149 45 totius:
1315 712 108 45 ergo
1383 712 149 45 manebit
1491 712 81 45 in
1532 712 122 45 eadem
1613 712 230 45 denominatione
1789 712 54 45 in

1055 746 95 44 qua
1110 746 122 44 prius
1191 746 109 44 erat
1259 746 82 44 vt
1300 746 122 44 octo:
1382 746 109 44 ergo
1450 746 109 44 nunc
1518 746 95 44 est
1572 746 82 44 vt
1613 746 122 44 octo:
1694 746 82 44 et
1735 746 82 44 in
1762 746 82 44 qua-

1053 777 138 44 libet
1145 777 138 44 parte
1236 777 260 44 proportionali
1451 777 199 44 auferetur
1604 777 92 44 ab
1650 777 107 44 vna
1696 777 153 44 pedalita

1054 819 85 42 te
1096 819 113 42 vnus
1167 819 155 42 gradus:
1280 819 99 42 per
1336 819 127 42 totam
1421 819 127 42 horam
1506 819 141 42 corpus
1605 819 155 42 manebit
1718 819 127 42 album
1788 819 57 42 vt

1056 858 120 43 octo:
1136 858 80 43 et
1176 858 80 43 in
1216 858 160 43 instanti
1336 858 187 43 terminante
1483 858 120 43 horam
1563 858 120 43 esset
1643 858 120 43 primo
1723 858 120 43 album
1790 858 53 43 vt

1050 889 106 48 vii.
1116 889 79 48 et
1156 889 119 48 nihil
1235 889 119 48 esset
1314 889 106 48 tunc
1380 889 159 48 ablatum.
1499 889 79 48 Et
1539 889 79 48 si
1579 889 119 48 ponas
1658 889 106 48 quod
1724 889 79 48 in
1750 889 93 48 prima

1052 926 128 50 parte
1137 926 241 50 proportionali
1335 926 184 50 tollantur
1477 926 128 50 omnes
1562 926 142 50 gradus
1662 926 71 50 a
1690 926 128 50 prima
1761 926 85 50 peda

1049 961 139 51 litate:
1150 961 76 51 et
1188 961 76 51 in
1226 961 139 51 secunda
1327 961 113 51 parte
1402 961 214 51 proportionali
1578 961 176 51 auferantur
1717 961 113 51 omnes
1780 961 63 51 gra

1057 1007 78 43 dus
1101 1007 145 43 albedinis
1213 1007 56 43 a
1235 1007 123 43 secunda
1325 1007 167 43 pedalitate:
1459 1007 67 43 et
1492 1007 78 43 sic
1537 1007 179 43 consequenter
1682 1007 67 43 po
1715 1007 100 43 omnes
1771 1007 67 43 paer

1051 1041 96 44 tes
1106 1041 247 44 proportionales
1312 1041 123 44 vnius
1394 1041 110 44 hore
1462 1041 123 44 totum
1545 1041 151 44 manebit
1654 1041 123 44 album
1736 1041 82 44 vt
1764 1041 82 44 octo

1051 1075 83 51 et
1093 1075 83 51 in
1134 1075 167 51 instanti
1260 1075 195 51 terminante
1412 1075 125 51 horam
1496 1075 139 51 corpus
1593 1075 97 51 non
1649 1075 153 51 manebit
1746 1075 97 51 album

1057 1114 96 46 nec
1112 1114 192 46 coloratum:
1263 1114 110 46 quia
1331 1114 137 46 nullum
1427 1114 151 46 colorem
1537 1114 151 46 habebit
1646 1114 82 46 ex
1687 1114 123 46 casu.
1770 1114 68 46 ⁋
1783 1114 55 46 Et

1058 1154 95 45 his
1113 1154 135 45 patent
1207 1154 149 45 aliqua.
1316 1154 135 45 primum
1411 1154 108 45 quod
1478 1154 149 45 intesio
1587 1154 190 45 qualitatis
1722 1154 122 45 vnifor-

1060 1188 90 50 mis
1112 1188 90 50 est
1163 1188 181 50 accipienda
1306 1188 155 50 secundum
1422 1188 129 50 formam
1512 1188 90 50 qua
1564 1188 129 50 habet:
1654 1188 90 50 sed
1706 1188 129 50 quando
1783 1188 65 50 est

1057 1232 170 37 extensio
1184 1232 99 37 per
1241 1232 184 37 subiectum
1383 1232 184 37 infinitum
1525 1232 99 37 est
1582 1232 128 37 maior
1653 1232 184 37 difficultas

1052 1262 75 49 Et
1090 1262 188 49 multifariam
1241 1262 125 49 potest
1329 1262 151 49 quispiam
1441 1262 125 49 dicere
1529 1262 100 49 quod
1592 1262 75 49 in
1630 1262 138 49 talibus
1718 1262 125 49 respicia

1056 1301 91 45 tur
1108 1301 78 45 ad
1147 1301 183 45 qualitatem
1291 1301 222 45 intensissimam
1474 1301 105 45 quam
1539 1301 131 45 corpus
1631 1301 131 45 habet:
1722 1301 78 45 et
1748 1301 105 45 discri

1058 1336 89 47 men
1109 1336 89 47 est
1160 1336 63 47 a
1185 1336 152 47 finitis:
1299 1336 101 47 quia
1362 1336 89 47 non
1413 1336 127 47 potest
1501 1336 101 47 dari
1565 1336 114 47 certa
1641 1336 165 47 reductio:
1767 1336 76 47 vt
1792 1336 51 47 da

1051 1377 85 41 ta
1093 1377 184 41 qualitate
1235 1377 85 41 vt
1277 1377 113 41 octo
1348 1377 85 41 in
1390 1377 127 41 prima
1475 1377 198 41 pedalitate
1631 1377 85 41 et
1673 1377 170 41 quattuor
1786 1377 57 41 in

1054 1416 132 42 secunda:
1153 1416 66 42 et
1186 1416 77 42 sic
1230 1416 176 42 consequenter
1374 1416 66 42 in
1407 1416 99 42 linea
1473 1416 143 42 infinita:
1583 1416 77 42 hec
1627 1416 88 42 tota
1683 1416 77 42 est
1716 1416 121 42 qualifica

1046 1446 81 44 ta
1086 1446 81 44 vt
1126 1446 121 44 octo:
1207 1446 162 44 absurdum
1329 1446 108 44 enim
1396 1446 202 44 reputaretur
1558 1446 135 44 corpus
1652 1446 94 44 per
1706 1446 121 44 totum
1774 1446 67 44 ha-

1045 1483 110 48 bere
1114 1483 151 48 colorem
1223 1483 82 48 et
1265 1483 123 48 ipsum
1347 1483 96 48 non
1402 1483 123 48 posse
1484 1483 178 48 denoinare
1621 1483 110 48 suum
1676 1483 164 48 subiectum:

1052 1523 80 45 et
1092 1523 134 45 satius
1186 1523 94 45 est
1239 1523 134 45 habere
1333 1523 134 45 oculum
1427 1523 80 45 ad
1467 1523 228 45 intensissimum
1655 1523 107 45 quam
1722 1523 80 45 ad
1749 1523 94 45 aliud

1060 1560 180 44 extremum:
1199 1560 111 44 quia
1268 1560 139 44 nullum
1365 1560 97 44 est
1421 1560 194 44 remissimum
1573 1560 83 44 in
1615 1560 139 44 aliqua
1698 1560 139 44 pedalita

1045 1604 88 37 te
1089 1604 103 37 vel
1148 1604 147 37 parte.
1251 1604 103 37 Tum
1310 1604 147 37 secudo
1413 1604 221 37 perfectius:
1590 1604 88 37 in
1619 1604 221 37 coordinatione

1046 1631 140 49 debet
1140 1631 124 49 esse
1218 1631 171 49 mensura
1342 1631 156 49 totius
1451 1631 156 49 citius
1560 1631 124 49 quam
1622 1631 218 49 imperfectius

1052 1669 66 48 ⁋
1078 1669 145 48 Secundo
1184 1669 132 48 potest
1276 1669 105 48 quis
1342 1669 132 48 dicere
1434 1669 105 48 quod
1500 1669 79 48 in
1540 1669 198 48 difformibus
1685 1669 158 48 respicien-

1048 1712 82 43 du
1089 1712 96 43 est
1144 1712 82 43 ad
1185 1712 151 43 maximam
1295 1712 206 43 intensionem
1460 1712 220 43 reducibilem:
1638 1712 82 43 et
1679 1712 96 43 sic
1721 1712 123 43 poneret

1050 1744 160 51 quamlibet
1173 1744 111 51 talem
1247 1744 173 51 infinitam:
1383 1744 74 51 et
1420 1744 86 51 hoc
1469 1744 123 51 potest
1556 1744 99 51 esse
1617 1744 123 51 duobus
1704 1744 123 51 modis:
1790 1744 86 51 vel

1056 1784 157 43 reducendo
1177 1784 84 43 per
1225 1784 193 43 penetratione
1382 1784 145 43 pertium:
1490 1784 72 43 et
1526 1784 84 43 sic
1575 1784 121 43 potest
1659 1784 121 43 dicere
1731 1784 109 43 quamli-

1052 1818 94 47 bet
1105 1818 188 47 qualitatem
1253 1818 174 47 difformem
1387 1818 80 47 in
1427 1818 121 47 corpe
1508 1818 134 47 finito
1602 1818 67 47 a
1628 1818 161 47 infinito
1736 1818 107 47 inten-

1049 1862 126 40 sionis
1138 1862 164 40 infinite:
1264 1862 89 40 vel
1315 1862 126 40 dicere
1403 1862 101 40 quod
1467 1862 89 40 non
1517 1862 126 40 eundum
1606 1862 89 40 est
1656 1862 76 40 ad
1682 1862 164 40 penetratio-

1053 1897 99 43 nem:
1115 1897 87 43 sed
1164 1897 149 43 sufficit
1276 1897 174 43 quaecumque
1412 1897 149 43 reductio
1524 1897 99 43 alia
1586 1897 136 43 dummodo
1685 1897 87 43 est
1722 1897 124 43 extensio

1063 1937 134 41 partium.
1163 1937 56 41 ⁋
1185 1937 111 41 Potest
1263 1937 134 41 quispiam
1364 1937 111 41 dicere
1442 1937 178 41 consequenter
1587 1937 100 41 sicut
1654 1937 123 41 diximus
1743 1937 67 41 in
1765 1937 78 41 ppro-

1058 1965 129 48 cessu
1144 1965 244 48 argumentorum:
1345 1965 86 48 et
1388 1965 129 48 illud
1474 1965 115 48 magi
1546 1965 244 48 amplectiniur.
1747 1965 72 48 ⁋
1775 1965 100 48 Sed

1060 2002 127 49 dices
1144 2002 141 49 adhuc:
1243 2002 155 49 ponamus
1356 2002 183 49 infinitos
1497 2002 141 49 gradus
1595 2002 183 49 albedinis
1736 2002 85 49 in
1764 2002 85 49 pri-

1054 2045 85 42 ma
1096 2045 197 42 pedalitate
1251 2045 127 42 linee
1336 2045 169 42 infinite
1463 2045 127 42 nulla
1547 2045 169 42 albedine
1674 2045 183 42 existente
1801 2045 42 42 i

1062 2084 119 39 aliis:
1146 2084 143 39 quaritur
1253 2084 119 39 quante
1337 2084 179 39 intensionis
1480 2084 84 39 est
1528 2084 107 39 illud
1599 2084 131 39 corpuss
1695 2084 60 39 ⁋
1719 2084 131 39 Dicitur
1802 2084 48 39 in

1054 2112 141 51 primis
1153 2112 113 51 quod
1223 2112 99 51 non
1279 2112 127 51 habet
1364 2112 183 51 albedinem
1505 2112 211 51 difformiter
1674 2112 155 51 extesam
1773 2112 70 51 per

1059 2153 110 45 totum
1132 2153 122 45 actum:
1217 2153 73 45 et
1254 2153 85 45 sic
1302 2153 110 45 nihil
1375 2153 73 45 ad
1412 2153 134 45 nostram
1509 2153 207 45 conclusionem:
1680 2153 73 45 ex
1716 2153 97 45 ista
1765 2153 85 45 tamen

1052 2191 162 44 albedine
1173 2191 121 44 praet
1254 2191 108 44 esse
1321 2191 135 44 finite
1415 2191 121 44 album
1496 2191 202 44 quantolibet
1657 2191 121 44 gradu
1725 2191 121 44 albedis

1063 2231 149 41 volueris.
1177 2231 80 41 vel
1223 2231 114 41 potest
1303 2231 92 41 esse
1360 2231 114 41 corpus
1440 2231 137 41 infinite
1543 2231 114 41 album.
1623 2231 92 41 Quod
1681 2231 103 41 patet
1738 2231 103 41 secundu

1061 2263 129 49 varium
1151 2263 116 49 modum
1229 2263 180 49 accipiendi
1370 2263 129 49 illius
1460 2263 180 49 albedinis:
1602 2263 77 49 et
1641 2263 116 49 licet
1705 2263 129 49 latitude

1058 2299 238 48 vniformiter
1248 2299 206 48 difformis
1407 2299 159 48 habeat
1518 2299 190 48 mensuram
1661 2299 111 48 per
1708 2299 127 48 gradum

1054 2331 131 53 medium
1145 2331 91 53 quo
1198 2331 78 53 ad
1237 2331 222 53 denoinationem
1419 2331 170 53 subiecti:
1550 2331 117 53 tamen
1628 2331 91 53 non
1680 2331 91 53 sic
1720 2331 117 53 oporter

1053 2375 73 48 de
1089 2375 196 48 resistentia:
1248 2375 98 48 quia
1309 2375 73 48 si
1346 2375 86 48 sit
1395 2375 98 48 vnum
1456 2375 122 48 medium
1542 2375 183 48 resistentie
1688 2375 61 48 a
1713 2375 86 48 non
1749 2375 86 48 gradu

1055 2412 79 43 ad
1094 2412 106 43 octo
1161 2412 132 43 vsque:
1253 2412 119 43 totum
1332 2412 119 43 illud
1412 2412 132 43 medium
1504 2412 93 43 non
1557 2412 93 43 est
1610 2412 145 43 precise
1703 2412 132 43 resister

1054 2449 87 46 tie
1103 2449 74 46 vt
1140 2449 161 46 quattuor:
1264 2449 87 46 sed
1314 2449 111 46 penes
1388 2449 161 46 quamlibet
1512 2449 124 46 partem
1599 2449 186 46 intrinsecam
1735 2449 99 46 illius

1054 2492 136 38 medii
1144 2492 181 38 capienda
1280 2492 105 38 est
1340 2492 241 38 resistentia.
1536 2492 75 38 ⁋
1566 2492 181 38 Quocirca
1701 2492 120 38 vnum
1762 2492 75 38 mo-

1056 2522 102 46 bile
1120 2522 192 46 actiuitatis
1274 2522 90 46 vt.
1325 2522 115 46 iiii.
1402 2522 77 46 in
1440 2522 154 46 diuidedo
1555 2522 141 46 nunquam
1658 2522 141 46 diuidat
1747 2522 90 46 illud

1049 2553 150 50 medium
1154 2553 90 50 in
1199 2553 180 50 cadendo.
1334 2553 75 50 ⁋
1364 2553 150 50 Tertio
1468 2553 195 50 arguitur:
1618 2553 150 50 mobile
1708 2553 135 50 diffor-

1056 2597 131 43 miter
1144 2597 131 43 motum
1231 2597 102 43 quo
1289 2597 87 43 ad
1333 2597 146 43 partes
1435 2597 160 43 mouetur
1552 2597 102 43 ita
1610 2597 189 43 velociter
1741 2597 102 43 sicut

1047 2632 160 49 punctum
1164 2632 218 49 velocissime
1339 2632 131 49 motum
1426 2632 87 49 in
1470 2632 131 49 ipso:
1557 2632 117 49 ergo
1630 2632 131 49 eodem
1717 2632 117 49 modo
1776 2632 58 49 la

1055 2675 131 40 titudo
1147 2675 171 40 difformis
1278 2675 92 40 est
1331 2675 158 40 metienda
1449 2675 92 40 per
1501 2675 263 40 intensississimam
1712 2675 131 40 qunalita

1044 2709 82 47 tem
1091 2709 82 47 que
1138 2709 82 47 est
1185 2709 70 47 in
1220 2709 82 47 ea.
1267 2709 141 47 Aecedens
1372 2709 117 47 patet:
1454 2709 117 47 quiacu
1536 2709 117 47 primum
1618 2709 129 47 punctum
1712 2709 129 47 aliquod
1794 2709 47 47 in
