2320 3356
153 255 92 64 eo
199 255 107 64 per
260 255 122 64 quod
336 255 107 64 res
398 255 275 64 qualitercumque
627 255 138 64 durat
719 255 92 64 et
765 255 122 64 stat
841 255 92 64 in
872 255 107 64 esse-

161 307 89 57 et
206 307 119 57 sine
280 307 104 57 quo
340 307 104 57 res
399 307 164 57 caderet
518 307 89 57 et
563 307 179 57 tenderet
697 307 89 57 in
742 307 104 57 non
801 307 119 57 esse
876 307 74 57 /
891 307 89 57 siue

169 344 96 64 per
224 344 82 64 se
265 344 109 64 siue
333 344 96 64 per
388 344 178 64 accidens:
525 344 109 64 siue
593 344 123 64 illud
675 344 96 64 sit
730 344 96 64 rei
785 344 205 64 intrinsecum
935 344 41 64 s

171 393 92 51 ue
217 393 245 51 extrinsecum:
416 393 92 51 et
462 393 107 51 sic
523 393 122 51 homo
599 393 230 51 conseruatur
783 393 77 51 a
814 393 122 51 domo
875 393 107 51 veste

168 425 158 53 clypeo:
283 425 86 53 et
326 425 130 53 domus
412 425 72 53 a
441 425 115 53 cane
513 425 115 53 quia
585 425 86 53 ad
628 425 187 53 absentiam
772 425 158 53 istorum
873 425 101 53 sequi

172 462 99 53 tur
228 462 198 53 praesentia
384 462 85 53 et
427 462 127 53 actio
512 462 184 53 contrarii
653 462 227 53 corrumpentis
837 462 85 53 et
866 462 113 53 indis-

161 510 204 50 ponentis.
318 510 110 50 sic
381 510 141 50 locus
475 510 204 50 conseruat
631 510 188 50 locatum:
772 510 125 50 quia
835 510 141 50 elonga-

173 538 69 51 a
201 538 220 51 corruptiuis:
380 538 83 51 et
421 538 96 51 vna
476 538 110 51 pars
545 538 110 51 vini
614 538 96 51 vel
669 538 124 51 aquae
752 538 179 51 conseruat
876 538 110 51 aliam:

162 576 122 57 quia
238 576 122 57 pius
314 576 183 57 resistit
452 576 92 57 in
498 576 107 57 suo
559 576 122 57 toto
635 576 122 57 quam
711 576 137 57 extra
803 576 122 57 suum
864 576 122 57 totum.

181 613 126 52 Alio
260 613 126 52 modo
338 613 173 52 proprie
464 613 173 52 aliquid
590 613 173 52 dicitur
715 613 126 52 esse
778 613 204 52 conseruati-

170 657 98 50 uum
226 657 154 50 virtute
338 657 126 50 cuius
421 657 98 50 res
477 657 112 50 stat
547 657 98 50 per
603 657 84 50 se
645 657 84 50 in
687 657 112 50 esse
757 657 84 50 et
798 657 168 50 declinat
910 657 70 50 ca-

172 692 104 53 sum
232 692 89 53 in
276 692 104 53 non
335 692 134 53 esse:
425 692 89 53 et
469 692 74 53 a
499 692 104 53 quo
558 692 104 53 res
618 692 252 53 essentialiter
826 692 104 53 sic
870 692 104 53 depen

181 730 96 54 det
236 730 109 54 quod
304 730 96 54 per
359 730 123 54 solam
441 730 191 54 remotionem
591 730 137 54 illius
687 730 96 54 res
742 730 123 54 cadat
824 730 82 54 in
865 730 96 54 non
906 730 82 54 esse

174 770 258 50 circunscripto
387 770 91 50 oi
432 770 122 50 alio
508 770 213 50 corruptiuo
675 770 106 50 vel
736 770 152 50 actiuo
842 770 137 50 circa
918 770 61 50 re

173 800 153 60 illam:
280 800 92 60 vt
325 800 92 60 de
371 800 153 60 lumine
478 800 183 60 respectu
616 800 199 60 luminosi:
768 800 92 60 de
814 800 168 60 visione
921 800 61 60 ve

180 841 155 55 specie
289 841 171 55 obiecti
414 841 218 55 contingit.
585 841 109 55 hoc
647 841 124 55 modo
725 841 93 55 in
771 841 202 55 proposito
911 841 78 55 in-

177 877 229 54 telligimus.
360 877 76 54 ⁋
391 877 92 54 Ad
436 877 183 54 secundum
574 877 214 54 conceditur
742 877 168 54 illatum
864 877 76 54 e
879 877 107 54 negat

184 923 122 51 minor:
269 923 73 51 et
305 923 73 51 ad
342 923 182 51 probationem
488 923 134 51 dicitur
585 923 97 51 quod
646 923 85 51 non
694 923 134 51 indiget
792 923 97 51 quod
852 923 97 51 fiat
913 923 73 51 de
937 923 49 51 no

180 956 91 54 uo.
232 956 65 54 ⁋
258 956 78 54 Ad
297 956 143 54 tertium
401 956 143 54 dicitur
505 956 104 54 quod
570 956 117 54 eadem
647 956 91 54 res
699 956 117 54 primo
777 956 91 54 est
829 956 169 54 productio
946 956 39 54 a

184 992 139 61 postea
281 992 222 61 conseruatio:
462 992 111 61 quia
531 992 153 61 termini
643 992 181 61 differunt
782 992 83 61 in
809 992 167 61 connotati-

178 1029 79 55 ne
217 1029 198 55 conseruatio
376 1029 105 55 enim
441 1029 198 55 presupponit
600 1029 92 55 rem
652 1029 119 55 paius
732 1029 145 55 fuisse:
837 1029 105 55 quia
890 1029 92 55 prie-

175 1069 125 59 esse
254 1069 203 59 productio
410 1069 125 59 sine
488 1069 266 59 conseruatione
707 1069 110 59 non
770 1069 141 59 autem
848 1069 141 59 econtra

175 1104 105 60 rio
235 1104 134 60 sicut
324 1104 134 60 nouum
414 1104 149 60 potest
519 1104 105 60 non
579 1104 120 60 esse
653 1104 194 60 antiquum:
788 1104 194 60 conseruatio

178 1145 96 54 rei
233 1145 110 54 fuit
302 1145 179 54 productio
440 1145 138 54 quando
536 1145 96 54 non
591 1145 110 54 erat
660 1145 220 54 conseruatio.
839 1145 83 54 et
880 1145 96 54 sic
921 1145 69 54 con

180 1181 182 59 seruatio
316 1181 121 59 erat
392 1181 152 59 quando
498 1181 106 59 non
559 1181 121 59 erat
634 1181 242 59 conseruatio.
831 1181 76 59 ⁋
847 1181 136 59 Septima

176 1231 184 48 conclusio
317 1231 113 48 est.
388 1231 184 48 probabile
530 1231 99 48 est
587 1231 85 48 in
629 1231 142 48 lumine
728 1231 170 48 naturali
856 1231 99 48 ens
898 1231 85 48 sim-

186 1262 171 56 pliciter
314 1262 143 56 primum
414 1262 114 56 esse
485 1262 200 56 principium
642 1262 200 56 effectiuam
799 1262 143 56 omnium
884 1262 100 56 alior

180 1294 152 55 entium
286 1294 198 55 immediate
439 1294 107 55 vel
500 1294 183 55 mediate.
637 1294 183 55 Probatur
774 1294 122 55 quia
850 1294 107 55 est
896 1294 91 55 con-

175 1343 247 47 seruatiuum
370 1343 177 47 omnium
493 1343 194 47 aliorum
635 1343 124 47 per
705 1343 124 47 se.
776 1343 124 47 Sed
847 1343 124 47 hec
900 1343 88 47 con

176 1371 191 52 seruatio
319 1371 111 52 est
383 1371 222 52 causalitis
557 1371 206 52 effectiua
716 1371 95 52 vt
764 1371 143 52 dicit
843 1371 143 52 conclu-

175 1408 122 65 sio
244 1408 244 65 precedens.
436 1408 174 65 Contra
558 1408 209 65 materiam
714 1408 157 65 huius
801 1408 192 65 conclusio

173 1448 118 60 nis
240 1448 202 60 inferius
392 1448 185 60 amplius
509 1448 252 60 disputabitur.

177 1497 91 66 ⁋
213 1497 127 66 hic
286 1497 254 66 diligenter
486 1497 200 66 inquiri
631 1497 218 66 oportet:
794 1497 127 66 cum
867 1497 109 66 in
903 1497 91 66 tri

180 1545 176 62 nitate
303 1545 123 62 non
374 1545 123 62 sit
444 1545 246 62 diuersitas
637 1545 123 62 vel
707 1545 228 62 singulari
866 1545 105 62 tas.

333 1592 275 49 Distinctionis.
562 1592 168 49 xxiiii.
684 1592 168 49 questio
791 1592 107 49 prima

371 1631 182 52 Agister
504 1631 100 52 in
554 1631 116 52 hac
620 1631 299 52 vigesimaquarta
852 1631 133 52 distin

357 1663 184 58 aactione
495 1663 169 58 tractat
617 1663 184 58 materiam
755 1663 92 58 an
801 1663 92 58 in
832 1663 153 58 personis

367 1707 156 55 diuinis
480 1707 99 55 sit
537 1707 170 55 nunerus:
665 1707 85 55 et
707 1707 85 55 an
750 1707 99 55 sit
807 1707 85 55 in
849 1707 99 55 deo
892 1707 99 55 quan-

355 1743 201 58 uatitas.
506 1743 84 58 ⁋
540 1743 302 58 Contemplatione
791 1743 151 58 cuius
875 1743 117 58 quere

293 1783 97 54 Q.
341 1783 129 54 emus
422 1783 161 54 aliqua
535 1783 113 54 que
600 1783 210 54 conducunt
761 1783 97 54 ad
793 1783 194 54 intelliger

189 1824 128 48 tiam
269 1824 161 48 illius
382 1824 193 48 quesiti.
526 1824 161 48 Postea
639 1824 273 48 respondebimus
864 1824 96 48 ad
896 1824 96 48 qua-

191 1860 176 46 stionem
319 1860 208 46 Magistri.
479 1860 80 46 ⁋
511 1860 176 46 Petemus
640 1860 144 46 autem
736 1860 144 46 primo
832 1860 96 46 an
864 1860 128 46 quanti

190 1900 108 56 tas
251 1900 184 56 discreta
389 1900 108 56 sit
451 1900 154 56 aliqua
559 1900 215 56 resquantis
728 1900 200 56 inherens.
881 1900 92 56 Et
912 1900 77 56 vni

192 1937 195 50 uersalter
342 1937 90 50 an
387 1937 105 50 fit
447 1937 165 50 aliquod
567 1937 240 50 indiuisibile
763 1937 90 50 in
808 1937 150 50 quato.
913 1937 75 50 ⁋
928 1937 60 50 Re

187 1972 187 55 spondetur
330 1972 144 55 vnicam
431 1972 158 55 ponendo
546 1972 244 55 conclusionem:
747 1972 144 55 nullum
847 1972 101 55 est
890 1972 101 55 indi-

183 2016 177 47 uisibile
316 2016 89 47 in
360 2016 118 47 pure
434 2016 177 47 continuo
567 2016 207 47 continuans
729 2016 103 47 vel
788 2016 192 47 terminans
921 2016 74 47 per

187 2057 104 37 tes
247 2057 134 37 eius.
336 2057 75 37 ⁋
366 2057 104 37 Pro
426 2057 253 37 intelligentia
634 2057 149 37 istius
739 2057 238 37 conclusionis
917 2057 75 37 no-

187 2088 138 50 tabis
279 2088 184 50 partitam
417 2088 123 50 esse
493 2088 215 50 positionem
662 2088 276 50 imprsentiarum.
876 2088 123 50 Quarum

197 2129 116 42 vna
264 2129 149 42 tenet
363 2129 182 42 punctum
495 2129 132 42 esse
578 2129 265 42 impartibile:
793 2129 166 42 lineam
893 2129 99 42 pro-

198 2166 215 44 funditatis
367 2166 92 44 et
413 2166 231 44 latitudinis
598 2166 200 44 expertem.
752 2166 108 44 hoc
813 2166 108 44 sic
859 2166 139 44 declara

185 2202 126 51 tur.
264 2202 126 51 Data
343 2202 79 51 a
375 2202 142 51 linea
470 2202 158 51 pedali
580 2202 95 51 in
628 2202 95 51 ea
675 2202 126 51 sunt
754 2202 111 51 duo
817 2202 158 51 puncta
912 2202 79 51 ter

202 2246 222 40 minatiua:
372 2246 170 40 quorum
492 2246 136 40 vnum
577 2246 205 40 terminat
730 2246 102 40 in
781 2246 119 40 vno
833 2246 153 40 extrem-

196 2279 87 43 et
240 2279 175 43 reliquum
371 2279 87 43 in
415 2279 131 43 alio.
502 2279 87 43 Et
546 2279 175 43 infinita
677 2279 117 43 sunt
750 2279 146 43 puncta
837 2279 146 43 continu-

205 2317 109 47 tiua
274 2317 82 47 in
314 2317 95 47 hac
369 2317 136 47 linea:
464 2317 109 47 quia
532 2317 177 47 continuum
669 2317 95 47 est
723 2317 123 47 cuius
805 2317 136 47 partes
887 2317 95 47 copul

201 2356 104 43 tur
260 2356 89 43 ad
305 2356 163 43 aliquem
423 2356 177 43 terminum
556 2356 192 43 communem:
704 2356 104 43 hoc
763 2356 104 43 est
822 2356 89 43 ad
852 2356 133 43 punctum

200 2401 81 42 Et
240 2401 94 42 ita
294 2401 148 42 dicatur
401 2401 81 42 de
442 2401 175 42 quaelibet
576 2401 121 42 linea
657 2401 121 42 recta
737 2401 81 42 et
778 2401 134 42 finita
872 2401 108 42 quod
926 2401 67 42 duo

207 2431 146 47 puncta
310 2431 220 47 terminatiua
486 2431 146 47 habet.
588 2431 132 47 Cinea
676 2431 190 47 gyaratiua
822 2431 132 47 habet
896 2431 102 47 terim

205 2474 108 43 per
266 2474 201 43 accidens.
421 2474 155 43 Partes
529 2474 186 43 dicuntur
668 2474 201 43 terminari
823 2474 93 43 ad
854 2474 139 43 punctum

206 2515 112 39 qui
270 2515 128 39 duas
350 2515 225 39 medietates
527 2515 193 39 terminat
671 2515 96 39 et
719 2515 225 39 continuat.
880 2515 112 39 Nulla

217 2549 112 44 sunt
287 2549 140 44 puncta
385 2549 182 44 immediata
525 2549 84 44 in
567 2549 98 44 hac
624 2549 140 44 linea.
722 2549 98 44 hoc
778 2549 126 44 patet
862 2549 112 44 quia
918 2549 70 44 tum

215 2589 148 44 nullum
319 2589 119 44 erit
393 2589 208 44 continuum:
557 2589 104 44 sed
616 2589 119 44 sola
690 2589 148 44 puncta
794 2589 148 44 essent
898 2589 89 44 in
928 2589 74 44 hac

204 2619 171 55 linea.
323 2619 119 55 Sed
392 2619 222 55 immediate
562 2619 137 55 post
648 2619 171 55 primum
767 2619 188 55 punctum
887 2619 102 55 term

207 2658 180 43 natiuum
337 2658 98 43 et
386 2658 278 43 continuatiuum
615 2658 147 43 aliud
713 2658 196 43 sequitur
844 2658 147 43 puncti-

203 2694 125 60 Quod
281 2694 156 60 patet:
390 2694 125 60 quia
468 2694 203 60 immediate
624 2694 125 60 post
702 2694 78 60 b
733 2694 171 60 punctum
842 2694 156 60 sequitun

1042 250 172 68 continuum
1174 250 79 68 et
1213 250 145 68 quantum
1319 250 79 68 et
1359 250 106 68 tale
1425 250 92 68 non
1477 250 132 68 potest
1570 250 132 68 habere
1662 250 132 68 partes
1741 250 106 68 coniun

1031 309 111 49 ctas
1101 309 111 49 sine
1170 309 167 49 punctis:
1295 309 111 49 ergo
1365 309 111 49 post
1435 309 70 49 b
1462 309 153 49 punctum
1574 309 181 49 immediate
1699 309 139 49 sequitur

1039 348 205 47 punctum.
1192 348 102 47 Ex
1243 348 119 47 quo
1312 348 222 47 sequuntur
1482 348 256 47 corollaris.
1687 348 85 47 ⁋
1704 348 136 47 Primum

1039 388 132 42 est.
1122 388 149 42 Inter
1221 388 264 42 quecunqueduo
1436 388 165 42 puncta
1552 388 182 42 mediant
1667 388 182 42 infinita:

1044 426 148 44 loquor
1148 426 89 44 de
1192 426 163 44 punctis
1310 426 266 44 continuatiuis.
1532 426 178 44 Probatio
1651 426 192 44 corollarius

1042 465 127 38 inter
1127 465 198 38 quaecunque
1283 465 142 38 puncta
1382 465 227 38 intercipitur
1566 465 142 38 linea:
1665 465 113 38 modo
1736 465 85 38 in
1764 465 85 38 qua-

1043 501 125 39 libet
1127 501 125 39 linea
1210 501 111 39 sunt
1280 501 167 39 infinite
1405 501 139 39 partes
1502 501 97 39 que
1558 501 97 39 non
1613 501 153 39 possunt
1711 501 139 39 continua

1044 540 81 46 ri
1084 540 108 46 sine
1151 540 162 46 punctis:
1273 540 108 46 ergo
1340 540 256 46 interquaecumque
1556 540 135 46 puncta
1650 540 148 46 mediant
1744 540 108 46 infini

1042 581 99 34 ta.
1098 581 71 34 ⁋
1127 581 155 34 Secundo
1240 581 170 34 sequitur
1367 581 113 34 quod
1437 581 170 34 infinita
1565 581 99 34 est
1621 581 184 34 multitudo
1748 581 99 34 cate-

1040 613 225 46 gorematice
1217 613 161 46 entium
1329 613 112 46 non
1393 613 225 46 facientium
1570 613 177 46 aliquod
1698 613 145 46 vnum.
1779 613 64 46 Pa

1041 657 106 44 tet
1101 657 91 44 de
1147 657 167 44 punctis
1268 657 152 44 datis.
1374 657 106 44 Nec
1435 657 106 44 hoc
1495 657 212 44 inconuenit
1662 657 91 44 in
1692 657 152 44 continuo

1039 690 123 45 quia
1115 690 184 45 infinita
1254 690 108 45 est
1315 690 200 45 multitudo
1469 690 184 45 paertium
1592 690 261 45 proportionalium

1039 729 85 46 in
1081 729 170 46 continuo
1209 729 170 46 secundum
1337 729 128 46 omnem
1422 729 241 46 proportionem.
1620 729 71 46 ⁋
1649 729 156 46 Tertium
1748 729 99 46 corol

1045 767 140 45 larium
1143 767 126 45 inter
1227 767 70 45 b
1255 767 154 45 punctum
1368 767 211 45 inchoatiuum
1536 767 126 45 linee
1620 767 84 45 et
1663 767 182 45 quodlibet
1789 767 70 45 ali

1042 809 100 39 ud
1092 809 166 39 mediat
1209 809 200 39 punctum.
1358 809 150 39 Patet
1458 809 233 39 ascendendo
1641 809 116 39 sub
1691 809 150 39 termino

1038 841 233 42 distributo.
1224 841 78 42 ⁋
1255 841 171 42 Quartum
1379 841 248 42 corollarium:
1580 841 155 42 nullum
1689 841 171 42 punctum
1797 841 62 42 in

1041 881 226 41 tercipitur
1218 881 145 41 inter
1315 881 81 41 b
1347 881 177 41 punctum
1476 881 97 41 et
1525 881 210 41 quodlibet
1686 881 145 41 aliud

1054 908 187 57 Probatur:
1197 908 115 57 quia
1269 908 86 57 da
1312 908 201 57 oppositum:
1470 908 172 57 signetur
1599 908 86 57 et
1643 908 101 57 sit
1700 908 115 57 ciam
1772 908 101 57 vel
1815 908 43 57 c

1051 956 98 45 est
1107 956 195 45 immediatum
1260 956 70 45 b
1288 956 139 45 contra
1386 956 126 45 paius
1469 956 126 45 dicta
1553 956 98 45 vel
1609 956 181 45 mediatum:
1748 956 84 45 et
1776 956 70 45 ha-

1042 988 131 50 betur
1130 988 232 50 corollarium.
1318 988 73 50 ⁋
1348 988 160 50 Quintum
1464 988 232 50 corollarium.
1653 988 102 50 hec
1711 988 131 50 tamen
1783 988 73 50 est

1038 1033 177 42 neganda:
1171 1033 133 42 inter
1260 1033 148 42 primum
1363 1033 162 42 punctum
1481 1033 89 42 et
1525 1033 133 42 omnia
1614 1033 118 42 alia
1688 1033 148 42 puncta
1776 1033 74 42 me-

1046 1067 111 49 diat
1116 1067 153 49 punctum
1227 1067 70 49 /
1255 1067 167 49 capiendo
1380 1067 125 49 omnia
1463 1067 209 49 collectiue)
1630 1067 111 49 quia
1700 1067 111 49 tunc
1756 1067 97 49 opor-

1041 1107 139 47 teret
1133 1107 170 47 aliquod
1257 1107 170 47 punctum
1380 1107 201 47 precedere
1534 1107 139 47 omnia
1627 1107 154 47 puncta
1720 1107 123 47 sequem

1041 1150 110 39 tia
1104 1150 94 39 b.
1151 1150 205 39 Eodemmodo
1309 1150 126 39 illa
1388 1150 110 39 est
1451 1150 142 39 falsa
1545 1150 189 39 capiendo
1671 1150 173 39 distribut

1050 1184 103 46 ue.
1109 1184 162 46 habebit
1227 1184 118 46 enim
1300 1184 118 46 vnam
1374 1184 206 46 singularem
1535 1184 147 46 falsam
1638 1184 88 46 in
1682 1184 103 46 qua
1741 1184 88 46 de
1771 1184 73 46 mod

1047 1222 178 45 strantur
1180 1222 133 45 omnia
1269 1222 148 45 puncta
1373 1222 222 45 collectiue.
1551 1222 133 45 Sicut
1640 1222 148 45 dictum
1743 1222 104 45 est
1788 1222 59 45 de

1038 1253 164 51 punctis
1157 1253 134 51 eodem
1247 1253 119 51 modo
1321 1253 164 51 dicatur
1441 1253 89 51 de
1485 1253 149 51 lineis
1590 1253 89 51 et
1619 1253 224 51 superficiebus

1052 1298 72 42 ⁋
1080 1298 86 42 Ex
1124 1298 144 42 fluxum
1224 1298 144 42 puncti
1325 1298 187 42 consurgit
1469 1298 115 42 line
1541 1298 72 42 a
1570 1298 101 42 que
1627 1298 144 42 nullam
1714 1298 130 42 latitur

1042 1331 129 49 dinem
1128 1331 129 49 neque
1214 1331 244 49 profunditatem
1414 1331 143 49 habet.
1515 1331 115 49 Quod
1587 1331 100 49 sic
1644 1331 215 49 dinoscitur:
1802 1331 57 49 si

1045 1375 133 39 vnum
1128 1375 182 39 punctum
1261 1375 100 39 de
1311 1375 182 39 flueret
1443 1375 100 39 ab
1493 1375 83 39 a
1526 1375 166 39 puncto
1642 1375 100 39 ad
1692 1375 83 39 o
1709 1375 149 39 punctum

1046 1410 201 41 secundum
1197 1410 268 41 longitudinem
1414 1410 251 41 relinquendo
1615 1410 217 41 vestigium
1765 1410 84 41 re-

1047 1445 105 48 tro
1107 1445 90 48 se
1152 1445 105 48 iam
1212 1445 195 48 habebitur
1362 1445 135 48 linea
1452 1445 120 48 quam
1528 1445 105 48 duo
1588 1445 150 48 puncta
1678 1445 180 48 terminant.

1053 1486 90 40 Et
1098 1486 90 40 si
1143 1486 104 40 hec
1202 1486 134 40 linea
1292 1486 134 40 fiuat
1381 1486 179 40 secundum
1516 1486 134 40 latum
1605 1486 224 40 relinquendo
1769 1486 75 40 ve-

1047 1521 169 50 stigium
1169 1521 123 50 post
1246 1521 92 50 se
1292 1521 138 50 nullo
1384 1521 138 50 pacto
1476 1521 215 50 relinquens
1644 1521 169 50 aliquid
1752 1521 107 50 secum

1052 1560 95 46 dum
1107 1560 243 46 profunditatem:
1309 1560 108 46 erit
1377 1560 216 46 suparficies:
1553 1560 108 46 quia
1620 1560 176 46 longitudo
1755 1560 68 46 a
1769 1560 81 46 lati

1043 1600 152 43 tudo.
1144 1600 101 43 Si
1195 1600 169 43 rursus
1313 1600 253 43 superficies
1516 1600 219 43 relinquat
1667 1600 186 43 vestigium

1050 1639 132 47 retro
1138 1639 88 47 se
1182 1639 117 47 siue
1255 1639 146 47 sursum
1358 1639 117 47 siue
1431 1639 161 47 deorsum
1548 1639 117 47 erit
1621 1639 161 47 corpus:
1738 1639 117 47 quia
1796 1639 59 47 li

1054 1673 100 50 nea
1111 1673 213 50 terminatur:
1281 1673 85 50 et
1324 1673 100 50 non
1381 1673 100 50 per
1438 1673 199 50 diuisibile
1594 1673 114 50 quia
1665 1673 128 50 ipsum
1736 1673 114 50 iterum

1052 1712 265 48 terminabitur:
1270 1712 171 48 oportet
1395 1712 125 48 ergo
1473 1712 156 48 ponere
1582 1712 109 48 duo
1644 1712 156 48 puncta
1737 1712 125 48 indiui

1044 1751 182 47 sibilia.
1180 1751 197 47 Eodemmodo
1332 1751 182 47 probatur
1468 1751 91 47 de
1514 1751 136 47 linea
1605 1751 197 47 claudente
1741 1751 106 47 super

1055 1789 174 42 ficiem:
1182 1789 95 42 et
1229 1789 95 42 de
1277 1789 221 42 superficie
1451 1789 158 42 corpus
1561 1789 237 42 terminante.
1751 1789 79 42 ⁋
1767 1789 79 42 Con

1036 1829 120 42 tra
1104 1829 256 42 fundamentum
1309 1829 154 42 huius
1412 1829 256 42 positionis:
1617 1829 103 42 et
1651 1829 205 42 corollaria

1055 1863 168 48 arguitur
1181 1863 112 48 sic.
1251 1863 84 48 Ex
1293 1863 98 48 hac
1349 1863 182 48 positione
1488 1863 168 48 sequitur
1614 1863 112 48 quod
1684 1863 154 48 aliquod
1782 1863 56 48 ac

1058 1901 139 48 cidens
1156 1901 223 48 indiuisibile
1337 1901 181 48 inhereret
1476 1901 167 48 subiecto
1602 1901 209 48 diuisibili:
1755 1901 98 48 patet

1049 1941 95 48 de
1097 1941 79 48 b
1128 1941 158 48 puncto
1239 1941 222 48 terminante
1413 1941 174 48 lineam.
1540 1941 79 48 ⁋
1572 1941 143 48 Forte
1667 1941 143 48 dices
1746 1941 95 48 quod

1061 1974 97 52 oc
1109 1974 114 52 non
1174 1974 227 52 inconuenit
1353 1974 179 52 tanquam
1483 1974 97 52 in
1531 1974 195 52 subiecto
1661 1974 195 52 inadequato

1047 2017 106 43 vel
1107 2017 166 43 tanquam
1228 2017 182 43 terminus
1365 2017 91 43 in
1410 2017 106 43 suo
1471 2017 212 43 terminato.
1637 2017 106 43 Nec
1698 2017 106 43 sic
1743 2017 106 43 incon

1053 2054 136 43 uenit
1144 2054 121 43 quod
1220 2054 121 43 idem
1295 2054 167 43 punctum
1417 2054 106 43 sit
1477 2054 91 43 in
1523 2054 152 43 duobus
1629 2054 167 43 tanquam
1735 2054 121 43 termi-

1046 2095 132 38 nis:
1128 2095 148 38 patet
1227 2095 99 38 de
1276 2095 165 38 puncto
1391 2095 247 38 continuante
1589 2095 132 38 quod
1671 2095 148 38 etiam
1753 2095 99 38 ter-

1054 2136 148 41 minat.
1158 2136 74 41 ⁋
1187 2136 104 41 Non
1247 2136 133 41 valet
1335 2136 118 41 quod
1409 2136 118 41 alii
1483 2136 163 41 dicunt:
1602 2136 118 41 quod
1675 2136 148 41 puncta
1764 2136 89 41 con-

1047 2166 197 49 tinuatiua
1198 2166 106 49 non
1259 2166 121 49 sunt
1335 2166 121 49 nisi
1411 2166 91 49 in
1456 2166 182 49 potentia
1592 2166 91 49 et
1638 2166 106 49 non
1698 2166 121 49 sunt
1759 2166 91 49 actu

1048 2208 235 39 actualiter
1233 2208 134 39 enim
1317 2208 134 39 sunt
1401 2208 101 39 in
1452 2208 151 39 rerum
1552 2208 185 39 natura.
1687 2208 84 39 ⁋
1704 2208 151 39 Propter

1050 2246 93 46 ea
1097 2246 155 46 aliter
1206 2246 202 46 arguitur:
1361 2246 124 46 pono
1439 2246 78 46 a
1470 2246 155 46 lineam
1579 2246 202 46 terminari
1734 2246 109 46 cet
1781 2246 62 46 li

1056 2283 182 44 punctis:
1193 2283 137 44 alias
1284 2283 106 44 non
1345 2283 137 44 esset
1436 2283 167 44 finita.
1557 2283 167 44 Contra:
1679 2283 122 44 deus
1740 2283 106 44 potes

1053 2324 184 50 separare
1191 2324 123 50 illa
1268 2324 154 50 puncta
1375 2324 92 50 de
1422 2324 184 50 potentia
1560 2324 108 50 sua
1621 2324 184 50 absoluta
1744 2324 108 50 linea

1055 2357 190 47 manente:
1198 2357 111 47 quo
1261 2357 143 47 facto
1356 2357 143 47 linea
1451 2357 127 47 erit
1530 2357 174 47 finita.
1657 2357 79 47 ⁋
1689 2357 111 47 Sed
1736 2357 111 47 dices

1055 2397 131 43 quod
1136 2397 131 43 deus
1218 2397 114 43 non
1283 2397 163 43 potest
1398 2397 196 43 separare
1545 2397 163 43 puncta
1643 2397 212 43 terminatiua

1053 2435 136 47 linee
1144 2435 136 47 linea
1235 2435 227 47 conseruata:
1417 2435 121 47 quia
1492 2435 121 47 tunc
1568 2435 212 47 diffinitio
1720 2435 136 47 negabi-

1046 2474 111 47 tur
1110 2474 96 47 de
1158 2474 207 47 diffinito
1317 2474 239 47 supponente.
1508 2474 143 47 Linea
1603 2474 96 47 ab
1651 2474 175 47 euclide
1762 2474 96 47 pri-

1059 2507 96 43 mo
1107 2507 240 43 elementorum
1299 2507 112 43 sic
1363 2507 240 43 diffinitur.
1556 2507 144 43 Linea
1652 2507 112 43 est
1700 2507 144 43 longitu

1052 2549 96 40 do
1100 2549 128 40 sine
1180 2549 224 40 latitudine
1356 2549 96 40 et
1404 2549 256 40 profunditate
1613 2549 144 40 cuius
1693 2549 160 40 extremi-

1049 2585 142 46 tates
1144 2585 142 46 sunt:
1238 2585 110 46 duo
1301 2585 173 46 puncta.
1427 2585 79 46 ⁋
1459 2585 110 46 Vel
1522 2585 158 46 melius
1632 2585 110 46 sic
1695 2585 126 46 (vel
1758 2585 95 46 sal-

1051 2626 125 44 tem
1122 2626 160 44 minus
1229 2626 142 44 male
1318 2626 249 44 admittendo
1514 2626 160 44 casum
1621 2626 125 44 qui
1692 2626 125 44 non
1745 2626 107 44 clau

1050 2662 105 40 dit
1110 2662 284 40 contradictionem
1349 2662 180 40 dicitur:
1484 2662 120 40 quod
1559 2662 135 40 linea
1649 2662 105 40 non
1708 2662 120 40 erit
1768 2662 90 40 fini

1049 2698 91 46 ta
1094 2698 198 46 positiue:
1246 2698 106 46 sed
1307 2698 213 46 priuatiue.
1474 2698 106 46 vel
1535 2698 137 46 licet
1626 2698 106 46 non
1687 2698 152 46 habeat
1778 2698 76 46 ter
