2326 3293
197 202 157 85 secundum
315 202 170 85 essentiam
446 202 210 85 consideranda
616 202 92 85 sit
669 202 183 85 equalitas.
813 202 131 85 Deinde
904 202 105 85 quid

200 250 160 75 sitipsa
317 250 189 75 equalitas
462 250 87 75 et
506 250 102 75 que
564 250 204 75 sequuntur:
724 250 116 75 vide
797 250 87 75 in
826 250 145 75 magistro

200 294 77 69 â‹
230 294 184 69 Videntes
368 294 184 69 doctores
506 294 123 69 post
583 294 199 69 magistrum
737 294 123 69 post
813 294 138 69 multa
890 294 92 69 ver-

191 331 84 63 ba
233 331 98 63 non
289 331 169 63 apparuit
416 331 98 63 eis
472 331 98 63 que
528 331 155 63 entitas
641 331 98 63 est
697 331 155 63 relatio
809 331 84 63 vt
837 331 141 63 similitu

204 362 92 74 do
250 362 107 74 vel
311 362 214 74 equalitas:
479 362 153 74 dedita
587 362 138 74 opera
679 362 184 74 mouerunt
801 362 184 74 questiones

205 402 223 70 metaphysicas
387 402 209 70 inquirentes
554 402 84 70 de
596 402 168 70 entitate
722 402 195 70 relationis
875 402 84 70 in
903 402 70 70 con

204 437 127 74 muni:
289 437 85 74 an
331 437 184 74 equalitas
472 437 85 74 et
515 437 198 74 similitudo
670 437 141 74 essent
769 437 99 74 res
826 437 113 74 sibi
882 437 99 74 simi-

191 479 102 68 les
250 479 87 68 et
293 479 174 68 equales:
424 479 102 68 vel
482 479 145 68 essent
584 479 145 68 alique
685 479 203 68 relationes
845 479 131 68 medie
918 479 58 68 di

203 515 164 74 stincte
322 515 89 74 ab
367 515 194 74 extremis:
516 515 104 74 hoc
576 515 104 74 est
635 515 75 74 a
665 515 209 74 fundamento
829 515 75 74 a
844 515 134 74 termino

203 550 107 73 qui
264 550 138 73 modus
356 550 183 73 loquendi
493 550 122 73 apud
569 550 183 73 communem
707 550 168 73 scholam
814 550 168 73 pariensem

210 588 72 70 n
238 588 101 70 hac
296 588 201 70 tempestate
454 588 86 70 in
497 588 244 70 dissuetudinem
698 588 144 70 abiit:
799 588 101 70 nec
842 588 144 70 Augusti.

204 628 101 72 num
261 628 101 72 vel
319 628 188 72 Magistrum
464 628 145 72 opinor
566 628 159 72 aliquid
682 628 217 72 discriminis
841 628 145 72 relatio-

201 661 99 72 num
258 661 170 72 posuisse
385 661 114 72 nisi
456 661 85 72 in
499 661 170 72 terminis
627 661 199 72 relatiuis:
783 661 99 72 nec
840 661 128 72 ratio
911 661 85 72 vlla

204 696 145 82 potest
306 696 102 82 eas
364 696 160 82 pobare:
481 696 102 82 sed
539 696 116 82 quia
611 696 145 82 crebro
713 696 160 82 redeunt
829 696 131 82 eedem
902 696 87 82 opi-

197 734 151 72 niones
302 734 136 72 teste
393 734 211 72 Philosopho
558 734 136 72 primo
649 734 90 72 de
694 734 136 72 celoa
784 734 136 72 mundo
875 734 75 72 a
890 734 105 72 primo

205 771 194 79 Ethicorum:
358 771 83 79 et
399 771 180 79 extinctos
538 771 152 79 veteres
649 771 152 79 cineres
759 771 139 79 facile
856 771 97 79 est
898 771 97 79 igni-

204 810 99 74 re:
260 810 85 74 et
303 810 127 74 etiam
387 810 127 74 earum
472 810 85 74 in
514 810 127 74 aliis
599 810 155 74 studiis
712 810 99 74 est
768 810 113 74 fama
825 810 169 74 prcelebris

210 850 106 67 non
270 850 136 67 nihil
361 850 151 67 dicam.
467 850 106 67 Sed
527 850 121 67 quia
602 850 166 67 materia
723 850 106 67 non
784 850 106 67 est
844 850 136 67 magni
920 850 75 67 mo-

209 884 143 76 menti
304 884 190 76 theologo
447 884 79 76 a
478 884 206 76 prsupponi
637 884 143 76 debet
732 884 95 76 ex
763 884 222 76 metaphysica.

218 921 130 73 pauca
304 921 101 73 cum
362 921 203 73 communiter
521 921 217 73 loquentibus
695 921 130 73 circa
782 921 174 73 materiam
898 921 101 73 ipsam

212 959 145 70 tangere
318 959 185 70 curabimus:
463 959 79 70 ne
503 959 132 70 omnino
595 959 132 70 ienune
688 959 106 70 hanc
754 959 159 70 materiam
860 959 145 70 transisse

215 998 199 68 videamur.
368 998 184 68 Quocirca
506 998 138 68 circa
598 998 123 68 hanc
675 998 261 68 distinctionem
890 998 92 68 et
920 998 77 68 se-

214 1034 184 72 quentem
348 1034 117 72 sub
415 1034 117 72 hac
482 1034 201 72 verborum
633 1034 218 72 structura
801 1034 184 72 mouetur
918 1034 84 72 ta-

217 1071 101 68 lis
274 1071 159 68 titulus
390 1071 217 68 questionis:
563 1071 87 68 An
607 1071 159 68 relatio
722 1071 145 68 realis
809 1071 188 68 distinguatu

210 1111 76 74 a
240 1111 214 74 fundamento
409 1111 76 74 a
439 1111 184 74 termino:
577 1111 76 74 â‹
607 1111 168 74 Vocamus
730 1111 107 74 cum
791 1111 138 74 aliis
867 1111 138 74 relatio

216 1145 102 73 nem
275 1145 145 73 realem
376 1145 102 73 eam
434 1145 131 73 cuius
522 1145 218 73 fundamentum
696 1145 87 73 et
739 1145 174 73 terminus
856 1145 145 73 realiter

218 1182 234 68 distinguuntur:
413 1182 91 68 sic
465 1182 156 68 scilicet
582 1182 104 68 quod
647 1182 78 68 ex
686 1182 130 68 natura
777 1182 182 68 extremorum
907 1182 91 68 sequa

215 1218 103 70 tur
274 1218 132 70 talis
362 1218 162 70 relatio
480 1218 147 70 absque
583 1218 206 70 operatione
745 1218 177 70 alicuius
863 1218 147 70 potentie

209 1258 248 64 comparantis
407 1258 132 64 vnum
489 1258 198 64 extremum
638 1258 182 64 alteri.
770 1258 116 64 Nec
836 1258 116 64 hic
885 1258 132 64 queri-

211 1292 115 70 mus
276 1292 263 70 impertinens.
490 1292 115 70 cum
556 1292 132 70 apud
638 1292 164 70 reales
753 1292 82 70 a
786 1292 214 70 nominales
934 1292 82 70 hec

228 1334 159 72 questio
343 1334 101 72 hic
401 1334 246 72 determinetur.
604 1334 72 72 â‹
633 1334 130 72 Super
720 1334 188 72 proposita
850 1334 159 72 questione

182 1366 180 76 partite
312 1366 114 76 est
378 1366 196 76 positio.
524 1366 228 76 doctoribus
704 1366 196 76 antiquis
834 1366 180 76 agminatim

216 1406 217 66 tenentibus
386 1406 217 66 relationem
556 1406 201 66 distingui
711 1406 186 66 realiter
850 1406 77 66 a
865 1406 155 66 fundamen

215 1442 93 67 to
262 1442 78 67 e
293 1442 187 67 termino:
433 1442 234 67 fundamentum
620 1442 93 67 vt
667 1442 156 67 opinor
776 1442 78 67 a
807 1442 187 67 Gilberto
932 1442 93 67 por-

234 1482 125 72 itano
317 1482 208 72 accipentes.
484 1482 222 72 auctoritates
664 1482 111 72 enim
734 1482 208 72 Aristotelis
886 1482 139 72 praesent

227 1520 134 66 trahi
316 1520 89 66 ad
361 1520 238 66 expositionem
554 1520 208 66 nominalium
717 1520 178 66 facilius
851 1520 119 66 quam
925 1520 89 66 ad
955 1520 74 66 op-

227 1552 197 77 positum.
374 1552 82 77 â‹
407 1552 131 77 Alia
489 1552 115 77 est
555 1552 180 77 positio
686 1552 131 77 quam
768 1552 213 77 vmbratice
915 1552 115 77 Henri

182 1593 96 74 ib
230 1593 112 74 cus
294 1593 96 74 de
341 1593 175 74 gandauo
469 1593 80 74 e
501 1593 191 74 Aureolus
644 1593 223 74 tetigerunt
820 1593 96 74 et
852 1593 175 74 nominales

228 1630 180 72 postmodum
367 1630 194 72 tenuerunt.
519 1630 138 72 facile
616 1630 97 72 est
671 1630 152 72 vtraque
782 1630 194 72 positionem
920 1630 111 72 tueri.

251 1665 80 75 â‹
283 1665 159 75 Contra
394 1665 175 75 priorem
522 1665 207 75 aliquibus
681 1665 223 75 argumentis
840 1665 191 75 instalimus

247 1703 130 64 uotum
333 1703 232 64 solutionibus
522 1703 159 64 habitis
638 1703 116 64 quid
710 1703 159 64 positio
826 1703 145 64 dicere
913 1703 116 64 volue-

230 1740 107 74 rit
291 1740 213 74 videbitur.
458 1740 183 74 Arguitur
595 1740 137 74 primo
687 1740 107 74 sic
748 1740 213 74 paternitas
915 1740 107 74 non
961 1740 76 74 est

231 1777 190 69 accidens
374 1777 190 69 inherens
516 1777 158 69 sorti:
627 1777 222 69 denominans
801 1777 158 69 sortem
896 1777 127 69 partem

234 1815 215 67 distinctum
403 1815 77 67 a
434 1815 154 67 sorte:
541 1815 123 67 ergo
618 1815 123 67 male
695 1815 154 67 dictum
803 1815 123 67 est.
865 1815 169 67 Assumptum

226 1852 136 69 patet.
321 1852 95 69 vel
376 1852 95 69 est
430 1852 163 69 accidens
552 1852 190 69 diuisibile
701 1852 95 69 vel
755 1852 231 69 indiutsibile:
945 1852 81 69 si
972 1852 68 69 est

230 1887 236 68 indiuifibile
422 1887 162 68 oportet
540 1887 118 68 dare
614 1887 88 68 ei
658 1887 118 68 vnum
731 1887 192 68 subiectum
864 1887 177 68 indiuisibi

231 1926 96 66 le.
286 1926 96 66 non
341 1926 123 66 autem
423 1926 164 66 sufficit
545 1926 82 66 ei
586 1926 109 66 dare
655 1926 137 66 animam
750 1926 232 66 intellectiuam
928 1926 109 66 subie-

222 1961 131 65 ctum:
310 1961 116 65 quia
382 1961 102 65 hoc
441 1961 102 65 non
499 1961 145 65 soluit
601 1961 204 65 argumentum
761 1961 87 65 de
804 1961 131 65 patre
892 1961 145 65 asino.
979 1961 58 65 si

232 2009 112 52 vero
302 2009 98 52 est
358 2009 168 52 accidens
484 2009 210 52 diuisibile:
652 2009 112 52 tunc
722 2009 84 52 vt
764 2009 98 52 vna
820 2009 112 52 pars
890 2009 140 52 illius
974 2009 70 52 ac-

229 2032 152 74 cidentis
343 2032 88 74 est
394 2032 76 74 in
432 2032 88 74 vna
482 2032 114 74 parte
558 2032 164 74 subiecti:
684 2032 76 74 et
722 2032 101 74 alia
785 2032 76 74 in
823 2032 114 74 alia:
899 2032 88 74 sic
937 2032 101 74 pater-

234 2074 125 66 nitas
317 2074 97 66 est
373 2074 83 66 in
414 2074 125 66 manu:
497 2074 83 66 et
539 2074 180 66 paternit:
677 2074 69 66 s
705 2074 97 66 est
760 2074 152 66 impede:
871 2074 97 66 sed
926 2074 83 66 in
954 2074 83 66 quo-

239 2107 127 72 cumque
328 2107 89 72 est
379 2107 178 72 paternitas
519 2107 114 72 ipsum
595 2107 89 72 est
646 2107 127 72 pater:
735 2107 102 72 ergo
799 2107 89 72 pes
849 2107 127 72 sortis
938 2107 89 72 est
976 2107 64 72 pa-

240 2148 115 70 ter.
312 2148 72 70 â‹
340 2148 130 70 Forte
427 2148 130 70 dicis
513 2148 101 70 (et
571 2148 101 70 sic
628 2148 173 70 dicendum
758 2148 115 70 est)
830 2148 202 70 paternitas
974 2148 72 70 est

243 2187 158 62 accidens
361 2187 211 62 indiuisibile
533 2187 158 62 secundum
651 2187 211 62 intensionem.
822 2187 145 62 Priamus
927 2187 105 62 enim
980 2187 66 62 non

239 2223 92 63 est
292 2223 119 63 magis
371 2223 119 63 pater
449 2223 105 63 quam
515 2223 211 63 Sophroniscus
687 2223 132 63 habens
779 2223 119 63 solum
858 2223 171 63 Soecratem
976 2223 66 63 fi-

238 2258 110 64 lium.
311 2258 86 64 nec
360 2258 86 64 est
409 2258 147 64 accidens
520 2258 159 64 extensum:
642 2258 98 64 quia
704 2258 98 64 toti
765 2258 110 64 patri
839 2258 135 64 iheret:
937 2258 74 64 et
961 2258 86 64 nulli

245 2303 120 63 parti
325 2303 120 63 eius.
405 2303 174 63 adequatum
538 2303 107 63 enim
605 2303 174 63 subiectum
739 2303 107 63 eius
805 2303 93 63 est
859 2303 107 63 homo
926 2303 93 63 vel
966 2303 93 63 equus

239 2335 190 56 denoinatus
388 2335 135 56 pater.
483 2335 95 56 nec
537 2335 95 56 hoc
592 2335 190 56 inconuenit
741 2335 81 56 in
781 2335 217 56 accidentibus
944 2335 108 56 respe-

246 2373 147 59 ctiuis.
353 2373 94 59 hoc
406 2373 121 59 etiam
487 2373 121 59 patet
567 2373 80 59 in
608 2373 174 59 accidente
742 2373 174 59 absoluto.
876 2373 94 59 non
929 2373 107 59 enim
983 2373 67 59 da-

251 2406 107 67 tur
312 2406 198 67 adequatum
464 2406 198 67 subiectum
616 2406 168 67 puncti:
738 2406 168 67 ponendo
860 2406 137 67 ipsum
936 2406 122 67 impar-

263 2445 167 62 tibile.
384 2445 76 62 â‹
414 2445 151 62 Contra
520 2445 106 62 hoc
581 2445 197 62 arguitur.
732 2445 182 62 abscissa
868 2445 121 62 aure
929 2445 121 62 sortis

258 2484 118 65 quod
332 2484 177 65 reliquum
465 2484 103 65 est
524 2484 103 65 est
582 2484 147 65 pater:
686 2484 88 65 et
730 2484 103 65 non
789 2484 118 65 noua
848 2484 206 65 paternitate.

268 2520 113 60 ergo
339 2520 127 60 prius
424 2520 113 60 illa
494 2520 198 60 paternitas
650 2520 184 60 inherebat
792 2520 113 60 illi
863 2520 142 60 parti.
962 2520 71 60 â‹
976 2520 85 60 For-

266 2556 87 61 te
310 2556 145 61 dices:
412 2556 116 61 erit
485 2556 116 61 noua
557 2556 218 61 paternitas:
732 2556 175 61 alioquin
863 2556 175 61 accidens
979 2556 73 61 mi-

266 2592 161 65 grabit
379 2592 97 65 de
427 2592 193 65 subiecto
572 2592 97 65 in
620 2592 209 65 subiectum
781 2592 80 65 â‹
813 2592 113 65 Sed
877 2592 161 65 contra
974 2592 80 65 hoc

276 2638 180 70 arguitur.
414 2638 194 70 sequeretur
566 2638 111 70 quod
636 2638 138 70 quando
732 2638 138 70 essent
829 2638 97 70 duo
884 2638 111 70 alba
953 2638 97 70 que
995 2638 69 70 in

1022 166 201 81 tenduntur
1176 166 217 81 successiue
1347 166 77 81 a
1378 166 108 81 non
1440 166 139 81 gradu
1533 166 93 81 ad
1579 166 170 81 aliquem
1688 166 139 81 certum.

1021 221 155 69 gradum
1130 221 155 69 vsque:
1239 221 233 69 vniformiter
1426 221 233 69 difformiter
1612 221 109 69 per
1674 221 124 69 vnam
1736 221 78 69 ho-

1028 262 103 63 ram:
1092 262 103 63 quod
1157 262 90 63 ibi
1208 262 116 63 erunt
1285 262 154 63 infinite
1400 262 218 63 similitudines
1580 262 167 63 producte:
1708 262 77 63 et
1734 262 90 63 infi-

1028 300 124 58 nite
1106 300 265 58 similitudines
1324 300 202 58 corrupte:
1480 300 124 58 quod
1557 300 171 58 videtur
1666 300 156 58 inconue-

1028 338 148 57 niens.
1132 338 133 57 probo
1221 338 267 57 consequentiam.
1443 338 148 57 quando
1546 338 89 57 in
1591 338 163 57 vtroque
1695 338 118 57 subie-

1036 365 98 66 cto
1092 365 98 66 est
1148 365 141 66 albedo
1247 365 84 66 vt
1289 365 126 66 vnum:
1373 365 98 66 iam
1429 365 112 66 illa
1500 365 98 66 duo
1556 365 155 66 corpora
1668 365 112 66 sunt
1725 365 98 66 simi-

1039 404 91 67 lia
1091 404 91 67 per
1143 404 220 67 similitudines
1324 404 194 67 inherentes:
1479 404 91 67 ita
1531 404 104 67 quod
1596 404 91 67 est
1648 404 91 67 vna
1687 404 129 67 similitu

1034 446 88 63 do
1078 446 176 63 inherens
1210 446 73 63 a
1239 446 161 63 corpori
1356 446 132 63 albo:
1444 446 88 63 et
1488 446 117 63 alia
1561 446 249 63 correspondens
1766 446 88 63 in

1044 479 90 73 on
1089 479 165 73 corpore
1209 479 135 73 albo.
1298 479 120 73 tunc
1373 479 150 73 quando
1478 479 90 73 in
1523 479 165 73 vtroque
1643 479 165 73 corpore
1747 479 90 73 erit

1042 523 140 60 albedo
1140 523 84 60 vt
1182 523 112 60 duo:
1252 523 112 60 erit
1322 523 112 60 alia
1392 523 196 60 similitudo
1546 523 98 60 cum
1602 523 112 60 erit
1672 523 126 60 aliud
1742 523 84 60 fun-

1045 553 202 68 damentum
1197 553 101 68 et
1248 553 152 68 alius
1349 553 219 68 terminus.
1517 553 152 68 Eodem
1619 553 135 68 modo
1686 553 152 68 argumen

1049 590 139 65 tabor
1141 590 93 65 de
1188 590 108 65 vno
1249 590 139 65 gradu
1342 590 201 65 albedinis
1497 590 93 65 et
1543 590 154 65 semis:
1651 590 93 65 de
1697 590 108 65 vno
1744 590 77 65 gra

1050 634 90 60 du
1095 634 194 60 albedinis
1244 634 90 60 et
1289 634 105 60 vna
1349 634 164 60 quarta.
1468 634 90 60 et
1513 634 105 60 sic
1573 634 120 60 sine
1648 634 149 60 statu.
1752 634 75 60 â‹
1767 634 75 60 Re-

1046 666 164 67 spondetur
1173 666 101 67 quod
1236 666 88 67 non
1286 666 88 67 est
1337 666 164 67 inconuen:
1463 666 88 67 ens
1513 666 101 67 quod
1577 666 151 67 infinite
1678 666 151 67 relationes

1053 700 226 66 producantur
1234 700 91 66 et
1279 700 181 66 infinite
1415 700 242 66 corrumpantur
1596 700 242 66 categorematice

1039 741 176 68 infinite:
1175 741 108 68 quia
1242 741 95 68 ita
1297 741 95 68 est
1351 741 81 68 de
1391 741 176 68 subiectis
1527 741 149 68 illarum
1621 741 217 68 similitudinum.

1086 780 192 57 Similiter
1234 780 148 57 potest
1338 780 178 57 quispiam
1471 780 207 57 argumentum
1634 780 148 57 facere
1737 780 89 57 de
1767 780 74 57 or-

1050 814 120 69 dine
1125 814 180 69 fluminis
1260 814 180 69 protensi
1395 814 90 69 ab
1440 814 105 69 vna
1501 814 135 69 parte
1591 814 135 69 aluei
1681 814 90 69 in
1711 814 135 69 alteram

1049 851 90 70 ad
1094 851 195 70 probandum
1244 851 120 70 quod
1319 851 120 70 ille
1394 851 120 70 ordo
1470 851 105 70 non
1530 851 135 70 durat
1620 851 105 70 per
1680 851 105 70 duo
1725 851 120 70 instan

1054 884 97 71 tia
1109 884 83 71 ob
1151 884 152 71 celerem
1261 884 179 71 discessum
1399 884 166 71 fluminis
1524 884 69 71 a
1551 884 179 71 lateribus
1689 884 138 71 aluei.
1772 884 69 71 Sed

1059 923 97 77 hoc
1114 923 194 77 argumentum
1267 923 138 77 potest
1363 923 124 77 solui
1446 923 83 77 ex
1488 923 207 77 precedenti.
1654 923 83 77 et
1681 923 166 77 respondens

1058 959 80 71 in
1098 959 174 71 nominalem
1232 959 187 71 argumentum
1379 959 187 71 retorquere
1526 959 147 71 potest:
1633 959 120 71 licet
1713 959 107 71 ille
1767 959 80 71 ordo

1069 998 95 70 vel
1124 998 95 70 res
1178 998 95 70 que
1233 998 109 70 fuit
1301 998 109 70 ille
1369 998 109 70 ordo
1437 998 68 70 /
1464 998 136 70 maneat
1559 998 82 70 in
1600 998 122 70 rerum
1682 998 150 70 natura:
1777 998 68 70 ta-

1058 1036 115 72 men
1123 1036 148 72 perit
1222 1036 115 72 hic
1288 1036 132 72 ordo
1370 1036 181 72 propter
1501 1036 247 72 variationem
1699 1036 148 72 rerum
1781 1036 82 72 mu-

1065 1072 104 69 tuo
1124 1072 237 69 ordinatarum.
1317 1072 133 69 sicut
1406 1072 148 69 quando
1510 1072 178 69 continuo
1643 1072 163 69 aliquid
1747 1072 104 69 alte-

1067 1107 138 73 ratur
1159 1107 215 73 acquirendo
1327 1107 138 73 nouam
1419 1107 245 73 quantitatem:
1619 1107 215 73 aduersarii
1772 1107 77 73 ha-

1068 1146 117 75 bent
1142 1146 147 75 dicere
1244 1146 88 75 in
1289 1146 117 75 illo
1362 1146 176 75 instanti
1494 1146 132 75 motus
1582 1146 103 75 hec
1641 1146 161 75 totalis
1744 1146 117 75 quati-

1071 1181 97 70 tas
1127 1181 125 70 fuit:
1210 1181 97 70 sed
1266 1181 139 70 semper
1363 1181 97 70 est
1419 1181 111 70 noua
1488 1181 70 70 a
1516 1181 125 70 noua.
1600 1181 83 70 et
1641 1181 125 70 sicut
1725 1181 83 70 tu
1753 1181 97 70 ponis

1074 1225 181 65 nouitatem
1214 1225 84 65 in
1255 1225 126 65 rebus
1339 1225 195 65 absolutis:
1492 1225 98 65 ita
1548 1225 153 65 licebit
1660 1225 98 65 eis
1716 1225 126 65 nouas
1785 1225 70 65 re-

1063 1262 186 67 lationes
1203 1262 155 67 ponere
1312 1262 93 67 in
1359 1262 140 67 rebus
1452 1262 140 67 ipsis
1545 1262 202 67 fundatas.
1701 1262 78 67 â‹
1716 1262 140 67 Secundo

1067 1296 196 68 arguitur:
1217 1296 150 68 maxime
1323 1296 180 68 proprium
1458 1296 105 68 est
1518 1296 211 68 substantie
1684 1296 105 68 cum
1744 1296 105 68 sit
1789 1296 75 68 vna

1075 1332 84 69 et
1117 1332 126 69 eadem
1201 1332 139 69 numero
1298 1332 112 69 quod
1368 1332 98 69 sit
1424 1332 195 69 susceptiua
1577 1332 237 69 contrariorum:
1772 1332 84 69 ex
1800 1332 70 69 vna

1087 1371 201 62 noprietate
1245 1371 244 62 praedicamenti
1446 1371 215 62 substantie:
1618 1371 115 62 ergo
1690 1371 101 62 non
1747 1371 101 62 est
1790 1371 72 62 vna

1070 1405 222 71 similitudo
1245 1405 191 71 inherens
1388 1405 191 71 albedini
1531 1405 111 71 per
1594 1405 127 71 quam
1658 1405 206 71 denominatur

1086 1439 166 72 imilis:
1206 1439 120 72 quia
1282 1439 120 72 tunc
1357 1439 211 72 accidentis
1523 1439 136 72 esset
1613 1439 196 72 accidens.
1764 1439 75 72 â‹
1794 1439 105 72 Sed

1084 1482 125 68 dices
1167 1482 111 68 quod
1237 1482 139 68 maxime
1334 1482 97 68 non
1389 1482 153 68 capitur
1500 1482 236 68 aduerbialiter
1695 1482 83 68 in
1736 1482 111 68 illa
1792 1482 83 68 pro-

1087 1521 180 65 prietate:
1226 1521 97 65 sed
1281 1521 97 65 est
1337 1521 194 65 adiectiuum
1489 1521 152 65 termini
1600 1521 208 65 substantie.
1752 1521 111 65 albedo

1080 1559 175 66 secundum
1211 1559 145 66 multos
1313 1559 160 66 inheret
1430 1559 204 66 quantitati
1590 1559 175 66 continue
1721 1559 73 66 e
1750 1559 102 66 non
1793 1559 73 66 in-

1088 1591 178 68 conuenit
1222 1591 252 68 similitudinem
1430 1591 178 68 inherere
1563 1591 193 68 albedini.
1712 1591 119 68 vnde
1771 1591 104 68 albe-

1083 1627 91 71 do
1128 1627 107 71 est
1189 1627 228 71 fundamentum
1372 1627 213 71 propinquum
1539 1627 152 71 illius
1631 1627 243 71 similitudinis:

1088 1664 179 76 papyrus
1218 1664 130 76 alba
1299 1664 114 76 est
1364 1664 244 76 fundamentum
1560 1664 179 76 remotum
1690 1664 195 76 eiusdem.
1820 1664 49 76 a

1089 1705 118 68 bedo
1163 1705 103 68 est
1222 1705 133 68 ratio
1311 1705 162 68 proxima
1429 1705 133 68 quare
1517 1705 103 68 vna
1576 1705 103 68 res
1635 1705 103 68 est
1694 1705 162 68 similis
1797 1705 89 68 alte

1098 1739 87 70 i:
1142 1739 102 70 cum
1200 1739 203 70 similitudo
1360 1739 73 70 e
1389 1739 131 70 rerum
1476 1739 218 70 differentia
1650 1739 116 70 sint
1722 1739 131 70 eadem
1795 1739 87 70 qua-

1089 1780 141 71 litas.
1187 1780 70 71 â‹
1215 1780 98 71 Sed
1272 1780 141 71 contra
1370 1780 126 71 istud
1454 1780 183 71 arguitur.
1595 1780 197 71 sequeretur
1750 1780 112 71 quod
1806 1780 70 71 per

1094 1815 241 76 productionem
1290 1815 136 76 vnius
1380 1815 196 76 albedinis
1531 1815 151 76 essent
1636 1815 166 76 inumere
1741 1815 136 76 simili-

1098 1849 168 71 rudines
1220 1849 183 71 producte
1357 1849 91 71 in
1402 1849 168 71 omnibus
1524 1849 137 71 aliis
1616 1849 229 71 albedinibus
1783 1849 107 71 quan-

1093 1883 99 76 tum
1150 1883 142 76 cunque
1249 1883 227 76 distantibus:
1434 1883 114 76 quod
1505 1883 99 76 est
1562 1883 241 76 inconueniens.
1760 1883 114 76 Quod
1817 1883 57 76 se

1092 1925 144 71 quatur
1192 1925 144 71 patet.
1293 1925 115 71 enim
1364 1925 100 71 hec
1422 1925 144 71 albedo
1522 1925 158 71 parisii
1637 1925 172 71 producta
1766 1925 86 71 de
1795 1925 86 71 nouo

1089 1959 81 75 in
1130 1959 95 75 hoc
1184 1959 109 75 osse
1252 1959 163 75 proiecto
1374 1959 81 75 in
1415 1959 122 75 ignem
1497 1959 95 75 est
1551 1959 149 75 similis
1659 1959 163 75 albedini
1781 1959 81 75 in
1809 1959 81 75 osse

1087 2003 196 67 elephantis
1241 2003 84 67 in
1283 2003 126 67 India
1367 2003 84 67 et
1409 2003 196 67 Taprobana:
1564 2003 84 67 et
1606 2003 98 67 ita
1662 2003 84 67 in
1704 2003 154 67 ceteris
1802 2003 84 67 albe

1098 2035 180 73 dinibus.
1233 2035 90 73 et
1278 2035 180 73 queritur
1413 2035 120 73 quis
1488 2035 180 73 produxit
1624 2035 255 73 similitudinem
1819 2035 60 73 in

1095 2070 90 77 os
1140 2070 239 77 elephantinum
1334 2070 90 77 in
1379 2070 164 77 Indias.
1499 2070 75 77 â‹
1528 2070 90 77 Ad
1573 2070 134 77 istud
1663 2070 209 77 conceditur
1812 2070 75 77 se-

1109 2110 129 78 quela:
1199 2110 77 78 id
1238 2110 103 78 enim
1302 2110 77 78 in
1340 2110 116 78 rebus
1418 2110 193 78 respectiuis
1572 2110 90 78 non
1623 2110 90 78 est
1675 2110 218 78 inconueniens.
1842 2110 51 78 et

1102 2145 95 75 non
1157 2145 95 75 est
1211 2145 122 75 magna
1292 2145 95 75 vis
1347 2145 95 75 que
1401 2145 122 75 causa
1482 2145 163 75 produxit
1604 2145 122 75 illam
1672 2145 217 75 similitudinem:

1107 2189 155 68 dicatur
1220 2189 113 68 quod
1290 2189 127 68 ignis
1375 2189 183 68 producens
1516 2189 183 68 albedinem
1657 2189 85 68 in
1699 2189 113 68 vnum
1769 2189 85 68 os
1797 2189 85 68 pro-

1102 2218 130 75 ducit
1188 2218 87 75 in
1232 2218 130 75 ipsum
1318 2218 116 75 vnam
1390 2218 246 75 similitudinem
1593 2218 87 75 et
1636 2218 130 75 aliam
1723 2218 87 75 in
1752 2218 144 75 terminum

1110 2265 239 75 quantumcumque
1306 2265 197 75 distantem:
1461 2265 140 75 immosi
1559 2265 154 75 ponatur
1671 2265 182 75 infinitum
1798 2265 98 75 clau-

1098 2291 101 79 sum
1155 2291 130 79 inter
1242 2291 101 79 duo
1300 2291 159 79 puncta:
1416 2291 101 79 hic
1474 2291 130 79 ignis
1560 2291 174 79 producat
1676 2291 217 79 similitudinem

1104 2330 86 75 in
1147 2330 130 75 aliud
1233 2330 187 75 extremum.
1377 2330 101 75 non
1435 2330 130 75 autem
1521 2330 101 75 est
1579 2330 231 75 inconueniens
1766 2330 115 75 dare
1824 2330 72 75 in-

1118 2368 132 74 initas
1210 2368 225 74 similitudines
1396 2368 79 74 in
1436 2368 93 74 hoc
1489 2368 119 74 osse.
1568 2368 172 74 quaelibet
1700 2368 106 74 enim
1767 2368 106 74 pars
1820 2368 79 74 pro-

1107 2406 229 80 portionalis
1290 2406 137 80 habet
1381 2406 122 80 vnam
1457 2406 259 80 similitudinem
1670 2406 107 80 per
1731 2406 122 80 quam
1792 2406 107 80 deno-

1113 2452 154 63 minatur
1225 2452 154 63 similis
1337 2452 154 63 alteri.
1449 2452 84 63 Et
1491 2452 84 63 si
1534 2452 140 63 dicas:
1632 2452 196 63 similitudo
1786 2452 98 63 rei
1828 2452 70 63 cu-

1109 2478 96 76 ius
1164 2478 164 76 quelibet
1287 2478 109 76 pars
1355 2478 150 76 dicitur
1464 2478 109 76 esse
1532 2478 150 76 similis
1642 2478 96 76 est
1696 2478 164 76 extensa:
1805 2478 96 76 licet

1120 2519 105 70 non
1180 2519 165 70 intensa
1300 2519 150 70 rediit
1405 2519 90 70 in
1450 2519 135 70 idem.
1541 2519 75 70 â‹
1571 2519 150 70 Tertio
1676 2519 195 70 arguitur:
1811 2519 90 70 stat

1123 2552 111 74 bare
1193 2552 139 74 patrem
1290 2552 167 74 respectu
1415 2552 125 74 filii
1498 2552 111 74 sine
1567 2552 222 74 parternitate
1748 2552 83 74 in
1789 2552 125 74 patre
1859 2552 56 74 et

1123 2589 181 82 iliatione
1262 2589 83 82 in
1304 2589 139 82 filio:
1401 2589 111 82 ergo
1471 2589 139 82 inanis
1568 2589 97 82 est
1624 2589 236 82 multiplicatio
1805 2589 97 82 vnius
