2465 3313
359 211 104 67 nor
419 211 134 67 etiam
508 211 149 67 animam
613 211 164 67 christi
732 211 194 67 quamlibet
881 211 149 67 partem
986 211 179 67 continui
1105 211 60 67 di

351 268 174 48 stincte
478 268 238 48 cognoscere.
668 268 95 48 Et
716 268 143 48 sicut
811 268 111 48 non
875 268 143 48 datur
970 268 159 48 minima
1065 268 95 48 pars

353 303 96 48 in
401 303 192 48 continuo
545 303 112 48 non
609 303 208 48 cognoscit
768 303 192 48 minimam.
912 303 112 48 non
976 303 160 48 potest
1072 303 80 48 ta-

351 343 111 45 men
414 343 205 45 quamlibet
572 343 158 45 partem
683 343 205 45 distincte
841 343 190 45 cognitam
983 343 79 45 a
999 343 158 45 qualibet

363 374 123 52 alia
440 374 200 52 separare:
593 374 123 52 quia
670 374 185 52 quelibet
809 374 169 52 illarum
932 374 139 52 esset
1009 374 154 52 imparti-

360 412 148 55 bilis.
464 412 119 55 Quod
538 412 148 55 probo:
642 412 119 55 quia
717 412 119 55 data
791 412 104 55 vna
850 412 163 55 illarum
969 412 178 55 partium:
1088 412 74 55 vel

356 455 108 48 illa
423 455 121 48 habet
504 455 108 48 tres
571 455 162 48 tertias:
693 455 81 48 et
733 455 135 48 centum
827 455 202 48 centesimas:
989 455 81 48 et
1030 455 108 48 tunc
1084 455 67 48 non

359 487 176 54 quelibet
491 487 190 54 distincte
638 487 161 54 cognita
755 487 103 54 est
813 487 176 54 separata
945 487 88 54 ab
989 487 132 54 alia.
1077 487 88 54 Et
1106 487 59 54 li

360 526 105 51 cet
420 526 151 51 quidam
526 526 151 51 doctor
631 526 136 51 dicat
721 526 90 51 se
767 526 181 51 tenuisse
902 526 90 51 in
947 526 151 51 quadam
1038 526 120 51 respon

355 568 123 50 sione
437 568 151 50 publica
547 568 110 50 quod
615 568 110 50 sic:
684 568 96 50 non
739 568 123 50 tamen
821 568 178 50 recitauit
958 568 82 50 an
985 568 178 50 baccalaurei

361 607 175 45 contenti
492 607 189 45 abierant.
638 607 146 45 semper
740 607 116 45 enim
813 607 160 45 remanet
929 607 160 45 questio
1046 607 87 45 an
1075 607 87 45 qua-

357 639 126 55 libet
441 639 154 55 remanet
553 639 211 55 diuisibilis
722 639 84 55 an
764 639 253 55 indiuisibilis:
975 639 98 55 non
1017 639 140 55 secundum

361 673 125 63 illud
444 673 153 63 reputat
555 673 222 63 impossibile:
736 673 83 63 vt
777 673 125 63 patet
861 673 83 63 in
902 673 97 63 suo
958 673 167 63 secundo.
1069 673 83 63 pri-

352 725 123 41 mum
423 725 193 41 indubie
563 725 211 41 includit
721 725 351 41 contradictionem.
1020 725 140 41 Apud
1090 725 70 41 me

359 753 105 61 non
419 753 105 61 est
479 753 136 61 tamen
570 753 226 61 inopinabile
750 753 226 61 naturaliter
931 753 196 61 loquendo:
1067 753 90 61 quod

356 790 206 51 continuum
514 790 221 51 componitur
688 790 95 51 ex
736 790 190 51 punctis.
878 790 95 51 Et
926 790 190 51 rationes
1052 790 111 51 huius

361 827 88 52 et
405 827 162 52 aliorum
523 827 132 52 alibi
611 827 147 52 eluere
714 827 206 52 curabimus.
876 827 103 52 Sed
935 827 118 52 quia
993 827 162 52 tenebrose

362 871 154 49 loquitur
478 871 128 49 potest
567 871 103 49 dici
631 871 103 49 quod
695 871 128 49 tenuit
785 871 103 49 quod
849 871 154 49 quelibet
965 871 103 49 pars
1029 871 90 49 est
1067 871 90 49 sepa-

367 905 118 53 rata
441 905 177 53 secundum
574 905 236 53 cognitionem:
766 905 103 53 sed
825 905 133 53 certe
913 905 133 53 nihil
1002 905 118 53 noui
1061 905 103 53 tenu-

368 945 97 53 it:
424 945 111 53 quia
493 945 125 53 illud
576 945 69 53 a
603 945 166 53 quolibet
728 945 166 53 theologo
853 945 208 53 conceditur.
1019 945 69 53 â‹
1032 945 125 53 Secundo

364 978 197 57 arguitur:
515 978 91 57 si
561 978 121 57 deus
637 978 197 57 cognoscit
788 978 197 57 quodlibet
940 978 91 57 et
985 978 136 57 omnia
1061 978 106 57 eodem

355 1017 129 59 modo:
440 1017 86 59 et
483 1017 129 59 omnia
569 1017 200 59 praedicata
726 1017 186 59 dicibilia
869 1017 86 59 de
912 1017 143 59 ipsis:
1012 1017 114 59 ergo
1069 1017 100 59 cogno

354 1065 129 42 scit
435 1065 210 42 complexe.
596 1065 81 42 â‹
629 1065 113 42 hoc
693 1065 226 42 argumentum
871 1065 162 42 nullum
984 1065 129 42 est,
1049 1065 113 42 conce

367 1090 118 59 ditur
446 1090 105 59 enim
512 1090 105 59 quod
577 1090 118 59 licet
656 1090 105 59 deus
722 1090 92 59 sit
775 1090 145 59 simplex
880 1090 79 59 in
919 1090 158 59 essentia
1038 1090 118 59 tamen
1103 1090 66 59 co-

360 1133 134 48 plexe
450 1133 209 48 cognoscit:
614 1133 134 48 sicut
703 1133 104 48 non
763 1133 224 48 improbabile
942 1133 104 48 est
1002 1133 119 48 quod
1062 1133 104 48 menta

369 1179 92 43 lis
421 1179 92 43 sit
474 1179 144 43 simplex
579 1179 144 43 notitia
684 1179 79 43 et
724 1179 158 43 complexe
842 1179 197 43 significat:
999 1179 79 43 et
1039 1179 92 43 sic
1078 1179 79 43 deus

368 1205 109 58 est
431 1205 250 58 grammaticus:
634 1205 187 58 logicus:
774 1205 172 58 rhetor:
899 1205 218 58 geometria:
1055 1205 109 58 cogno

366 1246 105 52 scit
432 1246 105 52 quod
498 1246 198 52 superlineam
656 1246 119 52 datam
735 1246 171 52 contingit
866 1246 184 52 triangulum
998 1246 171 52 equilaterum

359 1288 207 47 collocare:
522 1288 89 47 et
566 1288 118 47 quod
640 1288 177 47 obliquus
773 1288 177 47 infronte
905 1288 148 47 rectus
1009 1288 89 47 in
1053 1288 133 47 medio
1127 1288 44 47 &

377 1324 136 47 verbum
473 1324 82 47 in
514 1324 123 47 calce
595 1324 177 47 orationis
732 1324 95 47 est
786 1324 177 47 locandum.
923 1324 82 47 et
964 1324 95 47 non
1018 1324 150 47 contra.
1113 1324 55 47 et

369 1361 112 48 sic
433 1361 160 48 aliqua
545 1361 224 48 grammatica
721 1361 112 48 est
785 1361 160 48 logica
897 1361 208 48 realiter.
1057 1361 80 48 â‹
1073 1361 96 48 Ulte

371 1397 108 49 rius
438 1397 121 49 patet
519 1397 108 49 quod
586 1397 108 49 deus
654 1397 94 49 est
708 1397 148 49 notitia
815 1397 216 49 apprehensiua
991 1397 121 49 falsi
1072 1397 81 49 et
1099 1397 67 49 im-

356 1431 218 58 possibilis.
531 1431 102 58 non
589 1431 131 58 tamen
676 1431 102 58 est
735 1431 204 58 iudicatiua
895 1431 160 58 notitia
1011 1431 145 58 falsi.
1098 1431 73 58 hoc

375 1474 138 51 nihil
467 1474 138 51 aliud
559 1474 107 51 est
620 1474 138 51 dictu
712 1474 123 51 quam
789 1474 123 51 deum
865 1474 245 51 apprehendere
1049 1474 123 51 falsum

375 1514 137 45 Etiam
466 1514 91 45 in
512 1514 259 45 apprehensione
725 1514 107 45 non
786 1514 213 45 iudiciaria
953 1514 107 45 non
999 1514 167 45 consistit

371 1542 169 61 deceptio:
501 1542 117 61 secus
579 1542 91 61 est
631 1542 78 61 in
670 1542 156 61 iudicio.
788 1542 117 61 Habet
866 1542 117 61 tamen
944 1542 143 61 aliquam
1035 1542 143 61 conuenien

377 1587 118 51 tiam
451 1587 103 51 cum
510 1587 163 51 notitia
628 1587 222 51 abstractiua
806 1587 118 51 quae
880 1587 103 51 est
939 1587 177 51 respectu
1057 1587 118 51 absen-

374 1625 114 49 tium:
450 1625 89 49 sic
501 1625 102 49 enim
565 1625 102 49 deus
628 1625 152 49 absentia
742 1625 152 49 intuetur
857 1625 114 49 sicut
933 1625 190 49 praesentia:
1085 1625 76 49 et
1111 1625 63 49 sic

363 1666 165 50 conuenit
487 1666 96 50 cum
542 1666 151 50 notitia
652 1666 179 50 intuitiua
790 1666 151 50 nostra:
900 1666 96 50 non
955 1666 96 50 est
996 1666 179 50 syllogismus

371 1699 215 54 sophisticus
543 1699 86 54 vt
586 1699 129 54 sonat
672 1699 86 54 in
715 1699 129 54 malam
802 1699 144 54 partem
902 1699 72 54 /
931 1699 101 54 nec
988 1699 172 54 cognitio
1103 1699 72 54 vni

374 1734 186 50 uersalis
513 1734 108 50 hoc
575 1734 124 50 modo
652 1734 108 50 set
714 1734 232 50 representet
900 1734 201 50 specifice
1039 1734 139 50 singula

371 1774 136 55 riter:
466 1774 81 55 et
507 1774 231 55 discretissime
697 1774 176 55 sibiipsi.
833 1774 68 55 â‹
860 1774 109 55 Nunc
928 1774 204 55 respondetur
1091 1774 81 55 ad
1118 1774 54 55 ra

376 1809 155 51 tiones
484 1809 263 51 commentatoris
701 1809 155 51 quarum
809 1809 139 51 multe
902 1809 124 51 sunt
980 1809 186 51 faciles.
1104 1809 77 51 nec

369 1848 115 54 est
434 1848 132 54 opus
517 1848 99 54 ad
566 1848 148 54 illas
664 1848 247 54 respondere.
862 1848 82 54 â‹
895 1848 99 54 Et
944 1848 164 54 arguit
1043 1848 132 54 primo.

371 1887 85 58 si
413 1887 228 58 intelligeret
598 1887 114 58 alia
670 1887 71 58 a
698 1887 100 58 se:
755 1887 114 58 tunc
826 1887 100 58 sua
883 1887 199 58 substantia
1040 1887 100 58 non
1082 1887 100 58 esset

371 1926 214 50 intellectio
542 1926 171 50 eiusdem:
670 1926 100 50 sed
727 1926 114 50 erit
798 1926 171 50 potentia
927 1926 100 50 per
984 1926 114 50 quam
1055 1926 100 50 fit
1098 1926 71 50 in-

381 1961 220 49 tellectio.
554 1961 78 49 â‹
585 1961 94 49 Ad
632 1961 110 49 hoc
695 1961 172 49 dicitur
820 1961 267 49 consequentiam
1040 1961 125 49 esse
1103 1961 78 49 nul

381 1997 132 49 lam.
463 1997 82 49 â‹
496 1997 181 49 Secundo
628 1997 115 49 sic
694 1997 181 49 arguit:
825 1997 132 49 quia
908 1997 132 49 tunc
990 1997 181 49 aliquid
1106 1997 82 49 es-

378 2041 112 46 set
442 2041 191 46 nobilius
585 2041 112 46 deo
649 2041 128 46 quod
729 2041 112 46 est
792 2041 175 46 falsum.
920 2041 143 46 patet
1000 2041 175 46 consequen

375 2077 119 43 tia:
449 2077 119 43 quia
524 2077 223 43 intellectum
702 2077 104 43 est
762 2077 193 43 perfectio
910 2077 253 43 intelligentis
1104 2077 74 43 sci

377 2114 142 45 licet
472 2114 237 45 causaliter.
662 2114 127 45 quia
741 2114 158 45 causat
852 2114 95 45 in
899 2114 253 45 intelligente
1089 2114 95 45 suam

383 2148 261 56 perfectionem
595 2148 114 56 que
660 2148 114 56 est
726 2148 261 56 intellectio.
938 2148 131 56 omne
1020 2148 147 56 autem
1101 2148 82 56 ta-

384 2191 93 47 le
431 2191 202 47 inquantum
587 2191 202 47 huiusmodi
742 2191 218 47 perfectius
913 2191 109 47 est
976 2191 140 47 illo.
1069 2191 78 47 â‹
1085 2191 93 47 Pri-

370 2232 101 40 ma
421 2232 269 40 consequentia
640 2232 118 40 est
707 2232 168 40 nulla.
825 2232 101 40 Et
875 2232 101 40 ad
926 2232 269 40 probationem:
1128 2232 67 40 di

392 2263 96 51 co
440 2263 128 51 quod
520 2263 112 51 non
584 2263 144 51 habet
679 2263 207 51 veritatem
839 2263 96 51 de
887 2263 255 51 intelligente
1078 2263 112 51 cuius

387 2304 236 44 intellectio
576 2304 110 44 non
639 2304 252 44 distinguitur
844 2304 79 44 a
875 2304 110 44 sua
938 2304 220 44 substantia
1096 2304 94 44 qua-

386 2345 123 43 lis
457 2345 123 43 est
527 2345 159 43 deus.
633 2345 88 43 â‹
669 2345 141 43 Item
757 2345 159 43 anima
863 2345 247 43 intelligit
1039 2345 141 43 muscam

383 2380 113 46 que
447 2380 113 46 est
512 2380 145 46 anima
609 2380 274 46 imperfectior.
834 2380 81 46 â‹
867 2380 161 46 Tertio
979 2380 177 46 arguit.
1092 2380 97 46 quia

381 2414 124 49 tunc
459 2414 109 49 non
521 2414 140 49 esset
615 2414 233 49 independens
801 2414 93 49 et
848 2414 109 49 non
910 2414 187 49 indigens
1050 2414 124 49 alia
1112 2414 78 49 re:

384 2455 112 48 qui
448 2455 241 48 intellectus
641 2455 193 48 dependet
785 2455 96 48 ab
834 2455 241 48 intellecto.
1026 2455 80 48 â‹
1042 2455 145 48 Negatur

384 2491 235 53 consequentia
575 2491 74 53 â‹
605 2491 147 53 Quarto
708 2491 176 53 sequitur
840 2491 118 53 quod
914 2491 118 53 deus
987 2491 162 53 patitur
1090 2491 103 53 moue-

388 2529 96 49 tur
443 2529 83 49 ab
485 2529 110 49 alio
553 2529 69 49 â‹
581 2529 110 49 Nego
650 2529 234 49 consequentiam
842 2529 124 49 nihil
925 2529 110 49 enim
993 2529 83 49 in
1035 2529 83 49 se
1062 2529 124 49 recipit

393 2571 77 50 â‹
423 2571 168 50 Quinto:
546 2571 123 50 tunc
622 2571 107 50 sua
684 2571 230 50 intellectio
867 2571 107 50 non
929 2571 138 50 esset
1005 2571 184 50 nobilissi-

378 2606 107 46 ma:
439 2606 92 46 et
485 2606 107 46 cum
546 2606 107 46 sua
608 2606 199 46 perfectio
761 2606 107 46 sit
822 2606 92 46 in
868 2606 245 46 intelligendo
1067 2606 107 46 non
1113 2606 77 46 es

1211 201 114 62 set
1276 201 261 62 nobilissimus
1488 201 130 62 quod
1569 201 114 62 est
1634 201 163 62 contra
1748 201 163 62 primam
1846 201 179 62 conclusio

1209 254 123 45 nem.
1286 254 246 45 consequentia
1486 254 200 45 probatur.
1640 254 123 45 quia
1717 254 231 45 intellectio
1901 254 108 45 rei
1947 254 62 45 vi

1206 295 110 42 lis
1269 295 110 42 non
1332 295 110 42 est
1394 295 188 42 nobilis:
1535 295 110 42 sed
1598 295 156 42 vilis.
1707 295 94 42 Et
1754 295 125 42 ideo
1832 295 125 42 apud
1910 295 110 42 nos
1957 295 63 42 me

1200 334 109 41 lis
1263 334 109 41 est
1325 334 109 41 non
1388 334 187 41 meditari
1528 334 94 41 de
1575 334 172 41 talibus
1699 334 125 41 quam
1777 334 187 41 meditari
1918 334 94 41 et
1949 334 78 41 non

1210 367 153 47 videre
1317 367 123 47 quam
1394 367 169 47 videre.
1516 367 77 47 â‹
1547 367 153 47 Fateor
1654 367 123 47 haec
1731 367 138 47 ratio
1823 367 169 47 aliquid
1930 367 92 47 appa

1203 407 124 47 rentie
1289 407 124 47 habet.
1376 407 62 47 â‹
1401 407 74 47 Ad
1438 407 136 47 quintum
1537 407 99 47 nego
1599 407 223 47 consequentiam.
1785 407 112 47 licet
1859 407 87 47 sit
1909 407 99 47 vile
1958 407 50 47 oc

1205 449 158 42 cupare
1316 449 236 42 intellectum
1505 449 142 42 circa
1599 449 142 42 vilia
1694 449 110 42 vbi
1757 449 236 42 intellectus
1930 449 79 42 im-

1200 484 165 41 peditur
1320 484 90 41 ab
1365 484 255 41 intelligentia
1575 484 225 41 nobiliorum:
1756 484 105 41 aut
1816 484 105 41 per
1861 484 150 41 intelli-

1199 522 187 49 gentiam
1335 522 170 49 vilium
1454 522 136 49 quis
1539 522 221 49 inducitur
1708 522 102 49 ad
1759 522 238 49 peccandum:
1929 522 85 49 vbi

1216 556 138 49 tamen
1307 556 168 49 neutrum
1430 556 229 49 contingeret
1613 556 107 49 hoc
1675 556 107 49 non
1736 556 138 49 esset
1827 556 138 49 vile.
1919 556 76 49 â‹
1935 556 76 49 Sex

1207 593 87 48 to
1251 593 145 48 arguit
1353 593 232 48 Commentator:
1542 593 116 48 quia
1614 593 87 48 si
1658 593 232 48 intelligeret
1847 593 116 48 alia
1919 593 102 48 aut
1963 593 58 48 in

1212 631 138 44 vniversali
1321 631 109 44 tantum:
1400 631 69 44 aut
1440 631 59 44 in
1469 631 158 44 particulari:
1598 631 69 44 non
1637 631 59 44 in
1667 631 148 44 vniversali:
1786 631 79 44 quia
1835 631 89 44 talis
1884 631 129 44 intellectio

1214 671 101 44 est
1271 671 215 44 imperfecta:
1443 671 86 44 et
1487 671 215 44 impotentia.
1659 671 101 44 Nec
1716 671 86 44 in
1759 671 230 44 particulari:
1932 671 86 44 quia

1205 715 239 44 particularis
1399 715 119 44 sunt
1474 715 194 44 infinita.
1623 715 90 44 et
1668 715 179 44 infinita
1802 715 134 44 nulla
1877 715 149 44 scientia

1214 748 298 42 determinantur.
1463 748 133 42 ergo
1546 748 116 42 non
1612 748 215 42 cognoscit
1778 748 232 42 singularia
1943 748 83 42 di-

1214 785 166 47 stincte
1335 785 91 47 et
1380 785 91 47 in
1425 785 242 47 particulari.
1622 785 75 47 â‹
1652 785 226 47 Respondetur
1833 785 121 47 quod
1908 785 106 47 non
1954 785 60 47 in

1210 828 192 42 conuenit
1354 828 112 42 rem
1418 828 192 42 infinite
1562 828 256 42 perfectionis
1770 828 256 42 intellligere
1962 828 64 42 in

1217 859 169 45 finita
1335 859 236 45 distincte.
1521 859 84 45 â‹
1555 859 118 45 Sed
1622 859 169 45 dices:
1740 859 135 45 tuuc
1825 859 202 45 emergunt
1960 859 67 45 ee

1207 898 122 42 dem
1276 898 296 42 difficultates
1520 898 244 42 philosopho
1712 898 105 42 de
1747 898 279 42 immutabilitate

1204 937 117 48 dei
1271 937 100 48 de
1321 937 183 48 futuris
1454 937 300 48 contingentibus
1704 937 150 48 sicut
1804 937 166 48 nobis.
1920 937 83 48 â‹
1937 937 83 48 hoc

1211 978 244 37 conceditur.
1406 978 97 37 Et
1454 978 97 37 si
1503 978 162 37 dicas:
1617 978 227 37 cognoscere
1796 978 114 37 duo
1844 978 179 37 distincte

1211 1011 166 45 arguit
1327 1011 182 45 maiorem
1460 1011 265 45 perfectionem
1675 1011 133 45 quam
1758 1011 232 45 cognoscere
1924 1011 99 45 vnum

1205 1051 93 40 et
1252 1051 109 40 sic
1314 1051 249 40 consequenter
1517 1051 265 40 conscendendo:
1735 1051 125 40 ergo
1813 1051 109 40 est
1859 1051 156 40 infiniti

1212 1085 176 48 vigoris
1340 1085 96 48 si
1388 1085 208 48 cognoscat
1548 1085 208 48 infinita:
1708 1085 128 48 quod
1788 1085 144 48 tamen
1868 1085 144 48 philoso

1218 1122 144 53 phus
1308 1122 108 53 et
1362 1122 271 53 Commentator
1579 1122 235 53 negarent.
1759 1122 90 53 â‹
1795 1122 108 53 In
1850 1122 180 53 primis
1958 1122 72 53 di

1220 1168 149 40 citur
1320 1168 133 40 quod
1403 1168 232 40 argumentum
1585 1168 166 40 multum
1701 1168 265 40 probabiliter
1916 1168 99 40 ad
1949 1168 83 40 hoc

1216 1196 165 45 deducit
1336 1196 120 45 quod
1411 1196 120 45 deus
1486 1196 105 45 est
1546 1196 180 45 infiniti
1681 1196 180 45 vigoris:
1816 1196 105 45 non
1876 1196 150 45 stando
1966 1196 60 45 in

1215 1236 100 47 hoc
1272 1236 114 47 quod
1343 1236 114 47 ipsi
1415 1236 129 47 illud
1500 1236 186 47 negarent.
1643 1236 71 47 â‹
1672 1236 157 47 Secundo
1786 1236 157 47 dicitur
1900 1236 114 47 quod
1958 1236 71 47 con

1221 1276 204 47 sequentia
1378 1276 110 47 non
1441 1276 110 47 est
1504 1276 188 47 euidens:
1645 1276 125 47 quia
1723 1276 110 47 sic
1786 1276 141 47 multi
1864 1276 157 47 theologi

1213 1312 174 46 dicunt
1334 1312 174 46 animam
1456 1312 191 46 christi
1595 1312 243 46 cognoscere
1786 1312 156 46 omnia
1890 1312 122 46 per
1942 1312 87 46 eun

1224 1349 112 42 dem
1288 1349 160 42 actum:
1400 1349 112 42 qui
1465 1349 144 42 primo
1561 1349 160 42 tendit
1673 1349 96 42 in
1721 1349 128 42 deum
1801 1349 96 42 et
1834 1349 192 42 secundario

1225 1389 105 44 in
1277 1389 227 44 creaturas
1452 1389 245 44 infinitas.
1644 1389 87 44 â‹
1679 1389 140 44 Item
1767 1389 210 44 arguitur
1907 1389 122 44 adhuc

1215 1426 117 45 sic.
1288 1426 117 45 deus
1362 1426 146 45 nescit
1464 1426 132 45 adhuc
1552 1426 146 45 istam:
1654 1426 102 45 hec
1712 1426 102 45 est
1771 1426 161 45 nescita
1888 1426 73 45 a
1917 1426 102 45 deo
1961 1426 73 45 qua

1222 1459 215 45 demonstrat
1391 1459 108 45 se:
1452 1459 92 45 et
1499 1459 123 45 illa
1576 1459 108 45 est
1637 1459 139 45 vera.
1730 1459 123 45 ergo
1807 1459 123 45 deus
1883 1459 108 45 non
1930 1459 92 45 scit

1219 1502 115 45 omne
1290 1502 144 45 verum.
1391 1502 115 45 Quia
1463 1502 115 45 illa
1535 1502 101 45 sit
1592 1502 115 45 vera
1664 1502 144 45 patet.
1764 1502 101 45 vel
1822 1502 115 45 deus
1894 1502 115 45 scit
1951 1502 72 45 ita

1218 1536 122 48 esse
1294 1536 137 48 sicut
1386 1536 107 48 per
1447 1536 137 48 illam
1538 1536 244 48 significatur
1737 1536 107 48 vel
1798 1536 122 48 non.
1874 1536 92 48 Si
1905 1536 122 48 primum

1217 1575 106 41 cum
1277 1575 106 41 per
1338 1575 106 41 eam
1399 1575 242 41 significetur
1596 1575 121 41 quod
1671 1575 121 41 ipsa
1747 1575 106 41 est
1808 1575 167 41 nescita
1929 1575 76 41 a
1944 1575 91 41 deo:

1220 1611 111 49 ergo
1290 1611 97 49 ita
1345 1611 97 49 est
1401 1611 111 49 quod
1471 1611 111 49 ipsa
1540 1611 97 49 est
1596 1611 153 49 nescita
1707 1611 70 49 a
1735 1611 111 49 deo.
1804 1611 83 49 Si
1846 1611 125 49 dicas
1916 1611 111 49 secun-

1219 1652 109 47 dum:
1287 1652 82 47 et
1328 1652 109 47 ipsa
1396 1652 191 47 significat
1546 1652 109 47 quod
1614 1652 95 47 est
1669 1652 150 47 nescita
1777 1652 68 47 a
1805 1652 109 47 deo:
1873 1652 82 47 et
1914 1652 95 47 ita
1954 1652 82 47 est.

1218 1693 117 39 ergo
1292 1693 117 39 ipsa
1365 1693 103 39 est
1424 1693 132 39 vera.
1512 1693 73 39 â‹
1541 1693 103 39 hic
1600 1693 147 39 potest
1703 1693 117 39 dici
1776 1693 117 39 quod
1850 1693 132 39 sicut
1938 1693 88 39 ad
1967 1693 59 39 ve

1231 1729 166 49 ritatem
1351 1729 256 49 propositionis
1562 1729 105 49 non
1622 1729 181 49 sufficit
1758 1729 105 49 ita
1818 1729 120 49 esse
1893 1729 136 49 sicut
1969 1729 75 49 per

1233 1770 107 42 eam
1294 1770 259 42 significatur:
1507 1770 107 42 sed
1568 1770 107 42 cum
1629 1770 107 42 hoc
1690 1770 214 42 requiritur
1858 1770 122 42 quod
1934 1770 92 42 se
1965 1770 76 42 non

1217 1803 243 45 falsificet.
1411 1803 113 45 Sic
1476 1803 291 45 impresentiarum
1718 1803 97 45 de
1767 1803 113 45 hac
1815 1803 227 45 propositione

1236 1840 165 43 dicatur
1356 1840 224 43 recalcitrat
1535 1840 90 43 in
1580 1840 120 43 eius
1655 1840 209 43 scientiam.
1820 1840 120 43 ipsa
1894 1840 105 43 est
1939 1840 105 43 nesci

1223 1878 111 42 ta.
1286 1878 111 42 Sed
1350 1878 127 42 tunc
1429 1878 111 42 est
1492 1878 174 42 questio
1619 1878 127 42 ergo
1698 1878 111 42 est
1761 1878 174 42 aliquod
1888 1878 142 42 verum
1967 1878 63 42 ne

1232 1920 170 42 scitum
1351 1920 85 42 a
1385 1920 136 42 deo.
1470 1920 85 42 â‹
1504 1920 204 42 Concedis
1656 1920 204 42 illatum.
1809 1920 170 42 quando
1911 1920 119 42 verum

1232 1951 144 50 habet
1328 1951 241 50 reflexionem
1521 1951 96 50 in
1569 1951 128 50 eius
1649 1951 160 50 scire.
1761 1951 80 50 â‹
1793 1951 112 50 Vel
1858 1951 176 50 dicamus
1970 1951 80 50 con

1240 2002 154 33 formius
1352 2002 84 33 ad
1394 2002 140 33 sacras
1492 2002 168 33 literas.
1618 2002 112 33 quod
1689 2002 112 33 illa
1759 2002 98 33 est
1815 2002 126 33 falsa
1899 2002 84 33 et
1941 2002 84 33 se
1969 2002 84 33 fal-

1224 2025 181 52 sificat
1355 2025 115 52 per
1421 2025 132 52 hunc
1504 2025 148 52 modum
1602 2025 132 52 quia
1685 2025 198 52 nescitur
1833 2025 82 52 a
1866 2025 132 52 deo.
1932 2025 115 52 abso-

1223 2075 118 34 num
1290 2075 185 34 videtur
1425 2075 219 34 concedere
1594 2075 135 34 quod
1678 2075 185 34 aliquod
1812 2075 152 34 verum
1897 2075 152 34 nescia-

1233 2101 106 49 tur
1293 2101 75 49 a
1323 2101 121 49 deo.
1399 2101 106 49 sed
1459 2101 106 49 hec
1519 2101 226 49 propositio:
1700 2101 106 49 hoc
1761 2101 106 49 est
1821 2101 181 49 nescitum
1956 2101 75 49 a
1972 2101 90 49 ioan

1237 2141 91 47 ne
1282 2141 106 47 est
1343 2141 136 47 vera.
1434 2141 91 47 Et
1479 2141 136 47 tamen
1570 2141 76 47 a
1600 2141 91 47 me
1645 2141 182 47 nescita.
1782 2141 106 47 sed
1842 2141 121 47 scio
1918 2141 106 47 ita
1963 2141 91 47 esse

1231 2178 137 51 sicut
1322 2178 107 51 per
1383 2178 137 51 illam
1475 2178 259 51 significatur:
1689 2178 107 51 non
1750 2178 198 51 sequitur:
1902 2178 107 51 hec
1963 2178 107 51 est
2009 2178 46 51 a

1238 2220 89 44 me
1283 2220 178 44 nescita:
1416 2220 119 44 ergo
1491 2220 104 44 est
1550 2220 149 44 falsa.
1654 2220 134 44 secus
1743 2220 104 44 est
1803 2220 178 44 respectu
1922 2220 89 44 dei.

1233 2261 84 38 â‹
1267 2261 118 38 Sed
1334 2261 169 38 dices:
1452 2261 135 38 tunc
1537 2261 135 38 erit
1621 2261 185 38 aliquod
1756 2261 202 38 iudicium
1907 2261 135 38 quod
1975 2261 84 38 nec

1231 2293 112 42 erit
1301 2293 126 42 error
1385 2293 70 42 /
1413 2293 98 42 nec
1469 2293 126 42 fides
1553 2293 70 42 /
1581 2293 140 42 opinio
1680 2293 70 42 /
1708 2293 182 42 sapientia
1848 2293 70 42 /
1862 2293 182 42 intellectus

1232 2332 203 43 prudentia
1388 2332 78 43 /
1420 2332 125 43 ars.
1498 2332 140 43 patet
1591 2332 94 43 de
1638 2332 172 43 iudicio
1763 2332 156 43 huius.
1872 2332 109 43 hec
1934 2332 109 43 est
1981 2332 78 43 ne-

1234 2374 138 42 scita
1326 2374 77 42 a
1356 2374 107 42 me:
1417 2374 122 42 tale
1494 2374 184 42 iudicium
1632 2374 107 42 non
1693 2374 107 42 est
1754 2374 138 42 error
1846 2374 107 42 nec
1907 2374 153 42 fides.
1999 2374 61 42 et

1242 2404 115 48 ita
1307 2404 98 48 de
1356 2404 147 48 aliis
1454 2404 196 48 iudiciis
1602 2404 246 48 enumeratis.
1798 2404 82 48 â‹
1831 2404 229 48 Conceditur
1995 2404 65 48 il

1232 2444 178 44 latum.
1357 2444 89 44 â‹
1393 2444 232 44 Dubitatur
1571 2444 160 44 circa
1678 2444 143 44 hanc
1767 2444 303 44 distinctionem
1999 2444 71 44 an

1231 2484 147 48 idee
1323 2484 276 48 creaturarum
1544 2484 147 48 sint
1636 2484 239 48 perpetue.
1820 2484 92 48 â‹
1838 2484 221 48 Supponatur

1240 2522 131 47 quod
1322 2522 131 47 idea
1403 2522 115 47 est
1469 2522 147 47 nomen
1567 2522 164 47 grecum
1682 2522 98 47 ab
1731 2522 131 47 idos
1813 2522 131 47 quod
1895 2522 115 47 est
1944 2522 115 47 forma

1238 2560 190 44 specios
1376 2560 121 44 vel
1445 2560 172 44 ratio.
1565 2560 155 44 Modus
1669 2560 207 44 loquendi
1824 2560 86 44 a
1858 2560 190 44 platone
1979 2560 86 44 est

1233 2600 221 43 introductus.
1412 2600 124 43 pater
1495 2600 96 43 per
1550 2600 193 43 Augustinum
1702 2600 110 43 lib.
1771 2600 165 43 lxxxiii.
1895 2600 83 43 q.
1936 2600 138 43 quest.
2019 2600 55 43 q.
