2347 3312
481 258 107 78 tunc
547 258 107 78 nego
614 258 107 78 quod
681 258 160 78 Christus
801 258 174 78 reuelauit
935 258 120 78 Petro
1015 258 107 78 quod
1082 258 107 78 ipse
1148 258 120 78 esset
1215 258 67 78 ter

476 305 109 60 eum
539 305 219 60 negaturus.
711 305 141 60 illud
804 305 125 60 enim
883 305 187 60 repugnat
1023 305 156 60 posito
1117 305 156 60 admisso.

495 344 112 65 siam
565 344 112 65 bene
635 344 167 65 sequitur
760 344 139 65 Petrus
858 344 153 65 nunquam
969 344 153 65 negabit
1081 344 181 65 Christum.
1206 344 70 65 er-

484 388 94 59 go
531 388 188 59 Christus
673 388 110 59 non
736 388 204 59 reuelauit
893 388 141 59 hanc:
987 388 157 59 Petrus
1097 388 110 59 ter
1144 388 141 59 negabit

507 423 179 57 Christum:
645 423 83 57 et
686 423 124 57 licet
769 423 124 57 istud
852 423 97 57 sit
907 423 138 57 falsum
1004 423 97 57 non
1059 423 152 57 refert:
1156 423 124 57 propter

480 454 183 71 possibile
621 454 155 71 positum
733 454 84 71 in
775 454 253 71 obligationibus
987 454 84 71 et
1029 454 169 71 admissum
1155 454 70 71 (
1184 454 84 71 vt
1212 454 70 71 om-

483 491 91 64 ne
528 491 197 64 possibile
680 491 106 64 est
740 491 242 64 admittendum)
937 491 106 64 non
998 491 212 64 inconuenit
1150 491 136 64 manife-

488 531 104 63 ste
548 531 149 63 falsum
652 531 208 63 concedere:
816 531 164 63 dummodo
935 531 179 63 sequitur
1069 531 89 63 ex
1113 531 164 63 posito:
1217 531 60 63 et

492 567 115 65 quia
563 567 187 65 possibile
707 567 101 65 est
765 567 115 65 quod
837 567 144 65 Petrus
937 567 101 65 non
995 567 129 65 neget
1081 567 187 65 Christum:
1210 567 72 65 hoc

496 604 159 62 admisi:
611 604 116 62 quod
683 604 173 62 admissum
814 604 101 62 pro
871 604 217 62 antecedente
1045 604 145 62 infert
1131 604 145 62 christum

492 645 156 58 nunquam
605 645 99 58 hoc
662 645 199 58 reuelasse:
818 645 185 58 oppositum
961 645 227 58 consequentis
1131 645 142 58 repugna-

492 687 218 52 antecedenti
667 687 87 52 in
710 687 189 52 questione
856 687 218 52 precedenti:
1030 687 87 52 tu
1074 687 131 52 capis
1161 687 102 52 pro
1204 687 73 52 quo

495 717 149 59 tempore
604 717 177 59 loquimur.
740 717 95 59 Non
794 717 95 59 sto
848 717 81 59 in
889 717 95 59 hoc
944 717 122 59 solum
1025 717 109 59 quod
1093 717 177 59 reuelatio
1215 717 68 59 est

497 752 79 61 de
536 752 119 61 vero:
615 752 92 61 sed
668 752 79 61 de
708 752 171 61 quocumque
839 752 145 61 assensu
945 752 92 61 sic
997 752 184 61 intelligo.
1142 752 119 61 licet
1208 752 79 61 ista

499 791 96 58 sit
554 791 82 58 de
595 791 179 58 preterito
733 791 124 58 vera:
815 791 165 58 Christus
939 791 179 58 reuelauit
1076 791 124 58 petro
1158 791 110 58 quod
1213 791 69 58 ter

491 831 131 59 esset
579 831 102 59 eum
637 831 204 59 negaturus:
797 831 102 59 non
855 831 131 59 tamen
942 831 102 59 est
1001 831 218 59 necessaria:
1175 831 87 59 ad
1204 831 73 59 pri

489 865 149 63 teritum
598 865 108 63 enim
665 865 95 63 est
719 865 162 63 potentia
841 865 122 63 sicut
922 865 81 63 ad
963 865 162 63 futurum.
1084 865 68 63 ⁋
1111 865 81 63 Si
1152 865 122 63 dicas
1219 865 68 63 ali

496 904 115 58 quis
568 904 130 58 dixit
654 904 144 58 petro:
755 904 101 58 ter
813 904 144 58 petrus
913 904 158 58 negabit
1029 904 187 58 christum:
1173 904 86 58 et
1202 904 86 58 nul-

495 939 101 63 lus
552 939 130 63 alius
639 939 72 63 a
668 939 173 63 christo:
798 939 116 63 ergo
870 939 173 63 christus
1000 939 101 63 hoc
1058 939 144 63 dixit.
1159 939 72 63 ⁋
1173 939 116 63 Conce-

507 978 85 58 do
549 978 170 58 maiorem:
677 978 114 58 quia
748 978 114 58 vera
819 978 85 58 et
862 978 227 58 impertinens:
1047 978 99 58 sed
1103 978 114 58 nego
1160 978 128 58 minorem

491 1014 105 61 ipsa
556 1014 105 61 enim
622 1014 157 61 repugnat
739 1014 131 61 posito
831 1014 65 61 e
857 1014 183 61 concessis.
1001 1014 105 61 Quod
1066 1014 131 61 patet:
1157 1014 105 61 quia
1210 1014 78 61 eius

501 1054 184 62 oppositum
642 1054 170 62 sequitur
769 1054 85 62 ex
812 1054 141 62 posito
911 1054 71 62 e
939 1054 198 62 concessis.
1094 1054 113 62 bene
1165 1054 113 62 enim
1221 1054 57 62 se

506 1088 162 63 quitur:
624 1088 162 63 Aliquis
742 1088 132 63 dixit
830 1088 147 63 petro:
933 1088 147 63 petrus
1036 1088 103 63 ter
1095 1088 162 63 negabit
1198 1088 88 63 Chri

501 1123 122 68 stum:
583 1123 81 68 et
623 1123 163 68 christus
746 1123 95 68 non
800 1123 122 68 dixit
881 1123 108 68 hoc:
949 1123 108 68 ergo
1017 1123 122 68 alius
1098 1123 68 68 a
1125 1123 163 68 christo.
1234 1123 54 68 Si

498 1164 136 65 petas
588 1164 121 65 quis
664 1164 151 65 alius:
769 1164 121 65 Dico
845 1164 181 65 propone:
980 1164 90 65 et
1026 1164 136 65 forte
1101 1164 196 65 intelliges:

501 1201 104 60 non
561 1201 149 60 possum
665 1201 194 60 concedere
814 1201 104 60 hoc
874 1201 89 60 de
918 1201 179 60 platone:
1053 1201 104 60 nec
1112 1201 89 60 de
1142 1201 149 60 cicerone

495 1240 113 53 quia
565 1240 141 53 falsum
664 1240 84 53 et
706 1240 211 53 impertinens
875 1240 141 53 scitum
973 1240 127 53 tale.
1058 1240 113 53 Dixi
1128 1240 127 53 forte
1199 1240 99 53 intel

501 1274 133 59 liges:
594 1274 133 59 potest
687 1274 106 59 enim
753 1274 159 59 opponens
872 1274 146 59 taliter
978 1274 173 59 proponere
1111 1274 106 59 quod
1178 1274 93 59 non
1217 1274 80 59 con-

495 1314 127 62 cedam
579 1314 155 62 aliquam
692 1314 197 62 singularem
847 1314 141 62 illius
945 1314 211 62 indefinite:
1114 1314 127 62 sicut
1184 1314 113 62 crebro

508 1351 179 55 contingit
646 1351 83 55 in
688 1351 262 55 obligationibus:
909 1351 83 55 vt
950 1351 83 55 si
991 1351 124 55 ponas
1074 1351 110 55 mihi
1143 1351 124 55 hanc:
1212 1351 83 55 vnus

509 1386 84 61 in
551 1386 98 61 hac
607 1386 112 61 domo
677 1386 98 61 est
732 1386 154 61 anglus:
844 1386 98 61 sit
900 1386 98 61 rei
956 1386 154 61 veritas
1068 1386 112 61 quod
1137 1386 112 61 sint
1193 1386 98 61 solum

510 1426 112 54 tres
580 1426 126 54 scoti
663 1426 84 54 in
705 1426 112 54 domo
775 1426 84 54 ab
817 1426 84 54 c.
859 1426 153 54 admitto
970 1426 167 54 positum:
1096 1426 84 54 si
1138 1426 126 54 petas
1207 1426 84 54 quis

509 1461 93 57 est
562 1461 120 57 iller
642 1461 120 57 dicam
721 1461 120 57 pete:
801 1461 80 57 et
841 1461 159 57 fortasse
961 1461 106 57 tibi
1027 1461 159 57 dicetur:
1147 1461 80 57 si
1173 1461 133 57 proponat

500 1497 117 62 hanc
574 1497 73 62 a
603 1497 103 62 est
662 1497 147 62 anglus
765 1497 117 62 hanc
838 1497 161 62 negabo:
955 1497 88 62 et
999 1497 191 62 similiter
1132 1497 161 62 quamlibet

507 1535 168 60 aliarum
629 1535 168 60 duarum:
751 1535 107 60 sed
812 1535 92 60 si
858 1535 244 60 proposuisset
1056 1535 122 60 ante
1117 1535 183 60 negationem

520 1572 140 56 vltime
618 1572 196 56 singularis
772 1572 98 56 non
828 1572 112 56 sunt
898 1572 140 56 plures
995 1572 112 56 quam
1065 1572 112 56 isti
1135 1572 112 56 tres
1205 1572 84 56 in
1233 1572 70 56 do-

511 1607 100 62 mo:
568 1607 129 62 illam
654 1607 230 62 concessissem
841 1607 158 62 tanquam
956 1607 129 62 veram
1042 1607 86 62 et
1070 1607 230 62 impertinentem-

509 1647 83 55 et
551 1647 110 55 tunc
619 1647 220 55 concessissem
798 1647 151 55 vltimam
908 1647 193 55 singularem
1059 1647 165 55 scilicet
1183 1647 69 55 c
1197 1647 110 55 anglum

513 1684 177 60 sequitur
646 1684 89 60 ex
691 1684 148 60 posito
794 1684 74 60 e
824 1684 177 60 concesso
957 1684 104 60 cum
1016 1684 192 60 oppositis
1164 1684 118 60 bene
1223 1684 74 60 ne-

509 1720 194 67 gatorum.
654 1720 129 67 Quod
735 1720 145 67 patet
832 1720 113 67 sic
896 1720 210 67 arguendo:
1058 1720 178 67 aliquis
1171 1720 129 67 anglus

507 1765 102 53 est
566 1765 88 53 in
610 1765 102 53 hac
668 1765 132 53 domo:
756 1765 88 53 et
800 1765 102 53 non
858 1765 117 53 sunt
931 1765 146 53 piures
1034 1765 161 53 homines
1151 1765 117 53 quam
1224 1765 73 53 a
1239 1765 58 53 bo

521 1798 127 51 sint
600 1798 158 51 nomina
711 1798 174 51 propria
838 1798 111 51 non
901 1798 127 51 sint
980 1798 158 51 nomina
1091 1798 190 51 communia
1234 1798 79 51 e
1250 1798 48 51 a

518 1831 95 58 non
572 1831 95 58 est
626 1831 149 58 anglus:
734 1831 95 58 nec
788 1831 68 58 b
815 1831 95 58 est
869 1831 149 58 anglus:
977 1831 108 58 ergo
1044 1831 81 58 ec
1085 1831 95 58 est
1139 1831 149 58 anglus:
1233 1831 81 58 nul-

514 1868 115 60 lum
579 1868 115 60 est
645 1868 263 60 inconueniens
859 1868 165 60 optime
975 1868 247 60 respondendo
1156 1868 148 60 concede

512 1907 87 61 re
555 1907 188 61 manifeste
699 1907 159 61 falsum:
815 1907 87 61 et
858 1907 144 61 negare
959 1907 188 61 manifeste
1104 1907 130 61 verum
1176 1907 130 61 propter

516 1945 128 56 casum
601 1945 213 56 possibilem:
772 1945 100 56 nec
829 1945 100 56 est
886 1945 128 56 maior
971 1945 213 56 difficultas
1142 1945 85 56 in
1184 1945 100 56 vno
1227 1945 71 56 qua

522 1977 85 59 in
564 1977 128 59 alio.
650 1977 99 59 Sed
706 1977 85 59 de
749 1977 99 59 hoc
806 1977 128 59 alibi
891 1977 199 59 scripsimus
1047 1977 85 59 in
1076 1977 227 59 obligationibus

526 2016 96 57 et
574 2016 80 57 a
606 2016 192 57 theologo
750 2016 224 57 supponenda
926 2016 144 57 sunt.
1021 2016 80 57 ⁋
1053 2016 160 57 Quarto
1149 2016 160 57 arguitur

520 2055 112 55 sic:
590 2055 84 55 si
632 2055 225 55 antichristus
815 2055 154 55 futurus
927 2055 140 55 potest
1025 2055 98 55 non
1081 2055 112 55 fore
1152 2055 154 55 ponatur
1250 2055 56 55 in

520 2094 128 54 esse:
605 2094 228 54 antichristus
791 2094 157 54 futurus
905 2094 100 54 non
962 2094 128 54 erit:
1047 2094 100 54 sed
1104 2094 114 54 illa
1161 2094 157 54 implicat.

528 2130 72 58 ⁋
556 2130 174 58 Preterea
687 2130 116 58 quia
759 2130 101 58 vel
817 2130 116 58 deus
890 2130 159 58 prescit
1006 2130 145 58 futura
1107 2130 116 58 quia
1180 2130 116 58 illa
1238 2130 72 58 fu-

529 2163 115 58 tura
601 2163 130 58 sunt:
687 2163 101 58 vel
745 2163 115 58 ideo
817 2163 115 58 illa
889 2163 144 58 futura
989 2163 115 58 sunt
1061 2163 115 58 quia
1133 2163 115 58 deus
1191 2163 115 58 presci

526 2206 126 51 illa.
610 2206 98 51 Non
666 2206 140 51 primum
764 2206 112 51 quia
834 2206 112 51 tunc
904 2206 98 51 res
959 2206 112 51 ipse
1029 2206 140 51 future
1127 2206 140 51 essent
1211 2206 98 51 cause

523 2243 229 57 prescientie
706 2243 122 57 dei:
782 2243 122 57 quod
858 2243 107 57 est
919 2243 168 57 falsum.
1041 2243 107 57 Nec
1102 2243 183 57 secundum
1224 2243 92 57 quia

532 2282 116 51 tunc
604 2282 217 51 prescientia
777 2282 101 51 dei
835 2282 130 51 esset
922 2282 130 51 causa
1008 2282 130 51 rerum
1095 2282 87 51 vt
1139 2282 145 51 essent
1225 2282 87 51 futi

538 2322 95 46 re.
593 2322 82 46 Et
634 2322 95 46 per
688 2322 191 46 consequens
838 2322 109 46 ipse
906 2322 95 46 sit
961 2322 204 46 prescientia
1124 2322 95 46 non
1179 2322 123 46 solum
1247 2322 68 46 bo-

530 2352 136 54 norum
621 2352 106 54 sed
681 2352 136 54 etiam
772 2352 182 54 malorum.
909 2352 76 54 ⁋
939 2352 91 54 Ad
985 2352 152 54 primum
1091 2352 136 54 dico:
1182 2352 121 54 quod
1242 2352 76 54 nec

531 2390 114 54 ipsa
602 2390 143 54 debite
702 2390 157 54 ponitur
817 2390 86 54 in
859 2390 129 54 esse:
945 2390 100 54 nec
1002 2390 186 54 implicat:
1145 2390 143 54 primum
1231 2390 100 54 patet

525 2432 121 43 quia
600 2432 106 43 cum
661 2432 196 43 subiectum
811 2432 106 43 est
872 2432 181 43 terminus
1007 2432 241 43 connotatiuus
1188 2432 136 43 oportet

538 2464 144 53 dicere
638 2464 101 53 hoc
696 2464 101 53 non
754 2464 130 53 erit.
840 2464 101 53 hoc
898 2464 130 53 patet
984 2464 86 53 in
1027 2464 231 53 affirmatiuis
1200 2464 130 53 lucide.

537 2513 96 44 vt
585 2513 176 44 Ioannes
713 2513 176 44 currens
841 2513 160 44 potest
954 2513 224 44 quiescere.
1130 2513 176 44 Secundo
1242 2513 80 44 ne-

547 2540 81 56 go
587 2540 108 56 quod
654 2540 94 56 hec
708 2540 175 56 implicat:
842 2540 81 56 si
883 2540 215 56 antichristus
1057 2540 94 56 non
1111 2540 94 56 sit
1165 2540 148 56 futurus
1259 2540 67 56 est

542 2583 98 45 vna
598 2583 168 45 negatiua
724 2583 98 45 non
779 2583 168 45 pregnans
905 2583 126 45 cuius
989 2583 182 45 subiectum
1129 2583 98 45 non
1170 2583 154 45 supponit:

552 2623 171 45 propterea
683 2623 92 45 est
736 2623 118 45 vera:
815 2623 92 45 hec
867 2623 105 45 enim
933 2623 92 45 est
985 2623 197 45 possibilis:
1143 2623 118 45 nihil
1222 2623 92 45 est
1261 2623 66 45 fu-

538 2652 132 48 turum
627 2652 221 48 contingens:
803 2652 88 48 et
847 2652 132 48 sicut
936 2652 103 48 hec
995 2652 103 48 est
1053 2652 132 48 falsa
1142 2652 118 48 omne
1201 2652 132 48 futurum

538 2690 200 60 contingens
695 2690 200 60 necessario
851 2690 171 60 eueniet:
980 2690 100 60 ita
1037 2690 100 60 hec
1094 2690 100 60 est
1151 2690 128 60 falsa
1236 2690 86 60 in
1265 2690 71 60 sen

1323 242 97 70 su
1371 242 226 70 composito:
1549 242 177 70 necesse
1678 242 113 70 est
1742 242 129 70 omne
1823 242 177 70 futurum
1936 242 193 70 contingens

1326 299 185 47 euenire.
1464 299 77 47 ⁋
1495 299 92 47 Ad
1541 299 277 47 confirmationem
1772 299 108 47 est
1834 299 231 47 difficultas
2018 299 108 47 non
2064 299 62 47 so

1333 337 102 47 lum
1392 337 160 47 propter
1508 337 174 47 rationem
1638 337 87 47 in
1682 337 102 47 se:
1740 337 102 47 sed
1798 337 160 47 propter
1900 337 232 47 contrarietatem

1335 372 255 49 auctoritatum
1542 372 128 49 quas
1622 372 191 49 Magister
1765 372 175 49 inducit
1893 372 96 49 in
1941 372 112 49 hac
1989 372 143 49 distin-

1334 412 139 51 ctione.
1436 412 177 51 Augustinus
1575 412 114 51 enim.
1651 412 89 51 xv.
1702 412 76 51 de
1740 412 165 51 trinitate
1867 412 127 51 capit.
1955 412 114 51 xiii.
2031 412 89 51 est
2069 412 51 51 in

1334 452 113 46 lius
1405 452 184 46 sententie
1546 452 113 46 quod
1617 452 99 46 res
1673 452 99 46 non
1730 452 113 46 quia
1801 452 113 46 sunt
1871 452 113 46 idoo
1942 452 99 46 eas
1999 452 113 46 deus
2055 452 71 46 no-

1337 496 112 37 uit:
1407 496 98 37 sed
1463 496 112 37 quia
1533 496 126 37 nouit
1616 496 112 37 ideo
1686 496 126 37 sunt.
1770 496 98 37 Sed
1826 496 84 37 in
1868 496 182 37 oppositum
1993 496 126 37 videtur

1337 529 142 42 opinio
1436 529 171 42 Origents
1565 529 71 42 /
1593 529 128 42 super
1679 529 185 42 epistosam
1821 529 85 42 ad
1864 529 171 42 Romanos:
1992 529 114 42 quod
2049 529 71 42 non

1330 560 111 49 ideo
1399 560 152 49 aliquid
1510 560 111 49 erit
1580 560 111 49 quia
1649 560 111 49 deus
1718 560 111 49 scit
1787 560 125 49 illud
1871 560 166 49 futurum:
1995 560 97 49 sed
2037 560 83 49 quia

1341 599 158 50 futurum:
1459 599 105 50 ideo
1525 599 132 50 scitur
1617 599 66 50 a
1643 599 92 50 deo
1696 599 158 50 antequam
1814 599 118 50 fiat.
1893 599 66 50 ⁋
1920 599 105 50 Ista
1972 599 145 50 propositi

1342 633 132 56 potest
1434 633 185 56 distingui:
1580 633 106 56 quia
1646 633 132 56 aliqua
1738 633 106 56 sunt
1804 633 132 56 futura
1897 633 106 56 deus
1963 633 145 56 prescit
2056 633 79 56 illa

1333 672 118 50 esse
1407 672 163 50 futura.
1525 672 118 50 Unus
1599 672 148 50 sensus
1703 672 148 50 potest
1806 672 118 50 esse
1880 672 89 50 vt
1924 672 192 50 denotetur
2057 672 74 50 res

1336 709 166 51 futuras
1457 709 121 51 esse
1532 709 151 51 causas
1637 709 226 51 prescientie
1818 709 106 51 qua
1879 709 121 51 deus
1954 709 166 51 prescit
2060 709 75 51 res

1349 750 100 45 sse
1406 750 172 45 futuras:
1535 750 86 45 et
1578 750 115 45 illa
1650 750 100 45 est
1707 750 144 45 falsa.
1808 750 86 45 et
1851 750 100 45 hnc
1908 750 144 45 sensum
1994 750 144 45 Angusti-

1335 783 111 50 nus
1399 783 96 50 et
1447 783 191 50 Magister
1590 783 175 50 negant.
1717 783 111 50 Nec
1781 783 111 50 sic
1844 783 271 50 intelligendum
2051 783 80 50 est

1345 821 154 47 dictum
1453 821 200 47 Origenis.
1607 821 139 47 Alius
1699 821 154 47 sensus
1807 821 154 47 potest
1915 821 123 47 esse
1992 821 108 47 quo
2038 821 93 47 pre-

1339 856 110 50 cise
1408 856 178 50 denotatur
1545 856 110 50 quod
1614 856 110 50 quia
1682 856 96 50 res
1737 856 110 50 sunt
1806 856 137 50 future
1902 856 110 50 ideo
1957 856 178 50 prescientia

1344 896 84 48 dei
1392 896 84 48 est
1440 896 192 48 prescientia:
1596 896 72 48 et
1632 896 96 48 isti
1692 896 132 48 termini
1787 896 192 48 praescientia
1943 896 84 48 dei
1991 896 72 48 et
2015 896 120 48 prescius

1350 941 205 40 verificantur
1517 941 77 40 de
1555 941 90 40 deo
1607 941 90 40 ita
1658 941 103 40 quod
1722 941 115 40 talis
1799 941 141 40 locutio
1901 941 90 40 sit
1953 941 103 40 illo
2017 941 103 40 modo
2068 941 64 40 cau

1342 970 144 51 salis:
1443 970 159 51 quomodo
1558 970 130 51 ista:
1645 970 115 51 quia
1717 970 115 51 homo
1789 970 101 51 est
1846 970 159 51 animal:
1962 970 87 51 et
2005 970 101 51 ita
2048 970 87 51 pre-

1343 1013 106 43 cise
1409 1013 93 43 hec
1462 1013 200 43 significat:
1622 1013 106 43 ergo
1689 1013 93 43 hec
1742 1013 93 43 est
1795 1013 106 43 vera
1862 1013 106 43 homo
1928 1013 93 43 est
1982 1013 146 43 animal:
2075 1013 53 43 et

1336 1043 125 47 sicut
1419 1043 194 47 communiter
1572 1043 153 47 dicimus
1683 1043 111 47 quod
1752 1043 111 47 esse
1822 1043 83 47 in
1863 1043 83 47 re
1905 1043 125 47 sicut
1974 1043 167 47 propositio

1342 1080 193 49 significat
1494 1080 97 49 est
1549 1080 124 49 causa
1632 1080 110 49 quod
1701 1080 110 49 illa
1770 1080 97 49 sit
1825 1080 124 49 vera.
1908 1080 83 49 Et
1950 1080 166 49 secundum
2060 1080 83 49 hunc

1345 1118 144 51 sensum
1445 1118 144 51 potest
1546 1118 158 51 concedi
1662 1118 115 51 quod
1734 1118 101 51 res
1791 1118 115 51 esse
1863 1118 158 51 futuras
1979 1118 101 51 est
2022 1118 115 51 causa:

1346 1155 116 51 vel
1413 1155 166 51 potius
1529 1155 199 51 concausa
1678 1155 116 51 vna
1744 1155 116 51 cum
1810 1155 182 51 immensa
1926 1155 215 51 perfectione

1346 1192 135 49 diuine
1440 1192 161 49 essentie
1561 1192 108 49 quod
1628 1192 108 49 deus
1695 1192 94 49 sit
1749 1192 161 49 prescius
1870 1192 94 49 vel
1924 1192 215 49 prescientia:
2086 1192 67 49 sic

1345 1228 103 52 quod
1409 1228 103 52 isti
1474 1228 141 52 termini
1577 1228 154 52 dicantur
1692 1228 77 52 de
1731 1228 103 52 deo:
1795 1228 77 52 et
1834 1228 90 52 sic
1885 1228 180 52 intellexit
2014 1228 141 52 origenes.

1344 1267 107 48 Sed
1405 1267 214 48 Augustinus
1573 1267 183 48 loquitur
1710 1267 92 48 de
1756 1267 168 48 notitia
1878 1267 107 48 dei
1939 1267 183 48 secundum
2061 1267 92 48 quod

1346 1302 104 49 est
1406 1302 164 49 simplex
1525 1302 164 49 notitia
1643 1302 149 49 rerum:
1748 1302 89 49 in
1792 1302 104 49 quo
1852 1302 134 49 sensu
1941 1302 104 49 non
2000 1302 104 49 est
2045 1302 104 49 verum

1356 1339 106 54 quod
1422 1339 106 54 quia
1488 1339 106 54 sunt
1554 1339 106 54 ideo
1621 1339 132 54 nouit:
1713 1339 93 54 sed
1766 1339 93 54 cum
1819 1339 119 54 dicit
1898 1339 106 54 ideo
1965 1339 106 54 sunt
2031 1339 106 54 quia
2084 1339 66 54 no-

1347 1374 122 54 uit:
1423 1374 260 54 intelligendum
1637 1374 107 54 est
1698 1374 92 54 de
1744 1374 168 54 notitia
1866 1374 137 54 simul
1957 1374 107 54 cum
2003 1374 153 54 benepla-

1352 1416 132 48 cito:
1440 1416 132 48 sicut
1529 1416 176 48 Magister
1661 1416 162 48 exponit
1779 1416 88 48 in
1823 1416 162 48 litera.
1940 1416 103 48 Nec
1984 1416 162 48 propterea

1346 1450 133 49 esset
1435 1450 237 49 inconueniens
1628 1450 222 49 respondere:
1805 1450 193 49 tonitruum
1954 1450 104 49 est
2013 1450 119 49 quia
2072 1450 89 49 deus

1349 1491 116 46 vult
1421 1491 87 46 et
1464 1491 101 46 ita
1522 1491 87 46 de
1566 1491 174 46 quolibet
1696 1491 116 46 tali
1768 1491 101 46 non
1826 1491 130 46 tamen
1913 1491 174 46 satissit
2043 1491 101 46 per
2087 1491 72 46 hu-

1348 1524 168 57 iusmodi
1470 1524 244 57 responsionem
1668 1524 244 57 interroganti
1866 1524 107 57 per
1927 1524 168 57 aliquod
2034 1524 122 57 notius

1357 1558 89 52 et
1402 1558 89 52 in
1446 1558 237 52 particulari.
1639 1558 74 52 ⁋
1669 1558 148 52 Quinto
1772 1558 193 52 arguitur.
1921 1558 133 52 capio
1995 1558 163 52 antichrii

1364 1610 120 39 tum
1433 1610 189 39 futurum
1570 1610 120 39 vel
1639 1610 155 39 datur
1742 1610 189 39 maximum
1880 1610 172 39 tempus
2000 1610 120 39 per
2052 1610 103 39 quod

1357 1639 113 49 deus
1428 1639 141 49 potest
1526 1639 127 49 scire
1611 1639 226 49 antichristum
1795 1639 113 49 esse
1865 1639 170 49 futurum:
1993 1639 85 49 et
2035 1639 99 49 hoc
2077 1639 85 49 non:

1366 1674 100 49 vel
1423 1674 128 49 illud
1508 1674 100 49 est
1565 1674 200 49 infinitum:
1722 1674 86 49 et
1765 1674 114 49 tunc
1836 1674 100 49 per
1893 1674 128 49 illud
1979 1674 143 49 tempus
2064 1674 100 49 anti-

1356 1711 183 50 christus
1493 1711 106 50 non
1554 1711 106 50 est
1614 1711 183 50 futurus:
1751 1711 122 50 bene
1827 1711 183 50 sequitur
1949 1711 213 50 antichristus

1356 1754 106 44 est
1416 1754 181 44 futurus:
1552 1754 121 44 ergo
1628 1754 242 44 antichristus
1824 1754 136 44 erit.
1914 1754 91 44 Si
1960 1754 181 44 finitum:
2080 1754 91 44 quo-

1354 1785 159 55 cunque
1465 1785 174 55 tempore
1592 1785 159 55 finito
1703 1785 127 55 dato
1782 1785 111 55 per
1846 1785 143 55 maius
1941 1785 159 55 tempus
2036 1785 127 55 potest

1355 1827 125 43 esse
1433 1827 187 43 futurus:
1573 1827 109 43 non
1636 1827 125 43 enim
1714 1827 140 43 datur
1807 1827 171 43 minimum
1931 1827 156 43 tempus
2025 1827 140 43 perquod

1368 1865 236 47 antichristus
1560 1865 147 47 potest
1663 1865 118 47 esse
1737 1865 177 47 futurus:
1869 1865 88 47 si
1913 1865 118 47 enim
1987 1865 103 47 per
2031 1865 133 47 aliquod

1366 1905 143 48 potest
1466 1905 114 48 esse
1537 1905 171 48 futurus:
1665 1905 100 48 per
1722 1905 128 48 minus
1808 1905 143 48 potest
1907 1905 114 48 esse
1979 1905 171 48 futurus:
2093 1905 71 48 nec

1357 1943 154 43 datur
1460 1943 188 43 maximum
1597 1943 171 43 tempus
1717 1943 120 43 per
1785 1943 137 43 quod
1871 1943 274 43 antichristus
2076 1943 86 43 non

1378 1978 139 46 otest
1470 1978 124 46 esse
1547 1978 185 46 futurus:
1686 1978 124 46 quia
1764 1978 124 46 tunc
1841 1978 108 46 per
1903 1978 139 46 illud
1995 1978 154 46 tempus
2088 1978 77 46 non

1371 2013 158 48 potest
1482 2013 126 48 esse
1561 2013 190 48 futurus:
1703 2013 95 48 et
1750 2013 111 48 per
1814 2013 205 48 quodlibet
1972 2013 142 48 maius
2051 2013 126 48 tempus

1365 2049 147 51 potest
1468 2049 118 51 esse
1542 2049 176 51 futurus.
1674 2049 103 51 hoc
1733 2049 103 51 est
1792 2049 147 51 falsum
1895 2049 118 51 siue
1968 2049 103 51 per
2012 2049 162 51 pronomemn

1367 2087 303 45 demonstratiuum
1619 2087 269 45 demonstretur
1838 2087 168 45 tempus
1955 2087 185 45 finitum
2073 2087 101 45 siue

1369 2119 229 49 infinitum.
1549 2119 114 49 Nec
1614 2119 147 49 datur
1712 2119 180 49 minimum
1843 2119 164 49 tempus
1957 2119 114 49 per
2023 2119 131 49 quod
2088 2119 82 49 non

1362 2160 145 56 potest
1464 2160 116 56 esse
1537 2160 174 56 futurus.
1668 2160 87 56 de
1711 2160 160 56 tempore
1827 2160 145 56 finito
1929 2160 131 56 palam
2016 2160 116 56 est:
2089 2160 87 56 et
2118 2160 58 56 de

1368 2196 166 51 tempore
1489 2196 182 51 infinito
1625 2196 121 51 idem
1701 2196 151 51 patet.
1807 2196 91 51 si
1852 2196 121 51 enim
1928 2196 106 51 per
1988 2196 136 51 illud
2064 2196 121 51 tempus

1364 2230 119 50 non
1432 2230 171 50 potest
1552 2230 137 50 esse
1637 2230 188 50 futurus
1773 2230 273 50 demonstrando
1995 2230 154 50 totum
2081 2230 102 50 tem-

1371 2270 105 55 pus
1431 2270 195 55 infinitum
1581 2270 90 55 ab
1626 2270 105 55 hoc
1686 2270 195 55 instanti:
1837 2270 90 55 et
1882 2270 105 55 per
1942 2270 195 55 quodlibet
2077 2270 105 55 minus

1369 2309 158 46 tempus
1480 2309 158 46 potest
1590 2309 126 46 esse
1669 2309 190 46 futurus:
1812 2309 126 46 tunc
1891 2309 111 46 per
1954 2309 158 46 tempus
2049 2309 142 46 infini-

1383 2345 111 45 sum
1447 2345 127 45 quod
1526 2345 111 45 est
1589 2345 127 45 pars
1668 2345 143 45 huius
1763 2345 190 45 temporis
1906 2345 158 45 potest
2017 2345 127 45 esse
2080 2345 111 45 futu-

1384 2382 115 47 rus.
1456 2382 72 47 ⁋
1484 2382 216 47 Respondetur
1657 2382 115 47 quod
1729 2382 158 47 diuisio
1844 2382 101 47 non
1901 2382 144 47 valet:
2002 2382 101 47 cum
2060 2382 101 47 vna
2103 2382 86 47 par-

1387 2421 116 45 sium
1459 2421 275 45 subcontrariarum
1690 2421 217 45 verificetur
1864 2421 101 45 pro
1921 2421 116 45 toto
1994 2421 159 45 tempore
2095 2421 101 45 infi-

1386 2457 131 48 nito.
1474 2457 102 48 Vel
1532 2457 160 48 tenendo
1648 2457 116 48 quod
1721 2457 145 48 nullum
1823 2457 189 48 infinitum
1968 2457 102 48 est
2026 2457 131 48 maius
2099 2457 102 48 alio:

1382 2496 137 45 datur
1473 2496 167 45 minimum
1594 2496 152 45 tempus
1700 2496 106 45 per
1761 2496 121 45 quod
1837 2496 106 45 non
1898 2496 152 45 potest
2004 2496 121 45 esse
2065 2496 121 45 futur:

1377 2526 121 62 puta
1453 2526 151 62 tempus
1558 2526 91 62 in
1604 2526 182 62 finitum:
1740 2526 91 62 et
1785 2526 106 62 per
1846 2526 197 62 quodlibet
1997 2526 136 62 minus
2073 2526 121 62 potest

1384 2569 125 47 esse
1462 2569 187 47 futurus:
1602 2569 125 47 quia
1680 2569 249 47 perinfinitum
1883 2569 156 47 tempus
1976 2569 218 47 syncategore-

1374 2607 160 47 matice
1486 2607 257 47 antichristus
1695 2607 160 47 potest
1807 2607 128 47 esse
1887 2607 192 47 futurus.
2032 2607 80 47 ⁋
2048 2607 144 47 Dubita-

1383 2646 102 47 tur
1442 2646 88 47 an
1486 2646 204 47 preteritum
1646 2646 146 47 potest
1748 2646 102 47 non
1807 2646 161 47 fuisse:
1924 2646 131 47 sicut
2011 2646 161 47 futurum
2113 2646 88 47 con-

1379 2677 180 67 tingens
1510 2677 164 67 potest
1624 2677 115 67 non
1690 2677 164 67 foreus
1805 2677 82 67 ⁋
1837 2677 147 67 Super
1936 2677 115 67 hac
1985 2677 213 67 dubitatione
