2374 3317
3 1089 296 132 ilxib
200 1089 197 132 es
266 1089 197 132 hiod

38 1203 199 83 Pytum:
178 1203 159 83 vphu
257 1203 60 83 v

344 1259 102 66 Test

23 1255 189 85 asltet
155 1255 113 85 ex
212 1255 170 85 cone.
306 1255 76 85 Pr

1017 190 335 110 pploroia.

610 261 290 117 loatines
827 261 266 117 hesalor
1021 261 362 117 professorum
1311 261 314 117 â‹leologis
1552 261 242 117 tiimus
1721 261 145 117 et
1770 261 193 117 domino

613 362 242 87 eorgio
782 362 339 87 epburnensi
1049 362 388 87 laudatissimm
1364 362 291 87 ecenobum
1582 362 145 87 de
1655 362 291 87 pxbrothi
1849 362 121 87 ab-

638 427 165 99 bati
741 427 309 99 dignissimo:
989 427 165 99 eodc
1092 427 309 99 serenissimi
1339 427 247 99 ccotorum
1524 427 185 99 regis
1648 427 103 99 a
1689 427 247 99 secretis
1854 427 103 99 pru

641 490 310 86 dentissimo
884 490 133 86 ac
950 490 332 86 fidelissimo
1216 490 155 86 cum
1304 490 354 86 obseruantia.
1570 490 88 86 S.

966 554 241 97 onimam
1135 554 217 97 antio
1279 554 313 97 superiore
1520 554 217 97 pater
1664 554 169 97 cum
1761 554 241 97 primis
1905 554 217 97 veneran

969 624 155 75 de:
1057 624 464 75 elucindatiunculas
1455 624 243 75 quasdam
1632 624 133 75 on
1699 624 133 75 ab
1765 624 332 75 auditoribus
2008 624 111 75 non

972 680 187 85 stris
1097 680 312 85 quotindiano
1347 680 187 85 ferme
1472 680 271 85 conuincio
1680 680 333 85 eftlagitatas
1950 680 125 85 in
1992 680 125 85 quar

969 744 161 102 tum
1061 744 277 102 magistri
1269 744 369 102 sententiarum
1569 744 161 102 cum
1661 744 184 102 earu
1753 744 369 102 qualibuscunque

961 814 371 91 decisionibus
1262 814 394 91 questiunculas
1587 814 464 91 emisimuoremissas
1958 814 162 91 expla

972 883 228 74 auimus:
1138 883 352 74 explanatasque
1427 883 269 74 studiosis
1634 883 290 74 theologine
1862 883 248 74 aluminis
2027 883 83 74 in

971 938 341 93 lioestissimo
1248 938 405 93 preslontisacuti
1589 938 171 93 apud
1696 938 277 93 arxlusios
1887 938 235 93 collegior

966 1010 179 82 domo
1077 1010 201 82 milum
1212 1010 268 82 nutrince
1413 1010 291 82 semperque
1636 1010 156 82 cum
1726 1010 335 82 veneratione
1972 1010 156 82 nomin

753 1035 243 99 a

950 1066 221 97 nanda:
1105 1066 155 97 sub
1193 1066 265 97 magistro
1392 1066 221 97 nostro
1547 1066 221 97 patale
1702 1066 199 97 Deda:
1835 1066 243 97 eiusdem
1989 1066 133 97 col-

481 1133 196 99 legii
612 1133 262 99 primario
808 1133 174 99 quoc
917 1133 392 99 vigilantissimo
1244 1133 327 99 doctissimo:
1506 1133 153 99 vel
1593 1133 131 99 eo
1658 1133 240 99 absente
1833 1133 153 99 sub
1898 1133 218 99 magistro

470 1187 258 89 hsicolao
663 1187 236 89 hnsclio
856 1187 236 89 reuero:
1028 1187 172 89 viro
1135 1187 172 89 sane
1242 1187 215 89 docto:
1392 1187 300 89 fructifere
1628 1187 386 89 disputatimonis
1929 1187 193 89 examine

474 1256 348 86 discutiendas
757 1256 478 86 subministrauimius:
1169 1256 261 86 eorundem
1365 1256 304 86 aliorumque
1604 1256 174 86 quim
1712 1256 174 86 meas
1821 1256 152 86 non
1908 1256 217 86 nihisi
2038 1256 87 86 sa

468 1333 200 88 ciunt
601 1333 512 88 sucubratiunculaoroc
1047 1333 312 88 oppoxtunis
1292 1333 156 88 otc
1381 1333 312 88 importunis
1626 1333 379 88 bortationibus
1938 1333 134 88 es
1982 1333 134 88 pre-

470 1386 185 96 cibus
594 1386 268 96 euinctus:
800 1386 206 96 pritum
944 1386 268 96 praefatim
1150 1386 247 96 magistri
1335 1386 330 96 sententiarum
1603 1386 206 96 nostra
1747 1386 309 96 theologinca
1974 1386 144 96 bssi-

463 1466 191 65 nerua
590 1466 254 65 vtcunque
781 1466 318 65 elucindatum
1035 1466 191 65 exire
1162 1466 233 65 permisi
1331 1466 127 65 in
1395 1466 169 65 tuum
1501 1466 191 65 patex
1628 1466 318 65 lionorande:
1861 1466 254 65 optatissi-

462 1528 163 78 mum
555 1528 163 78 onc
648 1528 327 78 tutissimum
905 1528 233 78 sinum.
1069 1528 187 78 quem
1185 1528 140 78 vt
1255 1528 187 78 tuae
1372 1528 350 78 veneratioum
1652 1528 327 78 nuncupatum
1886 1528 233 78 beniuole

452 1581 299 98 suscipias
682 1581 253 98 malorem
866 1581 138 98 in
936 1581 207 98 modum
1074 1581 276 98 obsecro.
1281 1581 161 98 hon
1373 1581 184 98 enim
1488 1581 161 98 est
1580 1581 184 98 cuim
1695 1581 161 98 mea
1765 1581 345 98 quantulacumqu

463 1638 165 110 sint
566 1638 206 110 dicare
711 1638 124 110 oc
773 1638 330 110 praescribere
1040 1638 144 110 aut
1123 1638 268 110 lubentius
1329 1638 185 110 velim
1453 1638 185 110 autem
1576 1638 227 110 iustius
1741 1638 289 110 possim:tum
1947 1638 165 110 proter

466 1710 437 88 prudentissimam
830 1710 364 88 humanitatem
1121 1710 218 88 tuam:
1266 1710 194 88 tunm
1387 1710 267 88 propter
1581 1710 412 88 incunabulorum
1897 1710 218 88 nostro-

461 1784 146 82 rum
545 1784 355 82 coniunctionem
837 1784 355 82 argctissimam.
1129 1784 104 82 v
1171 1784 146 82 sex
1254 1784 230 82 etetumm
1421 1784 125 82 ab
1484 1784 230 82 llalis:
1651 1784 167 82 domo
1755 1784 334 82 cessituditus
2006 1784 104 82 tue

458 1844 254 78 altrince:
654 1844 137 78 ter
732 1844 176 78 mille
849 1844 176 78 natus
967 1844 117 78 oc
1025 1844 235 78 educatus
1201 1844 137 78 sum
1279 1844 254 78 passibus.
1475 1844 176 78 Sines
1592 1844 195 78 ingitr
1729 1844 156 78 tanc
1827 1844 195 78 quoqui
1944 1844 176 78 opellam

454 1902 253 99 tiostram
644 1902 274 99 praeclare
854 1902 337 99 bibliotlieca
1128 1902 148 99 tua
1213 1902 274 99 accedere:
1423 1902 211 99 nosque
1571 1902 295 99 dignaberis
1782 1902 337 99 dedititiorunmi

453 1972 223 85 cuorum
609 1972 290 85 consortio
832 1972 313 85 ascribere.
1078 1972 179 85 vale
1190 1972 156 85 let
1279 1972 357 85 hslonteacuto
1570 1972 134 85 ad
1637 1972 268 85 septimum
1838 1972 268 85 calendas
2017 1972 89 85 sa

464 2043 249 75 nuarias:
651 2043 166 75 quam
755 2043 125 75 no
818 2043 229 75 salutis
984 2043 208 75 nostre
1129 2043 312 75 hysillesimo
1379 2043 353 75 Quingentesimo
1670 2043 208 75 poono.
1815 2043 270 75 smpressit
2002 2043 104 75 au-

467 2091 149 92 tem
552 2091 149 92 iam
637 2091 213 92 hadius
786 2091 213 92 Ititio
935 2091 170 92 hesp
1020 2091 213 92 conchso.

804 2162 227 69 ialogus
970 2162 268 69 demateria
1176 2162 248 69 Lheologo
1341 2162 248 69 tractanda.

551 2192 236 108 hialogus
728 2192 177 108 inter
847 2192 157 108 duos
945 2192 217 108 famator
1102 2192 177 108 viros
1221 2192 256 108 magistrum
1417 2192 236 108 Sauuinum
1595 2192 276 108 ouglaiseum
1811 2192 177 108 virum
1910 2192 98 108 non

555 2270 157 76 rminus
665 2270 188 76 eruditum
806 2270 125 76 quae
884 2270 188 76 nobilem:
1025 2270 219 76 ecclesiaem
1197 2270 141 76 beati
1291 2270 172 76 Aegidii
1416 2270 266 76 Edinburgensis
1635 2270 203 76 pefectum:
1792 2270 110 76 eue
1839 2270 172 76 magistrum

553 2320 208 75 hauidem
704 2320 265 75 Crenstonem
912 2320 113 75 in
969 2320 170 75 sacra
1082 2320 265 75 theosophia
1290 2320 302 75 baccalaureum
1536 2320 227 75 formatum
1706 2320 189 75 optime
1819 2320 189 75 meritum.

699 2374 83 55 zaes

786 2376 112 83 lue
850 2376 208 83 praesecte
1010 2376 240 83 dignissime.
1202 2376 96 83 S.
1250 2376 144 83 dalue
1346 2376 112 83 eue
1410 2376 112 83 tum
1473 2376 112 83 vir
1537 2376 240 83 charissime.
1729 2376 112 83 ded
1793 2376 128 83 quae
1873 2376 96 83 te
1921 2376 112 83 huc
1969 2376 128 83 asfla

449 2369 248 105 hmera

794 2441 118 74 uit
862 2441 220 74 auraldere
1031 2441 135 74 enim
1115 2441 169 74 oratum
1233 2441 101 74 vt
1284 2441 101 74 de
1335 2441 101 74 re
1385 2441 220 74 literaria
1554 2441 152 74 tecum
1656 2441 253 74 comminiscar
1859 2441 186 74 exotare
1994 2441 101 74 vt
2028 2441 84 74 nos

799 2498 142 76 visas
894 2498 111 76 non
957 2498 158 76 potui.
1068 2498 95 76 D.
1115 2498 142 76 homon
1210 2498 205 76 voluntas:
1368 2498 111 76 sed
1431 2498 190 76 facultas
1574 2498 174 76 parendi
1700 2498 174 76 defuit:
1826 2498 142 76 verum
1921 2498 111 76 eam
1984 2498 95 76 ob
2016 2498 79 76 rem

786 2542 141 67 nunc
875 2542 159 67 vltro
980 2542 212 67 aduenio.
1139 2542 88 67 d
1175 2542 176 67 cptata
1298 2542 229 67 loqueris.
1475 2542 124 67 hoc
1545 2542 176 67 triduo
1669 2542 176 67 primum
1792 2542 282 67 sententiarum
2004 2542 106 67 tma

446 2504 224 133 ifeti-

791 2592 173 67 gistri
912 2592 173 67 nostri
1033 2592 208 67 bsaioris
1189 2592 138 67 legi
1275 2592 138 67 quem
1362 2592 173 67 iamiam
1483 2592 173 67 emisit
1604 2592 104 67 in
1656 2592 173 67 auras:
1777 2592 138 67 quem
1864 2592 242 67 permonitum
2037 2592 69 67 ve

451 2603 400 111 â‹lihesumcat

776 2651 115 58 lim
841 2651 99 58 vt
891 2651 197 58 relictis
1038 2651 214 58 selolicis
1203 2651 230 58 exercitiis
1383 2651 164 58 natale
1498 2651 148 58 solum
1597 2651 197 58 repetat:
1745 2651 148 58 atque
1843 2651 148 58 illic
1925 2651 181 58 vineamdo-

450 2708 210 76 tminicam
607 2708 175 76 colat:
729 2708 105 76 es
781 2708 262 76 concionando
991 2708 175 76 semina
1113 2708 262 76 euangelica:
1323 2708 140 76 vnde
1410 2708 192 76 optimos
1550 2708 192 76 sructus
1690 2708 157 76 anima
1795 2708 210 76 fidelium
1934 2708 175 76 demetant

445 2753 128 97 late
525 2753 193 97 longeque
670 2753 225 97 dispergat.
846 2753 128 97 hlid
927 2753 161 97 quidem
1039 2753 96 97 se
1087 2753 193 97 aliquand
1232 2753 193 97 facturum
1376 2753 209 97 proponit:
1537 2753 112 97 sed
1601 2753 177 97 interea
1730 2753 193 97 temporis
1874 2753 96 97 ab
1922 2753 112 97 hoc
1971 2753 128 97 munere
