<?xml version="1.0" encoding="UTF-8"?>
<alto xmlns:xsi="http://www.w3.org/2001/XMLSchema-instance"
      xmlns="http://www.loc.gov/standards/alto/ns-v2#"
      xmlns:page="http://schema.primaresearch.org/PAGE/gts/pagecontent/2013-07-15"
      xsi:schemaLocation="http://www.loc.gov/standards/alto/ns-v2# http://www.loc.gov/standards/alto/alto.xsd">
   <Description>
      <MeasurementUnit>pixel</MeasurementUnit>
      <OCRProcessing ID="IdOcr">
         <ocrProcessingStep>
            <processingDateTime>2020-07-28T08:34:49.21-04:00</processingDateTime>
            <processingSoftware>
               <softwareCreator>READ COOP</softwareCreator>
               <softwareName>Transkribus</softwareName>
            </processingSoftware>
         </ocrProcessingStep>
      </OCRProcessing>
   </Description>
   <Tags/>
   <Layout>
      <Page ID="Page1" PHYSICAL_IMG_NR="1" HEIGHT="3320" WIDTH="2405">
         <TopMargin HEIGHT="0" WIDTH="2405" VPOS="0" HPOS="0"/>
         <LeftMargin HEIGHT="3320" WIDTH="0" VPOS="0" HPOS="0"/>
         <RightMargin HEIGHT="3320" WIDTH="0" VPOS="0" HPOS="2405"/>
         <BottomMargin HEIGHT="0" WIDTH="2405" VPOS="3320" HPOS="0"/>
         <PrintSpace HEIGHT="3320" WIDTH="2405" VPOS="0" HPOS="0">
            <TextBlock ID="r1" HEIGHT="2605" WIDTH="1166" VPOS="228" HPOS="39">
               <Shape>
                  <Polygon POINTS="39,228 39,2833 1205,2833 1205,228"/>
               </Shape>
               <TextLine ID="r1l1"
                         BASELINE="273"
                         HEIGHT="75"
                         WIDTH="147"
                         VPOS="198"
                         HPOS="771">
                  <String HEIGHT="75"
                          WIDTH="221"
                          VPOS="198"
                          HPOS="747"
                          CONTENT="abula"/>
                  <SP HEIGHT="75" WIDTH="25" VPOS="198" HPOS="967"/>
                  <String HEIGHT="75" WIDTH="49" VPOS="198" HPOS="869" CONTENT=""/>
               </TextLine>
               <TextLine ID="r1l2"
                         BASELINE="264"
                         HEIGHT="57"
                         WIDTH="40"
                         VPOS="207"
                         HPOS="700">
                  <String HEIGHT="57" WIDTH="80" VPOS="207" HPOS="660" CONTENT="st"/>
               </TextLine>
               <TextLine ID="r1l3"
                         BASELINE="320"
                         HEIGHT="66"
                         WIDTH="799"
                         VPOS="254"
                         HPOS="367">
                  <String HEIGHT="66"
                          WIDTH="157"
                          VPOS="254"
                          HPOS="353"
                          CONTENT="pilatus"/>
                  <SP HEIGHT="66" WIDTH="14" VPOS="254" HPOS="510"/>
                  <String HEIGHT="66"
                          WIDTH="185"
                          VPOS="254"
                          HPOS="467"
                          CONTENT="occidendo"/>
                  <SP HEIGHT="66" WIDTH="14" VPOS="254" HPOS="652"/>
                  <String HEIGHT="66"
                          WIDTH="185"
                          VPOS="254"
                          HPOS="610"
                          CONTENT="cfitistum"/>
                  <SP HEIGHT="66" WIDTH="14" VPOS="254" HPOS="795"/>
                  <String HEIGHT="66"
                          WIDTH="185"
                          VPOS="254"
                          HPOS="752"
                          CONTENT="peccaunt:"/>
                  <SP HEIGHT="66" WIDTH="14" VPOS="254" HPOS="938"/>
                  <String HEIGHT="66"
                          WIDTH="114"
                          VPOS="254"
                          HPOS="895"
                          CONTENT="quia"/>
                  <SP HEIGHT="66" WIDTH="14" VPOS="254" HPOS="1009"/>
                  <String HEIGHT="66" WIDTH="100" VPOS="254" HPOS="966" CONTENT="non"/>
                  <SP HEIGHT="66" WIDTH="14" VPOS="254" HPOS="1066"/>
                  <String HEIGHT="66"
                          WIDTH="114"
                          VPOS="254"
                          HPOS="1023"
                          CONTENT="vere"/>
                  <SP HEIGHT="66" WIDTH="14" VPOS="254" HPOS="1137"/>
                  <String HEIGHT="66"
                          WIDTH="86"
                          VPOS="254"
                          HPOS="1080"
                          CONTENT="pro"
                          SUBS_TYPE="HypPart1"
                          SUBS_CONTENT="processit"/>
                  <HYP CONTENT="-"/>
               </TextLine>
               <TextLine ID="r1l4"
                         BASELINE="373"
                         HEIGHT="57"
                         WIDTH="733"
                         VPOS="316"
                         HPOS="368">
                  <String HEIGHT="57"
                          WIDTH="138"
                          VPOS="316"
                          HPOS="354"
                          CONTENT="cessit"
                          SUBS_TYPE="HypPart2"
                          SUBS_CONTENT="processit"/>
                  <SP HEIGHT="57" WIDTH="14" VPOS="316" HPOS="492"/>
                  <String HEIGHT="57"
                          WIDTH="166"
                          VPOS="316"
                          HPOS="451"
                          CONTENT="secundum"/>
                  <SP HEIGHT="57" WIDTH="14" VPOS="316" HPOS="617"/>
                  <String HEIGHT="57"
                          WIDTH="166"
                          VPOS="316"
                          HPOS="575"
                          CONTENT="alleeata"/>
                  <SP HEIGHT="57" WIDTH="14" VPOS="316" HPOS="741"/>
                  <String HEIGHT="57"
                          WIDTH="111"
                          VPOS="316"
                          HPOS="700"
                          CONTENT="oute"/>
                  <SP HEIGHT="57" WIDTH="14" VPOS="316" HPOS="811"/>
                  <String HEIGHT="57"
                          WIDTH="166"
                          VPOS="316"
                          HPOS="769"
                          CONTENT="probata."/>
                  <SP HEIGHT="57" WIDTH="14" VPOS="316" HPOS="935"/>
                  <String HEIGHT="57" WIDTH="97" VPOS="316" HPOS="894" CONTENT="so."/>
                  <SP HEIGHT="57" WIDTH="14" VPOS="316" HPOS="990"/>
                  <String HEIGHT="57" WIDTH="97" VPOS="316" HPOS="949" CONTENT="cr."/>
                  <SP HEIGHT="57" WIDTH="14" VPOS="316" HPOS="1046"/>
                  <String HEIGHT="57"
                          WIDTH="111"
                          VPOS="316"
                          HPOS="990"
                          CONTENT="colini"/>
               </TextLine>
               <TextLine ID="r1l5"
                         BASELINE="400"
                         HEIGHT="51"
                         WIDTH="815"
                         VPOS="349"
                         HPOS="366">
                  <String HEIGHT="51"
                          WIDTH="155"
                          VPOS="349"
                          HPOS="352"
                          CONTENT="positio"/>
                  <SP HEIGHT="51" WIDTH="14" VPOS="349" HPOS="507"/>
                  <String HEIGHT="51"
                          WIDTH="155"
                          VPOS="349"
                          HPOS="464"
                          CONTENT="tealium"/>
                  <SP HEIGHT="51" WIDTH="14" VPOS="349" HPOS="619"/>
                  <String HEIGHT="51" WIDTH="84" VPOS="349" HPOS="577" CONTENT="de"/>
                  <SP HEIGHT="51" WIDTH="14" VPOS="349" HPOS="661"/>
                  <String HEIGHT="51"
                          WIDTH="225"
                          VPOS="349"
                          HPOS="619"
                          CONTENT="relationibus"/>
                  <SP HEIGHT="51" WIDTH="14" VPOS="349" HPOS="844"/>
                  <String HEIGHT="51"
                          WIDTH="211"
                          VPOS="349"
                          HPOS="802"
                          CONTENT="defenditur."/>
                  <SP HEIGHT="51" WIDTH="14" VPOS="349" HPOS="1012"/>
                  <String HEIGHT="51" WIDTH="98" VPOS="349" HPOS="970" CONTENT="sed"/>
                  <SP HEIGHT="51" WIDTH="14" VPOS="349" HPOS="1069"/>
                  <String HEIGHT="51" WIDTH="98" VPOS="349" HPOS="1026" CONTENT="non"/>
                  <SP HEIGHT="51" WIDTH="14" VPOS="349" HPOS="1125"/>
                  <String HEIGHT="51"
                          WIDTH="112"
                          VPOS="349"
                          HPOS="1069"
                          CONTENT="appto"
                          SUBS_TYPE="HypPart1"
                          SUBS_CONTENT="apptobatur."/>
                  <HYP CONTENT="-"/>
               </TextLine>
               <TextLine ID="r1l6"
                         BASELINE="446"
                         HEIGHT="50"
                         WIDTH="406"
                         VPOS="396"
                         HPOS="372">
                  <String HEIGHT="50"
                          WIDTH="145"
                          VPOS="396"
                          HPOS="358"
                          CONTENT="batur."
                          SUBS_TYPE="HypPart2"
                          SUBS_CONTENT="apptobatur."/>
                  <SP HEIGHT="50" WIDTH="15" VPOS="396" HPOS="503"/>
                  <String HEIGHT="50" WIDTH="102" VPOS="396" HPOS="459" CONTENT="fo."/>
                  <SP HEIGHT="50" WIDTH="15" VPOS="396" HPOS="561"/>
                  <String HEIGHT="50"
                          WIDTH="160"
                          VPOS="396"
                          HPOS="517"
                          CONTENT="herxit."/>
                  <SP HEIGHT="50" WIDTH="15" VPOS="396" HPOS="677"/>
                  <String HEIGHT="50" WIDTH="102" VPOS="396" HPOS="633" CONTENT="per"/>
                  <SP HEIGHT="50" WIDTH="15" VPOS="396" HPOS="735"/>
                  <String HEIGHT="50"
                          WIDTH="102"
                          VPOS="396"
                          HPOS="677"
                          CONTENT="totum"/>
               </TextLine>
               <TextLine ID="r1l7"
                         BASELINE="478"
                         HEIGHT="57"
                         WIDTH="802"
                         VPOS="421"
                         HPOS="372">
                  <String HEIGHT="57"
                          WIDTH="152"
                          VPOS="421"
                          HPOS="358"
                          CONTENT="positio"/>
                  <SP HEIGHT="57" WIDTH="14" VPOS="421" HPOS="510"/>
                  <String HEIGHT="57"
                          WIDTH="166"
                          VPOS="421"
                          HPOS="469"
                          CONTENT="noialium"/>
                  <SP HEIGHT="57" WIDTH="14" VPOS="421" HPOS="635"/>
                  <String HEIGHT="57" WIDTH="83" VPOS="421" HPOS="593" CONTENT="de"/>
                  <SP HEIGHT="57" WIDTH="14" VPOS="421" HPOS="676"/>
                  <String HEIGHT="57"
                          WIDTH="221"
                          VPOS="421"
                          HPOS="635"
                          CONTENT="relationibus"/>
                  <SP HEIGHT="57" WIDTH="14" VPOS="421" HPOS="856"/>
                  <String HEIGHT="57" WIDTH="97" VPOS="421" HPOS="814" CONTENT="est"/>
                  <SP HEIGHT="57" WIDTH="14" VPOS="421" HPOS="911"/>
                  <String HEIGHT="57"
                          WIDTH="194"
                          VPOS="421"
                          HPOS="870"
                          CONTENT="Itistoteli"/>
                  <SP HEIGHT="57" WIDTH="14" VPOS="421" HPOS="1063"/>
                  <String HEIGHT="57"
                          WIDTH="166"
                          VPOS="421"
                          HPOS="1008"
                          CONTENT="conformior"/>
               </TextLine>
               <TextLine ID="r1l8"
                         BASELINE="525"
                         HEIGHT="48"
                         WIDTH="181"
                         VPOS="477"
                         HPOS="369">
                  <String HEIGHT="48" WIDTH="91" VPOS="477" HPOS="356" CONTENT="fo."/>
                  <SP HEIGHT="48" WIDTH="13" VPOS="477" HPOS="447"/>
                  <String HEIGHT="48"
                          WIDTH="103"
                          VPOS="477"
                          HPOS="408"
                          CONTENT="&amp;ci."/>
                  <SP HEIGHT="48" WIDTH="13" VPOS="477" HPOS="511"/>
                  <String HEIGHT="48" WIDTH="91" VPOS="477" HPOS="472" CONTENT="col"/>
                  <SP HEIGHT="48" WIDTH="13" VPOS="477" HPOS="563"/>
                  <String HEIGHT="48" WIDTH="39" VPOS="477" HPOS="511" CONTENT="n"/>
               </TextLine>
               <TextLine ID="r1l9"
                         BASELINE="560"
                         HEIGHT="58"
                         WIDTH="804"
                         VPOS="502"
                         HPOS="368">
                  <String HEIGHT="58"
                          WIDTH="150"
                          VPOS="502"
                          HPOS="354"
                          CONTENT="positio"/>
                  <SP HEIGHT="58" WIDTH="14" VPOS="502" HPOS="504"/>
                  <String HEIGHT="58"
                          WIDTH="150"
                          VPOS="502"
                          HPOS="463"
                          CONTENT="realium"/>
                  <SP HEIGHT="58" WIDTH="14" VPOS="502" HPOS="613"/>
                  <String HEIGHT="58"
                          WIDTH="177"
                          VPOS="502"
                          HPOS="572"
                          CONTENT="depunctis"/>
                  <SP HEIGHT="58" WIDTH="14" VPOS="502" HPOS="750"/>
                  <String HEIGHT="58"
                          WIDTH="109"
                          VPOS="502"
                          HPOS="709"
                          CONTENT="quot"/>
                  <SP HEIGHT="58" WIDTH="14" VPOS="502" HPOS="818"/>
                  <String HEIGHT="58"
                          WIDTH="136"
                          VPOS="502"
                          HPOS="777"
                          CONTENT="lineis"/>
                  <SP HEIGHT="58" WIDTH="14" VPOS="502" HPOS="913"/>
                  <String HEIGHT="58"
                          WIDTH="259"
                          VPOS="502"
                          HPOS="872"
                          CONTENT="indiuisibilibus"/>
                  <SP HEIGHT="58" WIDTH="14" VPOS="502" HPOS="1131"/>
                  <String HEIGHT="58"
                          WIDTH="95"
                          VPOS="502"
                          HPOS="1077"
                          CONTENT="scfic"/>
               </TextLine>
               <TextLine ID="r1l10"
                         BASELINE="598"
                         HEIGHT="44"
                         WIDTH="802"
                         VPOS="554"
                         HPOS="376">
                  <String HEIGHT="44"
                          WIDTH="138"
                          VPOS="554"
                          HPOS="363"
                          CONTENT="lastice"/>
                  <SP HEIGHT="44" WIDTH="13" VPOS="554" HPOS="501"/>
                  <String HEIGHT="44"
                          WIDTH="188"
                          VPOS="554"
                          HPOS="464"
                          CONTENT="defenditur."/>
                  <SP HEIGHT="44" WIDTH="13" VPOS="554" HPOS="652"/>
                  <String HEIGHT="44" WIDTH="88" VPOS="554" HPOS="614" CONTENT="sed"/>
                  <SP HEIGHT="44" WIDTH="13" VPOS="554" HPOS="702"/>
                  <String HEIGHT="44" WIDTH="88" VPOS="554" HPOS="664" CONTENT="non"/>
                  <SP HEIGHT="44" WIDTH="13" VPOS="554" HPOS="752"/>
                  <String HEIGHT="44"
                          WIDTH="188"
                          VPOS="554"
                          HPOS="714"
                          CONTENT="approbatur."/>
                  <SP HEIGHT="44" WIDTH="13" VPOS="554" HPOS="902"/>
                  <String HEIGHT="44" WIDTH="88" VPOS="554" HPOS="865" CONTENT="fo."/>
                  <SP HEIGHT="44" WIDTH="13" VPOS="554" HPOS="952"/>
                  <String HEIGHT="44"
                          WIDTH="150"
                          VPOS="554"
                          HPOS="915"
                          CONTENT="lxtiiii."/>
                  <SP HEIGHT="44" WIDTH="13" VPOS="554" HPOS="1065"/>
                  <String HEIGHT="44"
                          WIDTH="100"
                          VPOS="554"
                          HPOS="1028"
                          CONTENT="fere"/>
                  <SP HEIGHT="44" WIDTH="13" VPOS="554" HPOS="1128"/>
                  <String HEIGHT="44" WIDTH="88" VPOS="554" HPOS="1090" CONTENT="per"/>
                  <SP HEIGHT="44" WIDTH="13" VPOS="554" HPOS="1178"/>
                  <String HEIGHT="44" WIDTH="50" VPOS="554" HPOS="1128" CONTENT="to"/>
               </TextLine>
               <TextLine ID="r1l11"
                         BASELINE="646"
                         HEIGHT="49"
                         WIDTH="272"
                         VPOS="597"
                         HPOS="372">
                  <String HEIGHT="49" WIDTH="119" VPOS="597" HPOS="355" CONTENT="tam"/>
                  <SP HEIGHT="49" WIDTH="17" VPOS="597" HPOS="474"/>
                  <String HEIGHT="49"
                          WIDTH="238"
                          VPOS="597"
                          HPOS="406"
                          CONTENT="quaestionem."/>
               </TextLine>
               <TextLine ID="r1l12"
                         BASELINE="683"
                         HEIGHT="54"
                         WIDTH="820"
                         VPOS="629"
                         HPOS="369">
                  <String HEIGHT="54"
                          WIDTH="186"
                          VPOS="629"
                          HPOS="354"
                          CONTENT="potentia"/>
                  <SP HEIGHT="54" WIDTH="15" VPOS="629" HPOS="539"/>
                  <String HEIGHT="54"
                          WIDTH="155"
                          VPOS="629"
                          HPOS="493"
                          CONTENT="actiua"/>
                  <SP HEIGHT="54" WIDTH="15" VPOS="629" HPOS="647"/>
                  <String HEIGHT="54" WIDTH="108" VPOS="629" HPOS="601" CONTENT="tei"/>
                  <SP HEIGHT="54" WIDTH="15" VPOS="629" HPOS="709"/>
                  <String HEIGHT="54"
                          WIDTH="217"
                          VPOS="629"
                          HPOS="663"
                          CONTENT="attenditur"/>
                  <SP HEIGHT="54" WIDTH="15" VPOS="629" HPOS="880"/>
                  <String HEIGHT="54"
                          WIDTH="139"
                          VPOS="629"
                          HPOS="833"
                          CONTENT="penes"/>
                  <SP HEIGHT="54" WIDTH="15" VPOS="629" HPOS="972"/>
                  <String HEIGHT="54"
                          WIDTH="248"
                          VPOS="629"
                          HPOS="926"
                          CONTENT="multitudinem"/>
                  <SP HEIGHT="54" WIDTH="15" VPOS="629" HPOS="1174"/>
                  <String HEIGHT="54" WIDTH="77" VPOS="629" HPOS="1112" CONTENT="fot"/>
               </TextLine>
               <TextLine ID="r1l13"
                         BASELINE="722"
                         HEIGHT="46"
                         WIDTH="305"
                         VPOS="676"
                         HPOS="373">
                  <String HEIGHT="46" WIDTH="93" VPOS="676" HPOS="360" CONTENT="ma."/>
                  <SP HEIGHT="46" WIDTH="13" VPOS="676" HPOS="453"/>
                  <String HEIGHT="46" WIDTH="80" VPOS="676" HPOS="413" CONTENT="fo"/>
                  <SP HEIGHT="46" WIDTH="13" VPOS="676" HPOS="492"/>
                  <String HEIGHT="46"
                          WIDTH="133"
                          VPOS="676"
                          HPOS="453"
                          CONTENT="ciiii."/>
                  <SP HEIGHT="46" WIDTH="13" VPOS="676" HPOS="585"/>
                  <String HEIGHT="46"
                          WIDTH="133"
                          VPOS="676"
                          HPOS="545"
                          CONTENT="colum."/>
                  <SP HEIGHT="46" WIDTH="13" VPOS="676" HPOS="678"/>
                  <String HEIGHT="46" WIDTH="53" VPOS="676" HPOS="625" CONTENT="i."/>
               </TextLine>
               <TextLine ID="r1l14"
                         BASELINE="770"
                         HEIGHT="57"
                         WIDTH="422"
                         VPOS="713"
                         HPOS="375">
                  <String HEIGHT="57"
                          WIDTH="181"
                          VPOS="713"
                          HPOS="360"
                          CONTENT="potentia"/>
                  <SP HEIGHT="57" WIDTH="15" VPOS="713" HPOS="541"/>
                  <String HEIGHT="57" WIDTH="106" VPOS="713" HPOS="496" CONTENT="tei"/>
                  <SP HEIGHT="57" WIDTH="15" VPOS="713" HPOS="601"/>
                  <String HEIGHT="57"
                          WIDTH="166"
                          VPOS="713"
                          HPOS="556"
                          CONTENT="duplex."/>
                  <SP HEIGHT="57" WIDTH="15" VPOS="713" HPOS="722"/>
                  <String HEIGHT="57"
                          WIDTH="136"
                          VPOS="713"
                          HPOS="661"
                          CONTENT="ibidem."/>
               </TextLine>
               <TextLine ID="r1l15"
                         BASELINE="800"
                         HEIGHT="52"
                         WIDTH="826"
                         VPOS="748"
                         HPOS="369">
                  <String HEIGHT="52"
                          WIDTH="179"
                          VPOS="748"
                          HPOS="355"
                          CONTENT="potentiam"/>
                  <SP HEIGHT="52" WIDTH="14" VPOS="748" HPOS="534"/>
                  <String HEIGHT="52"
                          WIDTH="110"
                          VPOS="748"
                          HPOS="493"
                          CONTENT="fore"/>
                  <SP HEIGHT="52" WIDTH="14" VPOS="748" HPOS="603"/>
                  <String HEIGHT="52" WIDTH="83" VPOS="748" HPOS="562" CONTENT="ad"/>
                  <SP HEIGHT="52" WIDTH="14" VPOS="748" HPOS="644"/>
                  <String HEIGHT="52"
                          WIDTH="193"
                          VPOS="748"
                          HPOS="603"
                          CONTENT="ptateritum"/>
                  <SP HEIGHT="52" WIDTH="14" VPOS="748" HPOS="796"/>
                  <String HEIGHT="52"
                          WIDTH="138"
                          VPOS="748"
                          HPOS="754"
                          CONTENT="potest"/>
                  <SP HEIGHT="52" WIDTH="14" VPOS="748" HPOS="892"/>
                  <String HEIGHT="52"
                          WIDTH="179"
                          VPOS="748"
                          HPOS="851"
                          CONTENT="duplciter"/>
                  <SP HEIGHT="52" WIDTH="14" VPOS="748" HPOS="1030"/>
                  <String HEIGHT="52"
                          WIDTH="193"
                          VPOS="748"
                          HPOS="989"
                          CONTENT="intelligi."/>
                  <SP HEIGHT="52" WIDTH="14" VPOS="748" HPOS="1181"/>
                  <String HEIGHT="52"
                          WIDTH="69"
                          VPOS="748"
                          HPOS="1126"
                          CONTENT="fo"
                          SUBS_TYPE="HypPart1"
                          SUBS_CONTENT="folio."/>
                  <HYP CONTENT="-"/>
               </TextLine>
               <TextLine ID="r1l16"
                         BASELINE="844"
                         HEIGHT="49"
                         WIDTH="248"
                         VPOS="795"
                         HPOS="369">
                  <String HEIGHT="49"
                          WIDTH="94"
                          VPOS="795"
                          HPOS="357"
                          CONTENT="lio."
                          SUBS_TYPE="HypPart2"
                          SUBS_CONTENT="folio."/>
                  <SP HEIGHT="49" WIDTH="12" VPOS="795" HPOS="452"/>
                  <String HEIGHT="49"
                          WIDTH="118"
                          VPOS="795"
                          HPOS="416"
                          CONTENT="vcvii."/>
                  <SP HEIGHT="49" WIDTH="12" VPOS="795" HPOS="534"/>
                  <String HEIGHT="49"
                          WIDTH="118"
                          VPOS="795"
                          HPOS="499"
                          CONTENT="colun."/>
                  <SP HEIGHT="49" WIDTH="12" VPOS="795" HPOS="617"/>
                  <String HEIGHT="49" WIDTH="47" VPOS="795" HPOS="570" CONTENT="ii"/>
               </TextLine>
               <TextLine ID="r1l17"
                         BASELINE="877"
                         HEIGHT="45"
                         WIDTH="812"
                         VPOS="832"
                         HPOS="374">
                  <String HEIGHT="45"
                          WIDTH="168"
                          VPOS="832"
                          HPOS="360"
                          CONTENT="potentia"/>
                  <SP HEIGHT="45" WIDTH="14" VPOS="832" HPOS="528"/>
                  <String HEIGHT="45" WIDTH="98" VPOS="832" HPOS="486" CONTENT="dei"/>
                  <SP HEIGHT="45" WIDTH="14" VPOS="832" HPOS="584"/>
                  <String HEIGHT="45"
                          WIDTH="126"
                          VPOS="832"
                          HPOS="542"
                          CONTENT="vtrum"/>
                  <SP HEIGHT="45" WIDTH="14" VPOS="832" HPOS="668"/>
                  <String HEIGHT="45"
                          WIDTH="140"
                          VPOS="832"
                          HPOS="626"
                          CONTENT="possit"/>
                  <SP HEIGHT="45" WIDTH="14" VPOS="832" HPOS="766"/>
                  <String HEIGHT="45"
                          WIDTH="154"
                          VPOS="832"
                          HPOS="724"
                          CONTENT="extendi"/>
                  <SP HEIGHT="45" WIDTH="14" VPOS="832" HPOS="878"/>
                  <String HEIGHT="45" WIDTH="84" VPOS="832" HPOS="836" CONTENT="ad"/>
                  <SP HEIGHT="45" WIDTH="14" VPOS="832" HPOS="920"/>
                  <String HEIGHT="45"
                          WIDTH="210"
                          VPOS="832"
                          HPOS="878"
                          CONTENT="deceptionem"/>
                  <SP HEIGHT="45" WIDTH="14" VPOS="832" HPOS="1088"/>
                  <String HEIGHT="45" WIDTH="84" VPOS="832" HPOS="1046" CONTENT="ab"/>
                  <SP HEIGHT="45" WIDTH="14" VPOS="832" HPOS="1130"/>
                  <String HEIGHT="45" WIDTH="84" VPOS="832" HPOS="1088" CONTENT="eo"/>
                  <SP HEIGHT="45" WIDTH="14" VPOS="832" HPOS="1172"/>
                  <String HEIGHT="45"
                          WIDTH="70"
                          VPOS="832"
                          HPOS="1116"
                          CONTENT="fa"
                          SUBS_TYPE="HypPart1"
                          SUBS_CONTENT="faciendam."/>
                  <HYP CONTENT="-"/>
               </TextLine>
               <TextLine ID="r1l18"
                         BASELINE="927"
                         HEIGHT="52"
                         WIDTH="302"
                         VPOS="875"
                         HPOS="376">
                  <String HEIGHT="52"
                          WIDTH="165"
                          VPOS="875"
                          HPOS="362"
                          CONTENT="ciendam."
                          SUBS_TYPE="HypPart2"
                          SUBS_CONTENT="faciendam."/>
                  <SP HEIGHT="52" WIDTH="14" VPOS="875" HPOS="527"/>
                  <String HEIGHT="52" WIDTH="82" VPOS="875" HPOS="486" CONTENT="fo"/>
                  <SP HEIGHT="52" WIDTH="14" VPOS="875" HPOS="568"/>
                  <String HEIGHT="52" WIDTH="82" VPOS="875" HPOS="527" CONTENT="c."/>
                  <SP HEIGHT="52" WIDTH="14" VPOS="875" HPOS="609"/>
                  <String HEIGHT="52" WIDTH="96" VPOS="875" HPOS="568" CONTENT="col"/>
                  <SP HEIGHT="52" WIDTH="14" VPOS="875" HPOS="664"/>
                  <String HEIGHT="52" WIDTH="69" VPOS="875" HPOS="609" CONTENT="ii."/>
               </TextLine>
               <TextLine ID="r1l19"
                         BASELINE="968"
                         HEIGHT="49"
                         WIDTH="592"
                         VPOS="919"
                         HPOS="382">
                  <String HEIGHT="49"
                          WIDTH="154"
                          VPOS="919"
                          HPOS="369"
                          CONTENT="potentia"/>
                  <SP HEIGHT="49" WIDTH="13" VPOS="919" HPOS="524"/>
                  <String HEIGHT="49" WIDTH="90" VPOS="919" HPOS="485" CONTENT="dei"/>
                  <SP HEIGHT="49" WIDTH="13" VPOS="919" HPOS="575"/>
                  <String HEIGHT="49"
                          WIDTH="154"
                          VPOS="919"
                          HPOS="536"
                          CONTENT="absoluta"/>
                  <SP HEIGHT="49" WIDTH="13" VPOS="919" HPOS="691"/>
                  <String HEIGHT="49"
                          WIDTH="103"
                          VPOS="919"
                          HPOS="652"
                          CONTENT="quid"/>
                  <SP HEIGHT="49" WIDTH="13" VPOS="919" HPOS="755"/>
                  <String HEIGHT="49"
                          WIDTH="103"
                          VPOS="919"
                          HPOS="717"
                          CONTENT="est."/>
                  <SP HEIGHT="49" WIDTH="13" VPOS="919" HPOS="820"/>
                  <String HEIGHT="49" WIDTH="77" VPOS="919" HPOS="781" CONTENT="to"/>
                  <SP HEIGHT="49" WIDTH="13" VPOS="919" HPOS="858"/>
                  <String HEIGHT="49" WIDTH="77" VPOS="919" HPOS="820" CONTENT="ci"/>
                  <SP HEIGHT="49" WIDTH="13" VPOS="919" HPOS="897"/>
                  <String HEIGHT="49"
                          WIDTH="103"
                          VPOS="919"
                          HPOS="858"
                          CONTENT="col."/>
                  <SP HEIGHT="49" WIDTH="13" VPOS="919" HPOS="961"/>
                  <String HEIGHT="49" WIDTH="64" VPOS="919" HPOS="910" CONTENT="ii."/>
               </TextLine>
               <TextLine ID="r1l20"
                         BASELINE="1013"
                         HEIGHT="54"
                         WIDTH="521"
                         VPOS="959"
                         HPOS="381">
                  <String HEIGHT="54"
                          WIDTH="179"
                          VPOS="959"
                          HPOS="366"
                          CONTENT="potentia"/>
                  <SP HEIGHT="54" WIDTH="15" VPOS="959" HPOS="545"/>
                  <String HEIGHT="54"
                          WIDTH="179"
                          VPOS="959"
                          HPOS="500"
                          CONTENT="ordinata"/>
                  <SP HEIGHT="54" WIDTH="15" VPOS="959" HPOS="679"/>
                  <String HEIGHT="54"
                          WIDTH="119"
                          VPOS="959"
                          HPOS="634"
                          CONTENT="quid"/>
                  <SP HEIGHT="54" WIDTH="15" VPOS="959" HPOS="753"/>
                  <String HEIGHT="54"
                          WIDTH="119"
                          VPOS="959"
                          HPOS="708"
                          CONTENT="est."/>
                  <SP HEIGHT="54" WIDTH="15" VPOS="959" HPOS="828"/>
                  <String HEIGHT="54"
                          WIDTH="134"
                          VPOS="959"
                          HPOS="768"
                          CONTENT="Rhidem"
                          SUBS_TYPE="HypPart1"
                          SUBS_CONTENT="Rhidemptimogenitus"/>
                  <HYP CONTENT="-"/>
               </TextLine>
               <TextLine ID="r1l21"
                         BASELINE="1041"
                         HEIGHT="52"
                         WIDTH="823"
                         VPOS="989"
                         HPOS="362">
                  <String HEIGHT="52"
                          WIDTH="244"
                          VPOS="989"
                          HPOS="347"
                          CONTENT="ptimogenitus"
                          SUBS_TYPE="HypPart2"
                          SUBS_CONTENT="Rhidemptimogenitus"/>
                  <SP HEIGHT="52" WIDTH="15" VPOS="989" HPOS="591"/>
                  <String HEIGHT="52" WIDTH="91" VPOS="989" HPOS="545" CONTENT="in"/>
                  <SP HEIGHT="52" WIDTH="15" VPOS="989" HPOS="636"/>
                  <String HEIGHT="52"
                          WIDTH="183"
                          VPOS="989"
                          HPOS="591"
                          CONTENT="pritania"/>
                  <SP HEIGHT="52" WIDTH="15" VPOS="989" HPOS="774"/>
                  <String HEIGHT="52"
                          WIDTH="183"
                          VPOS="989"
                          HPOS="728"
                          CONTENT="succedit"/>
                  <SP HEIGHT="52" WIDTH="15" VPOS="989" HPOS="911"/>
                  <String HEIGHT="52" WIDTH="91" VPOS="989" HPOS="865" CONTENT="in"/>
                  <SP HEIGHT="52" WIDTH="15" VPOS="989" HPOS="956"/>
                  <String HEIGHT="52"
                          WIDTH="122"
                          VPOS="989"
                          HPOS="911"
                          CONTENT="toto"/>
                  <SP HEIGHT="52" WIDTH="15" VPOS="989" HPOS="1033"/>
                  <String HEIGHT="52"
                          WIDTH="137"
                          VPOS="989"
                          HPOS="987"
                          CONTENT="donea"/>
                  <SP HEIGHT="52" WIDTH="15" VPOS="989" HPOS="1124"/>
                  <String HEIGHT="52"
                          WIDTH="107"
                          VPOS="989"
                          HPOS="1078"
                          CONTENT="non"/>
                  <SP HEIGHT="52" WIDTH="15" VPOS="989" HPOS="1185"/>
                  <String HEIGHT="52" WIDTH="61" VPOS="989" HPOS="1124" CONTENT="in"/>
               </TextLine>
               <TextLine ID="r1l22"
                         BASELINE="1091"
                         HEIGHT="54"
                         WIDTH="797"
                         VPOS="1037"
                         HPOS="34">
                  <String HEIGHT="54" WIDTH="70" VPOS="1037" HPOS="20" CONTENT="h"/>
                  <SP HEIGHT="54" WIDTH="14" VPOS="1037" HPOS="90"/>
                  <String HEIGHT="54" WIDTH="84" VPOS="1037" HPOS="48" CONTENT="ve"/>
                  <SP HEIGHT="54" WIDTH="14" VPOS="1037" HPOS="132"/>
                  <String HEIGHT="54" WIDTH="98" VPOS="1037" HPOS="90" CONTENT="fes"/>
                  <SP HEIGHT="54" WIDTH="14" VPOS="1037" HPOS="188"/>
                  <String HEIGHT="54" WIDTH="98" VPOS="1037" HPOS="146" CONTENT="qui"/>
                  <SP HEIGHT="54" WIDTH="14" VPOS="1037" HPOS="244"/>
                  <String HEIGHT="54" WIDTH="70" VPOS="1037" HPOS="202" CONTENT="v"/>
                  <SP HEIGHT="54" WIDTH="14" VPOS="1037" HPOS="272"/>
                  <String HEIGHT="54" WIDTH="98" VPOS="1037" HPOS="230" CONTENT="sto"/>
                  <SP HEIGHT="54" WIDTH="14" VPOS="1037" HPOS="328"/>
                  <String HEIGHT="54"
                          WIDTH="168"
                          VPOS="1037"
                          HPOS="286"
                          CONTENT="ciallia."/>
                  <SP HEIGHT="54" WIDTH="14" VPOS="1037" HPOS="453"/>
                  <String HEIGHT="54" WIDTH="84" VPOS="1037" HPOS="412" CONTENT="ho"/>
                  <SP HEIGHT="54" WIDTH="14" VPOS="1037" HPOS="495"/>
                  <String HEIGHT="54"
                          WIDTH="126"
                          VPOS="1037"
                          HPOS="453"
                          CONTENT="ceis."/>
                  <SP HEIGHT="54" WIDTH="14" VPOS="1037" HPOS="579"/>
                  <String HEIGHT="54"
                          WIDTH="154"
                          VPOS="1037"
                          HPOS="537"
                          CONTENT="colii¬m"/>
                  <SP HEIGHT="54" WIDTH="14" VPOS="1037" HPOS="691"/>
                  <String HEIGHT="54" WIDTH="98" VPOS="1037" HPOS="649" CONTENT="mi."/>
                  <SP HEIGHT="54" WIDTH="14" VPOS="1037" HPOS="747"/>
                  <String HEIGHT="54" WIDTH="98" VPOS="1037" HPOS="705" CONTENT="ien"/>
                  <SP HEIGHT="54" WIDTH="14" VPOS="1037" HPOS="803"/>
                  <String HEIGHT="54"
                          WIDTH="84"
                          VPOS="1037"
                          HPOS="747"
                          CONTENT="fine"/>
               </TextLine>
               <TextLine ID="r1l23"
                         BASELINE="1116"
                         HEIGHT="43"
                         WIDTH="808"
                         VPOS="1073"
                         HPOS="372">
                  <String HEIGHT="43"
                          WIDTH="189"
                          VPOS="1073"
                          HPOS="359"
                          CONTENT="ptincipium"/>
                  <SP HEIGHT="43" WIDTH="13" VPOS="1073" HPOS="547"/>
                  <String HEIGHT="43" WIDTH="81" VPOS="1073" HPOS="507" CONTENT="in"/>
                  <SP HEIGHT="43" WIDTH="13" VPOS="1073" HPOS="587"/>
                  <String HEIGHT="43"
                          WIDTH="148"
                          VPOS="1073"
                          HPOS="547"
                          CONTENT="diuinis"/>
                  <SP HEIGHT="43" WIDTH="13" VPOS="1073" HPOS="695"/>
                  <String HEIGHT="43"
                          WIDTH="148"
                          VPOS="1073"
                          HPOS="655"
                          CONTENT="duplex:"/>
                  <SP HEIGHT="43" WIDTH="13" VPOS="1073" HPOS="803"/>
                  <String HEIGHT="43"
                          WIDTH="108"
                          VPOS="1073"
                          HPOS="763"
                          CONTENT="quid"/>
                  <SP HEIGHT="43" WIDTH="13" VPOS="1073" HPOS="870"/>
                  <String HEIGHT="43"
                          WIDTH="108"
                          VPOS="1073"
                          HPOS="830"
                          CONTENT="agit"/>
                  <SP HEIGHT="43" WIDTH="13" VPOS="1073" HPOS="938"/>
                  <String HEIGHT="43"
                          WIDTH="121"
                          VPOS="1073"
                          HPOS="897"
                          CONTENT="ouidd"/>
                  <SP HEIGHT="43" WIDTH="13" VPOS="1073" HPOS="1018"/>
                  <String HEIGHT="43" WIDTH="94" VPOS="1073" HPOS="978" CONTENT="quo"/>
                  <SP HEIGHT="43" WIDTH="13" VPOS="1073" HPOS="1072"/>
                  <String HEIGHT="43"
                          WIDTH="121"
                          VPOS="1073"
                          HPOS="1032"
                          CONTENT="agens"/>
                  <SP HEIGHT="43" WIDTH="13" VPOS="1073" HPOS="1153"/>
                  <String HEIGHT="43"
                          WIDTH="81"
                          VPOS="1073"
                          HPOS="1099"
                          CONTENT="agit"/>
               </TextLine>
               <TextLine ID="r1l24"
                         BASELINE="1154"
                         HEIGHT="87"
                         WIDTH="298"
                         VPOS="1067"
                         HPOS="46">
                  <String HEIGHT="87" WIDTH="123" VPOS="1067" HPOS="28" CONTENT="Ppo"/>
                  <SP HEIGHT="87" WIDTH="18" VPOS="1067" HPOS="151"/>
                  <String HEIGHT="87" WIDTH="123" VPOS="1067" HPOS="99" CONTENT="ves"/>
                  <SP HEIGHT="87" WIDTH="18" VPOS="1067" HPOS="221"/>
                  <String HEIGHT="87"
                          WIDTH="175"
                          VPOS="1067"
                          HPOS="169"
                          CONTENT="etxei."/>
                  <SP HEIGHT="87" WIDTH="18" VPOS="1067" HPOS="344"/>
                  <String HEIGHT="87" WIDTH="70" VPOS="1067" HPOS="274" CONTENT="Td"/>
               </TextLine>
               <TextLine ID="r1l25"
                         BASELINE="1164"
                         HEIGHT="48"
                         WIDTH="277"
                         VPOS="1116"
                         HPOS="370">
                  <String HEIGHT="48" WIDTH="92" VPOS="1116" HPOS="357" CONTENT="to."/>
                  <SP HEIGHT="48" WIDTH="13" VPOS="1116" HPOS="449"/>
                  <String HEIGHT="48"
                          WIDTH="106"
                          VPOS="1116"
                          HPOS="410"
                          CONTENT="Ili."/>
                  <SP HEIGHT="48" WIDTH="13" VPOS="1116" HPOS="515"/>
                  <String HEIGHT="48"
                          WIDTH="106"
                          VPOS="1116"
                          HPOS="476"
                          CONTENT="col."/>
                  <SP HEIGHT="48" WIDTH="13" VPOS="1116" HPOS="581"/>
                  <String HEIGHT="48"
                          WIDTH="119"
                          VPOS="1116"
                          HPOS="528"
                          CONTENT="secunda"/>
               </TextLine>
               <TextLine ID="r1l26"
                         BASELINE="1207"
                         HEIGHT="53"
                         WIDTH="809"
                         VPOS="1154"
                         HPOS="381">
                  <String HEIGHT="53"
                          WIDTH="192"
                          VPOS="1154"
                          HPOS="367"
                          CONTENT="ptincipium"/>
                  <SP HEIGHT="53" WIDTH="14" VPOS="1154" HPOS="559"/>
                  <String HEIGHT="53" WIDTH="96" VPOS="1154" HPOS="518" CONTENT="quo"/>
                  <SP HEIGHT="53" WIDTH="14" VPOS="1154" HPOS="614"/>
                  <String HEIGHT="53" WIDTH="96" VPOS="1154" HPOS="573" CONTENT="non"/>
                  <SP HEIGHT="53" WIDTH="14" VPOS="1154" HPOS="669"/>
                  <String HEIGHT="53" WIDTH="96" VPOS="1154" HPOS="628" CONTENT="est"/>
                  <SP HEIGHT="53" WIDTH="14" VPOS="1154" HPOS="724"/>
                  <String HEIGHT="53"
                          WIDTH="165"
                          VPOS="1154"
                          HPOS="683"
                          CONTENT="ponendum"/>
                  <SP HEIGHT="53" WIDTH="14" VPOS="1154" HPOS="847"/>
                  <String HEIGHT="53"
                          WIDTH="110"
                          VPOS="1154"
                          HPOS="806"
                          CONTENT="quid"/>
                  <SP HEIGHT="53" WIDTH="14" VPOS="1154" HPOS="916"/>
                  <String HEIGHT="53" WIDTH="96" VPOS="1154" HPOS="875" CONTENT="sit"/>
                  <SP HEIGHT="53" WIDTH="14" VPOS="1154" HPOS="971"/>
                  <String HEIGHT="53"
                          WIDTH="192"
                          VPOS="1154"
                          HPOS="929"
                          CONTENT="distinctum"/>
                  <SP HEIGHT="53" WIDTH="14" VPOS="1154" HPOS="1121"/>
                  <String HEIGHT="53" WIDTH="69" VPOS="1154" HPOS="1080" CONTENT="a"/>
                  <SP HEIGHT="53" WIDTH="14" VPOS="1154" HPOS="1149"/>
                  <String HEIGHT="53"
                          WIDTH="96"
                          VPOS="1154"
                          HPOS="1094"
                          CONTENT="prati"/>
               </TextLine>
               <TextLine ID="r1l27"
                         BASELINE="1238"
                         HEIGHT="42"
                         WIDTH="568"
                         VPOS="1196"
                         HPOS="388">
                  <String HEIGHT="42"
                          WIDTH="125"
                          VPOS="1196"
                          HPOS="374"
                          CONTENT="cipio"/>
                  <SP HEIGHT="42" WIDTH="14" VPOS="1196" HPOS="499"/>
                  <String HEIGHT="42"
                          WIDTH="111"
                          VPOS="1196"
                          HPOS="457"
                          CONTENT="quid"/>
                  <SP HEIGHT="42" WIDTH="14" VPOS="1196" HPOS="568"/>
                  <String HEIGHT="42" WIDTH="97" VPOS="1196" HPOS="527" CONTENT="est"/>
                  <SP HEIGHT="42" WIDTH="14" VPOS="1196" HPOS="624"/>
                  <String HEIGHT="42"
                          WIDTH="208"
                          VPOS="1196"
                          HPOS="582"
                          CONTENT="productiuum"/>
                  <SP HEIGHT="42" WIDTH="14" VPOS="1196" HPOS="790"/>
                  <String HEIGHT="42"
                          WIDTH="139"
                          VPOS="1196"
                          HPOS="748"
                          CONTENT="filii."/>
                  <SP HEIGHT="42" WIDTH="14" VPOS="1196" HPOS="887"/>
                  <String HEIGHT="42"
                          WIDTH="125"
                          VPOS="1196"
                          HPOS="831"
                          CONTENT="ibidem."/>
               </TextLine>
               <TextLine ID="r1l28"
                         BASELINE="1284"
                         HEIGHT="49"
                         WIDTH="804"
                         VPOS="1235"
                         HPOS="377">
                  <String HEIGHT="49"
                          WIDTH="119"
                          VPOS="1235"
                          HPOS="364"
                          CONTENT="ptior"/>
                  <SP HEIGHT="49" WIDTH="13" VPOS="1235" HPOS="482"/>
                  <String HEIGHT="49"
                          WIDTH="145"
                          VPOS="1235"
                          HPOS="443"
                          CONTENT="dicitur"/>
                  <SP HEIGHT="49" WIDTH="13" VPOS="1235" HPOS="588"/>
                  <String HEIGHT="49" WIDTH="92" VPOS="1235" HPOS="548" CONTENT="vna"/>
                  <SP HEIGHT="49" WIDTH="13" VPOS="1235" HPOS="641"/>
                  <String HEIGHT="49" WIDTH="92" VPOS="1235" HPOS="601" CONTENT="res"/>
                  <SP HEIGHT="49" WIDTH="13" VPOS="1235" HPOS="693"/>
                  <String HEIGHT="49"
                          WIDTH="105"
                          VPOS="1235"
                          HPOS="654"
                          CONTENT="alia"/>
                  <SP HEIGHT="49" WIDTH="13" VPOS="1235" HPOS="759"/>
                  <String HEIGHT="49"
                          WIDTH="250"
                          VPOS="1235"
                          HPOS="720"
                          CONTENT="quintupliciter."/>
                  <SP HEIGHT="49" WIDTH="13" VPOS="1235" HPOS="970"/>
                  <String HEIGHT="49"
                          WIDTH="198"
                          VPOS="1235"
                          HPOS="931"
                          CONTENT="eternitate."/>
                  <SP HEIGHT="49" WIDTH="13" VPOS="1235" HPOS="1128"/>
                  <String HEIGHT="49"
                          WIDTH="105"
                          VPOS="1235"
                          HPOS="1076"
                          CONTENT="tempo"
                          SUBS_TYPE="HypPart1"
                          SUBS_CONTENT="tempote."/>
                  <HYP CONTENT="-"/>
               </TextLine>
               <TextLine ID="r1l29"
                         BASELINE="1315"
                         HEIGHT="41"
                         WIDTH="744"
                         VPOS="1274"
                         HPOS="378">
                  <String HEIGHT="41"
                          WIDTH="88"
                          VPOS="1274"
                          HPOS="365"
                          CONTENT="te."
                          SUBS_TYPE="HypPart2"
                          SUBS_CONTENT="tempote."/>
                  <SP HEIGHT="41" WIDTH="13" VPOS="1274" HPOS="454"/>
                  <String HEIGHT="41"
                          WIDTH="202"
                          VPOS="1274"
                          HPOS="416"
                          CONTENT="perfectione."/>
                  <SP HEIGHT="41" WIDTH="13" VPOS="1274" HPOS="618"/>
                  <String HEIGHT="41"
                          WIDTH="139"
                          VPOS="1274"
                          HPOS="580"
                          CONTENT="natura."/>
                  <SP HEIGHT="41" WIDTH="13" VPOS="1274" HPOS="718"/>
                  <String HEIGHT="41"
                          WIDTH="101"
                          VPOS="1274"
                          HPOS="681"
                          CONTENT="quod"/>
                  <SP HEIGHT="41" WIDTH="13" VPOS="1274" HPOS="782"/>
                  <String HEIGHT="41"
                          WIDTH="202"
                          VPOS="1274"
                          HPOS="744"
                          CONTENT="causalitate."/>
                  <SP HEIGHT="41" WIDTH="13" VPOS="1274" HPOS="945"/>
                  <String HEIGHT="41" WIDTH="76" VPOS="1274" HPOS="908" CONTENT="to"/>
                  <SP HEIGHT="41" WIDTH="13" VPOS="1274" HPOS="983"/>
                  <String HEIGHT="41"
                          WIDTH="126"
                          VPOS="1274"
                          HPOS="945"
                          CONTENT="Aluii."/>
                  <SP HEIGHT="41" WIDTH="13" VPOS="1274" HPOS="1072"/>
                  <String HEIGHT="41"
                          WIDTH="88"
                          VPOS="1274"
                          HPOS="1034"
                          CONTENT="col"/>
                  <SP HEIGHT="41" WIDTH="13" VPOS="1274" HPOS="1122"/>
                  <String HEIGHT="41" WIDTH="50" VPOS="1274" HPOS="1072" CONTENT="i."/>
               </TextLine>
               <TextLine ID="r1l30"
                         BASELINE="1364"
                         HEIGHT="48"
                         WIDTH="500"
                         VPOS="1316"
                         HPOS="381">
                  <String HEIGHT="48"
                          WIDTH="118"
                          VPOS="1316"
                          HPOS="368"
                          CONTENT="ptius"/>
                  <SP HEIGHT="48" WIDTH="13" VPOS="1316" HPOS="486"/>
                  <String HEIGHT="48"
                          WIDTH="197"
                          VPOS="1316"
                          HPOS="447"
                          CONTENT="perfectione"/>
                  <SP HEIGHT="48" WIDTH="13" VPOS="1316" HPOS="644"/>
                  <String HEIGHT="48"
                          WIDTH="105"
                          VPOS="1316"
                          HPOS="605"
                          CONTENT="quod"/>
                  <SP HEIGHT="48" WIDTH="13" VPOS="1316" HPOS="710"/>
                  <String HEIGHT="48"
                          WIDTH="105"
                          VPOS="1316"
                          HPOS="670"
                          CONTENT="sit."/>
                  <SP HEIGHT="48" WIDTH="13" VPOS="1316" HPOS="776"/>
                  <String HEIGHT="48"
                          WIDTH="105"
                          VPOS="1316"
                          HPOS="736"
                          CONTENT="ibi."/>
                  <SP HEIGHT="48" WIDTH="13" VPOS="1316" HPOS="842"/>
                  <String HEIGHT="48"
                          WIDTH="92"
                          VPOS="1316"
                          HPOS="789"
                          CONTENT="colii"/>
               </TextLine>
               <TextLine ID="r1l31"
                         BASELINE="1405"
                         HEIGHT="45"
                         WIDTH="26"
                         VPOS="1360"
                         HPOS="859">
                  <String HEIGHT="45" WIDTH="43" VPOS="1360" HPOS="842" CONTENT="hui"/>
               </TextLine>
               <TextLine ID="r1l32"
                         BASELINE="1405"
                         HEIGHT="51"
                         WIDTH="441"
                         VPOS="1354"
                         HPOS="384">
                  <String HEIGHT="51"
                          WIDTH="142"
                          VPOS="1354"
                          HPOS="370"
                          CONTENT="potius"/>
                  <SP HEIGHT="51" WIDTH="14" VPOS="1354" HPOS="512"/>
                  <String HEIGHT="51"
                          WIDTH="142"
                          VPOS="1354"
                          HPOS="469"
                          CONTENT="natura"/>
                  <SP HEIGHT="51" WIDTH="14" VPOS="1354" HPOS="612"/>
                  <String HEIGHT="51"
                          WIDTH="114"
                          VPOS="1354"
                          HPOS="569"
                          CONTENT="quid"/>
                  <SP HEIGHT="51" WIDTH="14" VPOS="1354" HPOS="683"/>
                  <String HEIGHT="51"
                          WIDTH="114"
                          VPOS="1354"
                          HPOS="640"
                          CONTENT="sit."/>
                  <SP HEIGHT="51" WIDTH="14" VPOS="1354" HPOS="754"/>
                  <String HEIGHT="51"
                          WIDTH="128"
                          VPOS="1354"
                          HPOS="697"
                          CONTENT="ibidem"
                          SUBS_TYPE="HypPart1"
                          SUBS_CONTENT="ibidemptius"/>
                  <HYP CONTENT="-"/>
               </TextLine>
               <TextLine ID="r1l33"
                         BASELINE="1438"
                         HEIGHT="46"
                         WIDTH="714"
                         VPOS="1392"
                         HPOS="378">
                  <String HEIGHT="46"
                          WIDTH="131"
                          VPOS="1392"
                          HPOS="363"
                          CONTENT="ptius"
                          SUBS_TYPE="HypPart2"
                          SUBS_CONTENT="ibidemptius"/>
                  <SP HEIGHT="46" WIDTH="15" VPOS="1392" HPOS="495"/>
                  <String HEIGHT="46"
                          WIDTH="219"
                          VPOS="1392"
                          HPOS="451"
                          CONTENT="causalitate"/>
                  <SP HEIGHT="46" WIDTH="15" VPOS="1392" HPOS="669"/>
                  <String HEIGHT="46" WIDTH="87" VPOS="1392" HPOS="626" CONTENT="qo"/>
                  <SP HEIGHT="46" WIDTH="15" VPOS="1392" HPOS="713"/>
                  <String HEIGHT="46"
                          WIDTH="219"
                          VPOS="1392"
                          HPOS="669"
                          CONTENT="perfectione"/>
                  <SP HEIGHT="46" WIDTH="15" VPOS="1392" HPOS="888"/>
                  <String HEIGHT="46"
                          WIDTH="117"
                          VPOS="1392"
                          HPOS="844"
                          CONTENT="quid"/>
                  <SP HEIGHT="46" WIDTH="15" VPOS="1392" HPOS="961"/>
                  <String HEIGHT="46"
                          WIDTH="117"
                          VPOS="1392"
                          HPOS="917"
                          CONTENT="sit."/>
                  <SP HEIGHT="46" WIDTH="15" VPOS="1392" HPOS="1034"/>
                  <String HEIGHT="46"
                          WIDTH="117"
                          VPOS="1392"
                          HPOS="975"
                          CONTENT="ibidem"/>
               </TextLine>
               <TextLine ID="r1l34"
                         BASELINE="1484"
                         HEIGHT="47"
                         WIDTH="626"
                         VPOS="1437"
                         HPOS="384">
                  <String HEIGHT="47"
                          WIDTH="173"
                          VPOS="1437"
                          HPOS="371"
                          CONTENT="processio"/>
                  <SP HEIGHT="47" WIDTH="13" VPOS="1437" HPOS="544"/>
                  <String HEIGHT="47" WIDTH="93" VPOS="1437" HPOS="504" CONTENT="non"/>
                  <SP HEIGHT="47" WIDTH="13" VPOS="1437" HPOS="597"/>
                  <String HEIGHT="47" WIDTH="93" VPOS="1437" HPOS="557" CONTENT="est"/>
                  <SP HEIGHT="47" WIDTH="13" VPOS="1437" HPOS="650"/>
                  <String HEIGHT="47"
                          WIDTH="186"
                          VPOS="1437"
                          HPOS="610"
                          CONTENT="generatio."/>
                  <SP HEIGHT="47" WIDTH="13" VPOS="1437" HPOS="797"/>
                  <String HEIGHT="47" WIDTH="93" VPOS="1437" HPOS="757" CONTENT="fo."/>
                  <SP HEIGHT="47" WIDTH="13" VPOS="1437" HPOS="850"/>
                  <String HEIGHT="47"
                          WIDTH="107"
                          VPOS="1437"
                          HPOS="810"
                          CONTENT="ily."/>
                  <SP HEIGHT="47" WIDTH="13" VPOS="1437" HPOS="917"/>
                  <String HEIGHT="47" WIDTH="93" VPOS="1437" HPOS="877" CONTENT="col"/>
                  <SP HEIGHT="47" WIDTH="13" VPOS="1437" HPOS="970"/>
                  <String HEIGHT="47"
                          WIDTH="93"
                          VPOS="1437"
                          HPOS="917"
                          CONTENT="iiii."/>
               </TextLine>
               <TextLine ID="r1l35"
                         BASELINE="1521"
                         HEIGHT="49"
                         WIDTH="815"
                         VPOS="1472"
                         HPOS="381">
                  <String HEIGHT="49"
                          WIDTH="225"
                          VPOS="1472"
                          HPOS="367"
                          CONTENT="processionis"/>
                  <SP HEIGHT="49" WIDTH="14" VPOS="1472" HPOS="592"/>
                  <String HEIGHT="49"
                          WIDTH="126"
                          VPOS="1472"
                          HPOS="550"
                          CONTENT="eoter"/>
                  <SP HEIGHT="49" WIDTH="14" VPOS="1472" HPOS="676"/>
                  <String HEIGHT="49"
                          WIDTH="225"
                          VPOS="1472"
                          HPOS="634"
                          CONTENT="generationis"/>
                  <SP HEIGHT="49" WIDTH="14" VPOS="1472" HPOS="859"/>
                  <String HEIGHT="49" WIDTH="84" VPOS="1472" HPOS="817" CONTENT="in"/>
                  <SP HEIGHT="49" WIDTH="14" VPOS="1472" HPOS="901"/>
                  <String HEIGHT="49"
                          WIDTH="141"
                          VPOS="1472"
                          HPOS="859"
                          CONTENT="dicnis"/>
                  <SP HEIGHT="49" WIDTH="14" VPOS="1472" HPOS="999"/>
                  <String HEIGHT="49"
                          WIDTH="225"
                          VPOS="1472"
                          HPOS="957"
                          CONTENT="differentiam"/>
                  <SP HEIGHT="49" WIDTH="14" VPOS="1472" HPOS="1182"/>
                  <String HEIGHT="49"
                          WIDTH="70"
                          VPOS="1472"
                          HPOS="1126"
                          CONTENT="ha"
                          SUBS_TYPE="HypPart1"
                          SUBS_CONTENT="hamascenus"/>
                  <HYP CONTENT="-"/>
               </TextLine>
               <TextLine ID="r1l36"
                         BASELINE="1569"
                         HEIGHT="50"
                         WIDTH="817"
                         VPOS="1519"
                         HPOS="376">
                  <String HEIGHT="50"
                          WIDTH="156"
                          VPOS="1519"
                          HPOS="363"
                          CONTENT="mascenus"
                          SUBS_TYPE="HypPart2"
                          SUBS_CONTENT="hamascenus"/>
                  <SP HEIGHT="50" WIDTH="13" VPOS="1519" HPOS="519"/>
                  <String HEIGHT="50" WIDTH="78" VPOS="1519" HPOS="480" CONTENT="se"/>
                  <SP HEIGHT="50" WIDTH="13" VPOS="1519" HPOS="558"/>
                  <String HEIGHT="50"
                          WIDTH="246"
                          VPOS="1519"
                          HPOS="519"
                          CONTENT="didicissedicit."/>
                  <SP HEIGHT="50" WIDTH="13" VPOS="1519" HPOS="765"/>
                  <String HEIGHT="50"
                          WIDTH="117"
                          VPOS="1519"
                          HPOS="726"
                          CONTENT="modum"/>
                  <SP HEIGHT="50" WIDTH="13" VPOS="1519" HPOS="843"/>
                  <String HEIGHT="50"
                          WIDTH="182"
                          VPOS="1519"
                          HPOS="804"
                          CONTENT="differenti"/>
                  <SP HEIGHT="50" WIDTH="13" VPOS="1519" HPOS="986"/>
                  <String HEIGHT="50" WIDTH="91" VPOS="1519" HPOS="947" CONTENT="aet"/>
                  <SP HEIGHT="50" WIDTH="13" VPOS="1519" HPOS="1037"/>
                  <String HEIGHT="50"
                          WIDTH="182"
                          VPOS="1519"
                          HPOS="998"
                          CONTENT="nequaquae:"/>
                  <SP HEIGHT="50" WIDTH="13" VPOS="1519" HPOS="1180"/>
                  <String HEIGHT="50"
                          WIDTH="65"
                          VPOS="1519"
                          HPOS="1128"
                          CONTENT="fo"
                          SUBS_TYPE="HypPart1"
                          SUBS_CONTENT="folio."/>
                  <HYP CONTENT="-"/>
               </TextLine>
               <TextLine ID="r1l37"
                         BASELINE="1601"
                         HEIGHT="46"
                         WIDTH="199"
                         VPOS="1555"
                         HPOS="378">
                  <String HEIGHT="46"
                          WIDTH="88"
                          VPOS="1555"
                          HPOS="367"
                          CONTENT="lio."
                          SUBS_TYPE="HypPart2"
                          SUBS_CONTENT="folio."/>
                  <SP HEIGHT="46" WIDTH="11" VPOS="1555" HPOS="455"/>
                  <String HEIGHT="46"
                          WIDTH="100"
                          VPOS="1555"
                          HPOS="422"
                          CONTENT="Alvi."/>
                  <SP HEIGHT="46" WIDTH="11" VPOS="1555" HPOS="522"/>
                  <String HEIGHT="46"
                          WIDTH="88"
                          VPOS="1555"
                          HPOS="489"
                          CONTENT="col."/>
                  <SP HEIGHT="46" WIDTH="11" VPOS="1555" HPOS="577"/>
                  <String HEIGHT="46" WIDTH="44" VPOS="1555" HPOS="533" CONTENT="i."/>
               </TextLine>
               <TextLine ID="r1l38"
                         BASELINE="1640"
                         HEIGHT="47"
                         WIDTH="663"
                         VPOS="1593"
                         HPOS="384">
                  <String HEIGHT="47"
                          WIDTH="169"
                          VPOS="1593"
                          HPOS="371"
                          CONTENT="processio"/>
                  <SP HEIGHT="47" WIDTH="13" VPOS="1593" HPOS="540"/>
                  <String HEIGHT="47"
                          WIDTH="156"
                          VPOS="1593"
                          HPOS="501"
                          CONTENT="spititus"/>
                  <SP HEIGHT="47" WIDTH="13" VPOS="1593" HPOS="657"/>
                  <String HEIGHT="47"
                          WIDTH="143"
                          VPOS="1593"
                          HPOS="618"
                          CONTENT="sanenti"/>
                  <SP HEIGHT="47" WIDTH="13" VPOS="1593" HPOS="761"/>
                  <String HEIGHT="47"
                          WIDTH="143"
                          VPOS="1593"
                          HPOS="722"
                          CONTENT="duplex."/>
                  <SP HEIGHT="47" WIDTH="13" VPOS="1593" HPOS="865"/>
                  <String HEIGHT="47" WIDTH="91" VPOS="1593" HPOS="826" CONTENT="fo."/>
                  <SP HEIGHT="47" WIDTH="13" VPOS="1593" HPOS="917"/>
                  <String HEIGHT="47"
                          WIDTH="104"
                          VPOS="1593"
                          HPOS="878"
                          CONTENT="Myi."/>
                  <SP HEIGHT="47" WIDTH="13" VPOS="1593" HPOS="982"/>
                  <String HEIGHT="47"
                          WIDTH="104"
                          VPOS="1593"
                          HPOS="943"
                          CONTENT="col."/>
                  <SP HEIGHT="47" WIDTH="13" VPOS="1593" HPOS="1047"/>
                  <String HEIGHT="47" WIDTH="52" VPOS="1593" HPOS="995" CONTENT="ii"/>
               </TextLine>
               <TextLine ID="r1l39"
                         BASELINE="1680"
                         HEIGHT="48"
                         WIDTH="782"
                         VPOS="1632"
                         HPOS="384">
                  <String HEIGHT="48"
                          WIDTH="199"
                          VPOS="1632"
                          HPOS="370"
                          CONTENT="propositio"/>
                  <SP HEIGHT="48" WIDTH="14" VPOS="1632" HPOS="569"/>
                  <String HEIGHT="48"
                          WIDTH="227"
                          VPOS="1632"
                          HPOS="526"
                          CONTENT="quaredicitur"/>
                  <SP HEIGHT="48" WIDTH="14" VPOS="1632" HPOS="754"/>
                  <String HEIGHT="48"
                          WIDTH="100"
                          VPOS="1632"
                          HPOS="711"
                          CONTENT="per"/>
                  <SP HEIGHT="48" WIDTH="14" VPOS="1632" HPOS="811"/>
                  <String HEIGHT="48" WIDTH="85" VPOS="1632" HPOS="768" CONTENT="se"/>
                  <SP HEIGHT="48" WIDTH="14" VPOS="1632" HPOS="853"/>
                  <String HEIGHT="48"
                          WIDTH="128"
                          VPOS="1632"
                          HPOS="811"
                          CONTENT="nota."/>
                  <SP HEIGHT="48" WIDTH="14" VPOS="1632" HPOS="939"/>
                  <String HEIGHT="48"
                          WIDTH="100"
                          VPOS="1632"
                          HPOS="896"
                          CONTENT="fo."/>
                  <SP HEIGHT="48" WIDTH="14" VPOS="1632" HPOS="995"/>
                  <String HEIGHT="48"
                          WIDTH="114"
                          VPOS="1632"
                          HPOS="953"
                          CONTENT="vii."/>
                  <SP HEIGHT="48" WIDTH="14" VPOS="1632" HPOS="1066"/>
                  <String HEIGHT="48"
                          WIDTH="114"
                          VPOS="1632"
                          HPOS="1024"
                          CONTENT="col."/>
                  <SP HEIGHT="48" WIDTH="14" VPOS="1632" HPOS="1138"/>
                  <String HEIGHT="48"
                          WIDTH="85"
                          VPOS="1632"
                          HPOS="1081"
                          CONTENT="iii."/>
               </TextLine>
               <TextLine ID="r1l40"
                         BASELINE="1719"
                         HEIGHT="45"
                         WIDTH="788"
                         VPOS="1674"
                         HPOS="378">
                  <String HEIGHT="45"
                          WIDTH="197"
                          VPOS="1674"
                          HPOS="364"
                          CONTENT="propositio"/>
                  <SP HEIGHT="45" WIDTH="14" VPOS="1674" HPOS="561"/>
                  <String HEIGHT="45"
                          WIDTH="183"
                          VPOS="1674"
                          HPOS="519"
                          CONTENT="immediata"/>
                  <SP HEIGHT="45" WIDTH="14" VPOS="1674" HPOS="702"/>
                  <String HEIGHT="45" WIDTH="99" VPOS="1674" HPOS="659" CONTENT="non"/>
                  <SP HEIGHT="45" WIDTH="14" VPOS="1674" HPOS="758"/>
                  <String HEIGHT="45"
                          WIDTH="141"
                          VPOS="1674"
                          HPOS="716"
                          CONTENT="semper"/>
                  <SP HEIGHT="45" WIDTH="14" VPOS="1674" HPOS="856"/>
                  <String HEIGHT="45" WIDTH="99" VPOS="1674" HPOS="814" CONTENT="est"/>
                  <SP HEIGHT="45" WIDTH="14" VPOS="1674" HPOS="913"/>
                  <String HEIGHT="45" WIDTH="99" VPOS="1674" HPOS="871" CONTENT="per"/>
                  <SP HEIGHT="45" WIDTH="14" VPOS="1674" HPOS="969"/>
                  <String HEIGHT="45" WIDTH="84" VPOS="1674" HPOS="927" CONTENT="se"/>
                  <SP HEIGHT="45" WIDTH="14" VPOS="1674" HPOS="1011"/>
                  <String HEIGHT="45"
                          WIDTH="127"
                          VPOS="1674"
                          HPOS="969"
                          CONTENT="nota."/>
                  <SP HEIGHT="45" WIDTH="14" VPOS="1674" HPOS="1096"/>
                  <String HEIGHT="45"
                          WIDTH="127"
                          VPOS="1674"
                          HPOS="1039"
                          CONTENT="ibidem."/>
               </TextLine>
               <TextLine ID="r1l41"
                         BASELINE="1761"
                         HEIGHT="45"
                         WIDTH="829"
                         VPOS="1716"
                         HPOS="379">
                  <String HEIGHT="45"
                          WIDTH="232"
                          VPOS="1716"
                          HPOS="362"
                          CONTENT="pxopositio"/>
                  <SP HEIGHT="45" WIDTH="17" VPOS="1716" HPOS="595"/>
                  <String HEIGHT="45"
                          WIDTH="232"
                          VPOS="1716"
                          HPOS="545"
                          CONTENT="contingens"/>
                  <SP HEIGHT="45" WIDTH="17" VPOS="1716" HPOS="777"/>
                  <String HEIGHT="45"
                          WIDTH="116"
                          VPOS="1716"
                          HPOS="727"
                          CONTENT="non"/>
                  <SP HEIGHT="45" WIDTH="17" VPOS="1716" HPOS="843"/>
                  <String HEIGHT="45"
                          WIDTH="116"
                          VPOS="1716"
                          HPOS="793"
                          CONTENT="est"/>
                  <SP HEIGHT="45" WIDTH="17" VPOS="1716" HPOS="910"/>
                  <String HEIGHT="45"
                          WIDTH="116"
                          VPOS="1716"
                          HPOS="860"
                          CONTENT="per"/>
                  <SP HEIGHT="45" WIDTH="17" VPOS="1716" HPOS="976"/>
                  <String HEIGHT="45" WIDTH="99" VPOS="1716" HPOS="926" CONTENT="se"/>
                  <SP HEIGHT="45" WIDTH="17" VPOS="1716" HPOS="1026"/>
                  <String HEIGHT="45"
                          WIDTH="149"
                          VPOS="1716"
                          HPOS="976"
                          CONTENT="nota:"/>
                  <SP HEIGHT="45" WIDTH="17" VPOS="1716" HPOS="1125"/>
                  <String HEIGHT="45"
                          WIDTH="149"
                          VPOS="1716"
                          HPOS="1059"
                          CONTENT="ibidem."/>
               </TextLine>
               <TextLine ID="r1l42"
                         BASELINE="1798"
                         HEIGHT="43"
                         WIDTH="759"
                         VPOS="1755"
                         HPOS="383">
                  <String HEIGHT="43"
                          WIDTH="207"
                          VPOS="1755"
                          HPOS="369"
                          CONTENT="prtopositio"/>
                  <SP HEIGHT="43" WIDTH="14" VPOS="1755" HPOS="576"/>
                  <String HEIGHT="43"
                          WIDTH="124"
                          VPOS="1755"
                          HPOS="535"
                          CONTENT="falsa"/>
                  <SP HEIGHT="43" WIDTH="14" VPOS="1755" HPOS="659"/>
                  <String HEIGHT="43" WIDTH="97" VPOS="1755" HPOS="618" CONTENT="est"/>
                  <SP HEIGHT="43" WIDTH="14" VPOS="1755" HPOS="714"/>
                  <String HEIGHT="43" WIDTH="97" VPOS="1755" HPOS="673" CONTENT="per"/>
                  <SP HEIGHT="43" WIDTH="14" VPOS="1755" HPOS="769"/>
                  <String HEIGHT="43" WIDTH="83" VPOS="1755" HPOS="728" CONTENT="se"/>
                  <SP HEIGHT="43" WIDTH="14" VPOS="1755" HPOS="811"/>
                  <String HEIGHT="43"
                          WIDTH="124"
                          VPOS="1755"
                          HPOS="769"
                          CONTENT="nota."/>
                  <SP HEIGHT="43" WIDTH="14" VPOS="1755" HPOS="894"/>
                  <String HEIGHT="43"
                          WIDTH="138"
                          VPOS="1755"
                          HPOS="852"
                          CONTENT="ibidem"/>
                  <SP HEIGHT="43" WIDTH="14" VPOS="1755" HPOS="990"/>
                  <String HEIGHT="43"
                          WIDTH="138"
                          VPOS="1755"
                          HPOS="949"
                          CONTENT="colum."/>
                  <SP HEIGHT="43" WIDTH="14" VPOS="1755" HPOS="1087"/>
                  <String HEIGHT="43"
                          WIDTH="110"
                          VPOS="1755"
                          HPOS="1032"
                          CONTENT="quarta"/>
               </TextLine>
               <TextLine ID="r1l43"
                         BASELINE="1839"
                         HEIGHT="44"
                         WIDTH="806"
                         VPOS="1795"
                         HPOS="387">
                  <String HEIGHT="44"
                          WIDTH="205"
                          VPOS="1795"
                          HPOS="372"
                          CONTENT="propositio"/>
                  <SP HEIGHT="44" WIDTH="15" VPOS="1795" HPOS="578"/>
                  <String HEIGHT="44"
                          WIDTH="161"
                          VPOS="1795"
                          HPOS="534"
                          CONTENT="deforte"/>
                  <SP HEIGHT="44" WIDTH="15" VPOS="1795" HPOS="695"/>
                  <String HEIGHT="44" WIDTH="73" VPOS="1795" HPOS="651" CONTENT="/"/>
                  <SP HEIGHT="44" WIDTH="15" VPOS="1795" HPOS="724"/>
                  <String HEIGHT="44"
                          WIDTH="161"
                          VPOS="1795"
                          HPOS="680"
                          CONTENT="videtur"/>
                  <SP HEIGHT="44" WIDTH="15" VPOS="1795" HPOS="841"/>
                  <String HEIGHT="44"
                          WIDTH="191"
                          VPOS="1795"
                          HPOS="797"
                          CONTENT="exponenda"/>
                  <SP HEIGHT="44" WIDTH="15" VPOS="1795" HPOS="988"/>
                  <String HEIGHT="44"
                          WIDTH="132"
                          VPOS="1795"
                          HPOS="944"
                          CONTENT="sicut"/>
                  <SP HEIGHT="44" WIDTH="15" VPOS="1795" HPOS="1076"/>
                  <String HEIGHT="44"
                          WIDTH="176"
                          VPOS="1795"
                          HPOS="1017"
                          CONTENT="propositio"/>
               </TextLine>
               <TextLine ID="r1l44"
                         BASELINE="1878"
                         HEIGHT="44"
                         WIDTH="700"
                         VPOS="1834"
                         HPOS="394">
                  <String HEIGHT="44" WIDTH="78" VPOS="1834" HPOS="381" CONTENT="de"/>
                  <SP HEIGHT="44" WIDTH="13" VPOS="1834" HPOS="459"/>
                  <String HEIGHT="44"
                          WIDTH="194"
                          VPOS="1834"
                          HPOS="420"
                          CONTENT="contingenti"/>
                  <SP HEIGHT="44" WIDTH="13" VPOS="1834" HPOS="614"/>
                  <String HEIGHT="44"
                          WIDTH="194"
                          VPOS="1834"
                          HPOS="575"
                          CONTENT="specialiter"/>
                  <SP HEIGHT="44" WIDTH="13" VPOS="1834" HPOS="770"/>
                  <String HEIGHT="44"
                          WIDTH="130"
                          VPOS="1834"
                          HPOS="731"
                          CONTENT="capto."/>
                  <SP HEIGHT="44" WIDTH="13" VPOS="1834" HPOS="861"/>
                  <String HEIGHT="44" WIDTH="91" VPOS="1834" HPOS="822" CONTENT="fo."/>
                  <SP HEIGHT="44" WIDTH="13" VPOS="1834" HPOS="913"/>
                  <String HEIGHT="44"
                          WIDTH="130"
                          VPOS="1834"
                          HPOS="874"
                          CONTENT="betis."/>
                  <SP HEIGHT="44" WIDTH="13" VPOS="1834" HPOS="1003"/>
                  <String HEIGHT="44"
                          WIDTH="104"
                          VPOS="1834"
                          HPOS="964"
                          CONTENT="col."/>
                  <SP HEIGHT="44" WIDTH="13" VPOS="1834" HPOS="1068"/>
                  <String HEIGHT="44"
                          WIDTH="78"
                          VPOS="1834"
                          HPOS="1016"
                          CONTENT="iiii"/>
               </TextLine>
               <TextLine ID="r1l45"
                         BASELINE="1921"
                         HEIGHT="49"
                         WIDTH="807"
                         VPOS="1872"
                         HPOS="388">
                  <String HEIGHT="49"
                          WIDTH="179"
                          VPOS="1872"
                          HPOS="375"
                          CONTENT="propositio"/>
                  <SP HEIGHT="49" WIDTH="13" VPOS="1872" HPOS="555"/>
                  <String HEIGHT="49"
                          WIDTH="141"
                          VPOS="1872"
                          HPOS="516"
                          CONTENT="dicitur"/>
                  <SP HEIGHT="49" WIDTH="13" VPOS="1872" HPOS="657"/>
                  <String HEIGHT="49" WIDTH="90" VPOS="1872" HPOS="619" CONTENT="per"/>
                  <SP HEIGHT="49" WIDTH="13" VPOS="1872" HPOS="708"/>
                  <String HEIGHT="49" WIDTH="77" VPOS="1872" HPOS="670" CONTENT="se"/>
                  <SP HEIGHT="49" WIDTH="13" VPOS="1872" HPOS="747"/>
                  <String HEIGHT="49"
                          WIDTH="102"
                          VPOS="1872"
                          HPOS="708"
                          CONTENT="nota"/>
                  <SP HEIGHT="49" WIDTH="13" VPOS="1872" HPOS="811"/>
                  <String HEIGHT="49"
                          WIDTH="192"
                          VPOS="1872"
                          HPOS="772"
                          CONTENT="dupliciter."/>
                  <SP HEIGHT="49" WIDTH="13" VPOS="1872" HPOS="964"/>
                  <String HEIGHT="49" WIDTH="90" VPOS="1872" HPOS="926" CONTENT="fo."/>
                  <SP HEIGHT="49" WIDTH="13" VPOS="1872" HPOS="1016"/>
                  <String HEIGHT="49" WIDTH="90" VPOS="1872" HPOS="977" CONTENT="ii."/>
                  <SP HEIGHT="49" WIDTH="13" VPOS="1872" HPOS="1067"/>
                  <String HEIGHT="49"
                          WIDTH="141"
                          VPOS="1872"
                          HPOS="1028"
                          CONTENT="column."/>
                  <SP HEIGHT="49" WIDTH="13" VPOS="1872" HPOS="1169"/>
                  <String HEIGHT="49"
                          WIDTH="77"
                          VPOS="1872"
                          HPOS="1118"
                          CONTENT="iii."/>
               </TextLine>
               <TextLine ID="r1l46"
                         BASELINE="1958"
                         HEIGHT="43"
                         WIDTH="802"
                         VPOS="1915"
                         HPOS="394">
                  <String HEIGHT="43"
                          WIDTH="197"
                          VPOS="1915"
                          HPOS="380"
                          CONTENT="ptopositio"/>
                  <SP HEIGHT="43" WIDTH="14" VPOS="1915" HPOS="577"/>
                  <String HEIGHT="43"
                          WIDTH="169"
                          VPOS="1915"
                          HPOS="535"
                          CONTENT="mentalis"/>
                  <SP HEIGHT="43" WIDTH="14" VPOS="1915" HPOS="704"/>
                  <String HEIGHT="43"
                          WIDTH="169"
                          VPOS="1915"
                          HPOS="661"
                          CONTENT="vltimata"/>
                  <SP HEIGHT="43" WIDTH="14" VPOS="1915" HPOS="830"/>
                  <String HEIGHT="43" WIDTH="98" VPOS="1915" HPOS="788" CONTENT="ste"/>
                  <SP HEIGHT="43" WIDTH="14" VPOS="1915" HPOS="886"/>
                  <String HEIGHT="43" WIDTH="98" VPOS="1915" HPOS="844" CONTENT="non"/>
                  <SP HEIGHT="43" WIDTH="14" VPOS="1915" HPOS="943"/>
                  <String HEIGHT="43"
                          WIDTH="169"
                          VPOS="1915"
                          HPOS="901"
                          CONTENT="vltimata"/>
                  <SP HEIGHT="43" WIDTH="14" VPOS="1915" HPOS="1069"/>
                  <String HEIGHT="43" WIDTH="84" VPOS="1915" HPOS="1027" CONTENT="en"/>
                  <SP HEIGHT="43" WIDTH="14" VPOS="1915" HPOS="1112"/>
                  <String HEIGHT="43"
                          WIDTH="141"
                          VPOS="1915"
                          HPOS="1055"
                          CONTENT="partibus"/>
               </TextLine>
               <TextLine ID="r1l47"
                         BASELINE="1997"
                         HEIGHT="42"
                         WIDTH="677"
                         VPOS="1955"
                         HPOS="384">
                  <String HEIGHT="42"
                          WIDTH="158"
                          VPOS="1955"
                          HPOS="373"
                          CONTENT="diuersatum"/>
                  <SP HEIGHT="42" WIDTH="11" VPOS="1955" HPOS="531"/>
                  <String HEIGHT="42"
                          WIDTH="135"
                          VPOS="1955"
                          HPOS="497"
                          CONTENT="rationum"/>
                  <SP HEIGHT="42" WIDTH="11" VPOS="1955" HPOS="632"/>
                  <String HEIGHT="42"
                          WIDTH="169"
                          VPOS="1955"
                          HPOS="598"
                          CONTENT="componitur."/>
                  <SP HEIGHT="42" WIDTH="11" VPOS="1955" HPOS="768"/>
                  <String HEIGHT="42" WIDTH="79" VPOS="1955" HPOS="734" CONTENT="fo."/>
                  <SP HEIGHT="42" WIDTH="11" VPOS="1955" HPOS="813"/>
                  <String HEIGHT="42"
                          WIDTH="102"
                          VPOS="1955"
                          HPOS="779"
                          CONTENT="iiii."/>
                  <SP HEIGHT="42" WIDTH="11" VPOS="1955" HPOS="880"/>
                  <String HEIGHT="42"
                          WIDTH="113"
                          VPOS="1955"
                          HPOS="847"
                          CONTENT="colum."/>
                  <SP HEIGHT="42" WIDTH="11" VPOS="1955" HPOS="959"/>
                  <String HEIGHT="42" WIDTH="79" VPOS="1955" HPOS="926" CONTENT="ii."/>
                  <SP HEIGHT="42" WIDTH="11" VPOS="1955" HPOS="1005"/>
                  <String HEIGHT="42" WIDTH="68" VPOS="1955" HPOS="971" CONTENT="c."/>
                  <SP HEIGHT="42" WIDTH="11" VPOS="1955" HPOS="1038"/>
                  <String HEIGHT="42"
                          WIDTH="68"
                          VPOS="1955"
                          HPOS="993"
                          CONTENT="iii."/>
               </TextLine>
               <TextLine ID="r1l48"
                         BASELINE="2040"
                         HEIGHT="47"
                         WIDTH="801"
                         VPOS="1993"
                         HPOS="386">
                  <String HEIGHT="47"
                          WIDTH="190"
                          VPOS="1993"
                          HPOS="372"
                          CONTENT="propositio"/>
                  <SP HEIGHT="47" WIDTH="14" VPOS="1993" HPOS="562"/>
                  <String HEIGHT="47"
                          WIDTH="190"
                          VPOS="1993"
                          HPOS="522"
                          CONTENT="possibilis"/>
                  <SP HEIGHT="47" WIDTH="14" VPOS="1993" HPOS="712"/>
                  <String HEIGHT="47"
                          WIDTH="109"
                          VPOS="1993"
                          HPOS="671"
                          CONTENT="esto"/>
                  <SP HEIGHT="47" WIDTH="14" VPOS="1993" HPOS="780"/>
                  <String HEIGHT="47"
                          WIDTH="217"
                          VPOS="1993"
                          HPOS="739"
                          CONTENT="impossibilis"/>
                  <SP HEIGHT="47" WIDTH="14" VPOS="1993" HPOS="956"/>
                  <String HEIGHT="47"
                          WIDTH="109"
                          VPOS="1993"
                          HPOS="915"
                          CONTENT="sunt"/>
                  <SP HEIGHT="47" WIDTH="14" VPOS="1993" HPOS="1024"/>
                  <String HEIGHT="47"
                          WIDTH="149"
                          VPOS="1993"
                          HPOS="983"
                          CONTENT="eiusdem"/>
                  <SP HEIGHT="47" WIDTH="14" VPOS="1993" HPOS="1133"/>
                  <String HEIGHT="47"
                          WIDTH="109"
                          VPOS="1993"
                          HPOS="1078"
                          CONTENT="specie"/>
               </TextLine>
               <TextLine ID="r1l49"
                         BASELINE="2078"
                         HEIGHT="46"
                         WIDTH="372"
                         VPOS="2032"
                         HPOS="388">
                  <String HEIGHT="46"
                          WIDTH="207"
                          VPOS="2032"
                          HPOS="374"
                          CONTENT="entitatiue."/>
                  <SP HEIGHT="46" WIDTH="14" VPOS="2032" HPOS="581"/>
                  <String HEIGHT="46"
                          WIDTH="152"
                          VPOS="2032"
                          HPOS="540"
                          CONTENT="ibidem."/>
                  <SP HEIGHT="46" WIDTH="14" VPOS="2032" HPOS="691"/>
                  <String HEIGHT="46" WIDTH="96" VPOS="2032" HPOS="650" CONTENT="col"/>
                  <SP HEIGHT="46" WIDTH="14" VPOS="2032" HPOS="746"/>
                  <String HEIGHT="46" WIDTH="69" VPOS="2032" HPOS="691" CONTENT="iii"/>
               </TextLine>
               <TextLine ID="r1l50"
                         BASELINE="2120"
                         HEIGHT="47"
                         WIDTH="809"
                         VPOS="2073"
                         HPOS="390">
                  <String HEIGHT="47"
                          WIDTH="217"
                          VPOS="2073"
                          HPOS="376"
                          CONTENT="prtopositio"/>
                  <SP HEIGHT="47" WIDTH="14" VPOS="2073" HPOS="592"/>
                  <String HEIGHT="47"
                          WIDTH="144"
                          VPOS="2073"
                          HPOS="549"
                          CONTENT="aliqua"/>
                  <SP HEIGHT="47" WIDTH="14" VPOS="2073" HPOS="693"/>
                  <String HEIGHT="47"
                          WIDTH="173"
                          VPOS="2073"
                          HPOS="650"
                          CONTENT="mentalis"/>
                  <SP HEIGHT="47" WIDTH="14" VPOS="2073" HPOS="823"/>
                  <String HEIGHT="47"
                          WIDTH="173"
                          VPOS="2073"
                          HPOS="780"
                          CONTENT="secundum"/>
                  <SP HEIGHT="47" WIDTH="14" VPOS="2073" HPOS="953"/>
                  <String HEIGHT="47"
                          WIDTH="159"
                          VPOS="2073"
                          HPOS="910"
                          CONTENT="Lliomam"/>
                  <SP HEIGHT="47" WIDTH="14" VPOS="2073" HPOS="1069"/>
                  <String HEIGHT="47"
                          WIDTH="101"
                          VPOS="2073"
                          HPOS="1026"
                          CONTENT="est"/>
                  <SP HEIGHT="47" WIDTH="14" VPOS="2073" HPOS="1127"/>
                  <String HEIGHT="47"
                          WIDTH="130"
                          VPOS="2073"
                          HPOS="1069"
                          CONTENT="notitia"/>
               </TextLine>
               <TextLine ID="r1l51"
                         BASELINE="2163"
                         HEIGHT="51"
                         WIDTH="361"
                         VPOS="2112"
                         HPOS="387">
                  <String HEIGHT="51"
                          WIDTH="149"
                          VPOS="2112"
                          HPOS="375"
                          CONTENT="simplec."/>
                  <SP HEIGHT="51" WIDTH="12" VPOS="2112" HPOS="524"/>
                  <String HEIGHT="51" WIDTH="87" VPOS="2112" HPOS="487" CONTENT="fo."/>
                  <SP HEIGHT="51" WIDTH="12" VPOS="2112" HPOS="574"/>
                  <String HEIGHT="51"
                          WIDTH="112"
                          VPOS="2112"
                          HPOS="536"
                          CONTENT="iiii."/>
                  <SP HEIGHT="51" WIDTH="12" VPOS="2112" HPOS="648"/>
                  <String HEIGHT="51"
                          WIDTH="100"
                          VPOS="2112"
                          HPOS="611"
                          CONTENT="col."/>
                  <SP HEIGHT="51" WIDTH="12" VPOS="2112" HPOS="711"/>
                  <String HEIGHT="51"
                          WIDTH="87"
                          VPOS="2112"
                          HPOS="661"
                          CONTENT="iiii."/>
               </TextLine>
               <TextLine ID="r1l52"
                         BASELINE="2160"
                         HEIGHT="44"
                         WIDTH="53"
                         VPOS="2116"
                         HPOS="752">
                  <String HEIGHT="44"
                          WIDTH="80"
                          VPOS="2116"
                          HPOS="726"
                          CONTENT="iiti"/>
               </TextLine>
               <TextLine ID="r1l53"
                         BASELINE="2162"
                         HEIGHT="44"
                         WIDTH="115"
                         VPOS="2118"
                         HPOS="856">
                  <String HEIGHT="44"
                          WIDTH="134"
                          VPOS="2118"
                          HPOS="837"
                          CONTENT="l.e"/>
                  <SP HEIGHT="44" WIDTH="19" VPOS="2118" HPOS="971"/>
                  <String HEIGHT="44" WIDTH="77" VPOS="2118" HPOS="894" CONTENT="Im"/>
               </TextLine>
               <TextLine ID="r1l54"
                         BASELINE="2197"
                         HEIGHT="46"
                         WIDTH="799"
                         VPOS="2151"
                         HPOS="394">
                  <String HEIGHT="46"
                          WIDTH="211"
                          VPOS="2151"
                          HPOS="379"
                          CONTENT="propositio"/>
                  <SP HEIGHT="46" WIDTH="15" VPOS="2151" HPOS="590"/>
                  <String HEIGHT="46"
                          WIDTH="151"
                          VPOS="2151"
                          HPOS="545"
                          CONTENT="aliqua"/>
                  <SP HEIGHT="46" WIDTH="15" VPOS="2151" HPOS="696"/>
                  <String HEIGHT="46"
                          WIDTH="181"
                          VPOS="2151"
                          HPOS="650"
                          CONTENT="mentalis"/>
                  <SP HEIGHT="46" WIDTH="15" VPOS="2151" HPOS="831"/>
                  <String HEIGHT="46"
                          WIDTH="106"
                          VPOS="2151"
                          HPOS="786"
                          CONTENT="non"/>
                  <SP HEIGHT="46" WIDTH="15" VPOS="2151" HPOS="891"/>
                  <String HEIGHT="46"
                          WIDTH="136"
                          VPOS="2151"
                          HPOS="846"
                          CONTENT="habet"/>
                  <SP HEIGHT="46" WIDTH="15" VPOS="2151" HPOS="982"/>
                  <String HEIGHT="46"
                          WIDTH="241"
                          VPOS="2151"
                          HPOS="937"
                          CONTENT="praadicatum."/>
                  <SP HEIGHT="46" WIDTH="15" VPOS="2151" HPOS="1178"/>
                  <String HEIGHT="46"
                          WIDTH="75"
                          VPOS="2151"
                          HPOS="1118"
                          CONTENT="ibi"/>
               </TextLine>
               <TextLine ID="r1l55"
                         BASELINE="2249"
                         HEIGHT="54"
                         WIDTH="806"
                         VPOS="2195"
                         HPOS="381">
                  <String HEIGHT="54"
                          WIDTH="202"
                          VPOS="2195"
                          HPOS="367"
                          CONTENT="propositio"/>
                  <SP HEIGHT="54" WIDTH="14" VPOS="2195" HPOS="568"/>
                  <String HEIGHT="54"
                          WIDTH="216"
                          VPOS="2195"
                          HPOS="525"
                          CONTENT="determinate"/>
                  <SP HEIGHT="54" WIDTH="14" VPOS="2195" HPOS="741"/>
                  <String HEIGHT="54"
                          WIDTH="115"
                          VPOS="2195"
                          HPOS="698"
                          CONTENT="vera"/>
                  <SP HEIGHT="54" WIDTH="14" VPOS="2195" HPOS="813"/>
                  <String HEIGHT="54"
                          WIDTH="115"
                          VPOS="2195"
                          HPOS="770"
                          CONTENT="apud"/>
                  <SP HEIGHT="54" WIDTH="14" VPOS="2195" HPOS="885"/>
                  <String HEIGHT="54"
                          WIDTH="202"
                          VPOS="2195"
                          HPOS="842"
                          CONTENT="tistotelem"/>
                  <SP HEIGHT="54" WIDTH="14" VPOS="2195" HPOS="1043"/>
                  <String HEIGHT="54"
                          WIDTH="115"
                          VPOS="2195"
                          HPOS="1000"
                          CONTENT="quae"/>
                  <SP HEIGHT="54" WIDTH="14" VPOS="2195" HPOS="1115"/>
                  <String HEIGHT="54"
                          WIDTH="115"
                          VPOS="2195"
                          HPOS="1072"
                          CONTENT="sit."/>
                  <SP HEIGHT="54" WIDTH="14" VPOS="2195" HPOS="1187"/>
                  <String HEIGHT="54" WIDTH="58" VPOS="2195" HPOS="1129" CONTENT="se"/>
               </TextLine>
               <TextLine ID="r1l56"
                         BASELINE="2280"
                         HEIGHT="49"
                         WIDTH="238"
                         VPOS="2231"
                         HPOS="393">
                  <String HEIGHT="49"
                          WIDTH="100"
                          VPOS="2231"
                          HPOS="380"
                          CONTENT="lio."/>
                  <SP HEIGHT="49" WIDTH="13" VPOS="2231" HPOS="481"/>
                  <String HEIGHT="49"
                          WIDTH="113"
                          VPOS="2231"
                          HPOS="443"
                          CONTENT="ciii."/>
                  <SP HEIGHT="49" WIDTH="13" VPOS="2231" HPOS="556"/>
                  <String HEIGHT="49" WIDTH="88" VPOS="2231" HPOS="518" CONTENT="col"/>
                  <SP HEIGHT="49" WIDTH="13" VPOS="2231" HPOS="606"/>
                  <String HEIGHT="49"
                          WIDTH="75"
                          VPOS="2231"
                          HPOS="556"
                          CONTENT="iiii"/>
               </TextLine>
               <TextLine ID="r1l57"
                         BASELINE="2331"
                         HEIGHT="80"
                         WIDTH="808"
                         VPOS="2251"
                         HPOS="393">
                  <String HEIGHT="80"
                          WIDTH="222"
                          VPOS="2251"
                          HPOS="377"
                          CONTENT="propositio"/>
                  <SP HEIGHT="80" WIDTH="16" VPOS="2251" HPOS="599"/>
                  <String HEIGHT="80"
                          WIDTH="190"
                          VPOS="2251"
                          HPOS="551"
                          CONTENT="defuturo"/>
                  <SP HEIGHT="80" WIDTH="16" VPOS="2251" HPOS="742"/>
                  <String HEIGHT="80"
                          WIDTH="238"
                          VPOS="2251"
                          HPOS="694"
                          CONTENT="contingenti"/>
                  <SP HEIGHT="80" WIDTH="16" VPOS="2251" HPOS="932"/>
                  <String HEIGHT="80"
                          WIDTH="143"
                          VPOS="2251"
                          HPOS="884"
                          CONTENT="nulla"/>
                  <SP HEIGHT="80" WIDTH="16" VPOS="2251" HPOS="1027"/>
                  <String HEIGHT="80"
                          WIDTH="111"
                          VPOS="2251"
                          HPOS="979"
                          CONTENT="est"/>
                  <SP HEIGHT="80" WIDTH="16" VPOS="2251" HPOS="1090"/>
                  <String HEIGHT="80"
                          WIDTH="174"
                          VPOS="2251"
                          HPOS="1027"
                          CONTENT="immutabi"
                          SUBS_TYPE="HypPart1"
                          SUBS_CONTENT="immutabiliter"/>
                  <HYP CONTENT="-"/>
               </TextLine>
               <TextLine ID="r1l58"
                         BASELINE="2361"
                         HEIGHT="50"
                         WIDTH="608"
                         VPOS="2311"
                         HPOS="384">
                  <String HEIGHT="50"
                          WIDTH="112"
                          VPOS="2311"
                          HPOS="372"
                          CONTENT="liter"
                          SUBS_TYPE="HypPart2"
                          SUBS_CONTENT="immutabiliter"/>
                  <SP HEIGHT="50" WIDTH="12" VPOS="2311" HPOS="483"/>
                  <String HEIGHT="50" WIDTH="87" VPOS="2311" HPOS="446" CONTENT="seu"/>
                  <SP HEIGHT="50" WIDTH="12" VPOS="2311" HPOS="533"/>
                  <String HEIGHT="50"
                          WIDTH="223"
                          VPOS="2311"
                          HPOS="496"
                          CONTENT="ineuitabiliter"/>
                  <SP HEIGHT="50" WIDTH="12" VPOS="2311" HPOS="719"/>
                  <String HEIGHT="50"
                          WIDTH="112"
                          VPOS="2311"
                          HPOS="682"
                          CONTENT="veta."/>
                  <SP HEIGHT="50" WIDTH="12" VPOS="2311" HPOS="793"/>
                  <String HEIGHT="50" WIDTH="87" VPOS="2311" HPOS="756" CONTENT="to."/>
                  <SP HEIGHT="50" WIDTH="12" VPOS="2311" HPOS="843"/>
                  <String HEIGHT="50"
                          WIDTH="136"
                          VPOS="2311"
                          HPOS="806"
                          CONTENT="&amp;ciiii."/>
                  <SP HEIGHT="50" WIDTH="12" VPOS="2311" HPOS="942"/>
                  <String HEIGHT="50"
                          WIDTH="99"
                          VPOS="2311"
                          HPOS="905"
                          CONTENT="col."/>
                  <SP HEIGHT="50" WIDTH="12" VPOS="2311" HPOS="1004"/>
                  <String HEIGHT="50" WIDTH="37" VPOS="2311" HPOS="955" CONTENT="i"/>
               </TextLine>
               <TextLine ID="r1l59"
                         BASELINE="2404"
                         HEIGHT="50"
                         WIDTH="808"
                         VPOS="2354"
                         HPOS="390">
                  <String HEIGHT="50"
                          WIDTH="213"
                          VPOS="2354"
                          HPOS="375"
                          CONTENT="propositio"/>
                  <SP HEIGHT="50" WIDTH="15" VPOS="2354" HPOS="588"/>
                  <String HEIGHT="50"
                          WIDTH="183"
                          VPOS="2354"
                          HPOS="542"
                          CONTENT="defuturo"/>
                  <SP HEIGHT="50" WIDTH="15" VPOS="2354" HPOS="725"/>
                  <String HEIGHT="50"
                          WIDTH="229"
                          VPOS="2354"
                          HPOS="680"
                          CONTENT="contingenti"/>
                  <SP HEIGHT="50" WIDTH="15" VPOS="2354" HPOS="908"/>
                  <String HEIGHT="50"
                          WIDTH="229"
                          VPOS="2354"
                          HPOS="863"
                          CONTENT="affirmatiua"/>
                  <SP HEIGHT="50" WIDTH="15" VPOS="2354" HPOS="1091"/>
                  <String HEIGHT="50"
                          WIDTH="152"
                          VPOS="2354"
                          HPOS="1046"
                          CONTENT="potest"/>
                  <SP HEIGHT="50" WIDTH="15" VPOS="2354" HPOS="1198"/>
                  <String HEIGHT="50" WIDTH="61" VPOS="2354" HPOS="1137" CONTENT="mu"/>
               </TextLine>
               <TextLine ID="r1l60"
                         BASELINE="2442"
                         HEIGHT="44"
                         WIDTH="708"
                         VPOS="2398"
                         HPOS="391">
                  <String HEIGHT="44"
                          WIDTH="98"
                          VPOS="2398"
                          HPOS="379"
                          CONTENT="tari"/>
                  <SP HEIGHT="44" WIDTH="12" VPOS="2398" HPOS="476"/>
                  <String HEIGHT="44" WIDTH="73" VPOS="2398" HPOS="440" CONTENT="de"/>
                  <SP HEIGHT="44" WIDTH="12" VPOS="2398" HPOS="513"/>
                  <String HEIGHT="44"
                          WIDTH="146"
                          VPOS="2398"
                          HPOS="476"
                          CONTENT="veritate"/>
                  <SP HEIGHT="44" WIDTH="12" VPOS="2398" HPOS="623"/>
                  <String HEIGHT="44" WIDTH="73" VPOS="2398" HPOS="586" CONTENT="in"/>
                  <SP HEIGHT="44" WIDTH="12" VPOS="2398" HPOS="660"/>
                  <String HEIGHT="44"
                          WIDTH="171"
                          VPOS="2398"
                          HPOS="623"
                          CONTENT="falsitatem"/>
                  <SP HEIGHT="44" WIDTH="12" VPOS="2398" HPOS="794"/>
                  <String HEIGHT="44" WIDTH="85" VPOS="2398" HPOS="757" CONTENT="odo"/>
                  <SP HEIGHT="44" WIDTH="12" VPOS="2398" HPOS="843"/>
                  <String HEIGHT="44"
                          WIDTH="134"
                          VPOS="2398"
                          HPOS="806"
                          CONTENT="contra."/>
                  <SP HEIGHT="44" WIDTH="12" VPOS="2398" HPOS="940"/>
                  <String HEIGHT="44"
                          WIDTH="122"
                          VPOS="2398"
                          HPOS="904"
                          CONTENT="ibidem"/>
                  <SP HEIGHT="44" WIDTH="12" VPOS="2398" HPOS="1026"/>
                  <String HEIGHT="44"
                          WIDTH="98"
                          VPOS="2398"
                          HPOS="989"
                          CONTENT="col."/>
                  <SP HEIGHT="44" WIDTH="12" VPOS="2398" HPOS="1087"/>
                  <String HEIGHT="44"
                          WIDTH="61"
                          VPOS="2398"
                          HPOS="1038"
                          CONTENT="ini"/>
               </TextLine>
               <TextLine ID="r1l61"
                         BASELINE="2473"
                         HEIGHT="43"
                         WIDTH="799"
                         VPOS="2430"
                         HPOS="393">
                  <String HEIGHT="43"
                          WIDTH="203"
                          VPOS="2430"
                          HPOS="378"
                          CONTENT="propositio"/>
                  <SP HEIGHT="43" WIDTH="15" VPOS="2430" HPOS="582"/>
                  <String HEIGHT="43" WIDTH="87" VPOS="2430" HPOS="538" CONTENT="de"/>
                  <SP HEIGHT="43" WIDTH="15" VPOS="2430" HPOS="625"/>
                  <String HEIGHT="43"
                          WIDTH="145"
                          VPOS="2430"
                          HPOS="582"
                          CONTENT="futuro"/>
                  <SP HEIGHT="43" WIDTH="15" VPOS="2430" HPOS="727"/>
                  <String HEIGHT="43"
                          WIDTH="218"
                          VPOS="2430"
                          HPOS="684"
                          CONTENT="contingenti"/>
                  <SP HEIGHT="43" WIDTH="15" VPOS="2430" HPOS="901"/>
                  <String HEIGHT="43"
                          WIDTH="218"
                          VPOS="2430"
                          HPOS="858"
                          CONTENT="affirmatiua"/>
                  <SP HEIGHT="43" WIDTH="15" VPOS="2430" HPOS="1076"/>
                  <String HEIGHT="43"
                          WIDTH="116"
                          VPOS="2430"
                          HPOS="1032"
                          CONTENT="vera"/>
                  <SP HEIGHT="43" WIDTH="15" VPOS="2430" HPOS="1148"/>
                  <String HEIGHT="43"
                          WIDTH="102"
                          VPOS="2430"
                          HPOS="1090"
                          CONTENT="potes"/>
               </TextLine>
               <TextLine ID="r1l62"
                         BASELINE="2527"
                         HEIGHT="54"
                         WIDTH="805"
                         VPOS="2473"
                         HPOS="393">
                  <String HEIGHT="54"
                          WIDTH="138"
                          VPOS="2473"
                          HPOS="382"
                          CONTENT="incipere"/>
                  <SP HEIGHT="54" WIDTH="12" VPOS="2473" HPOS="520"/>
                  <String HEIGHT="54"
                          WIDTH="92"
                          VPOS="2473"
                          HPOS="485"
                          CONTENT="esse"/>
                  <SP HEIGHT="54" WIDTH="12" VPOS="2473" HPOS="577"/>
                  <String HEIGHT="54"
                          WIDTH="115"
                          VPOS="2473"
                          HPOS="543"
                          CONTENT="falsa."/>
                  <SP HEIGHT="54" WIDTH="12" VPOS="2473" HPOS="658"/>
                  <String HEIGHT="54" WIDTH="81" VPOS="2473" HPOS="623" CONTENT="sed"/>
                  <SP HEIGHT="54" WIDTH="12" VPOS="2473" HPOS="704"/>
                  <String HEIGHT="54"
                          WIDTH="104"
                          VPOS="2473"
                          HPOS="669"
                          CONTENT="falsa"/>
                  <SP HEIGHT="54" WIDTH="12" VPOS="2473" HPOS="773"/>
                  <String HEIGHT="54" WIDTH="81" VPOS="2473" HPOS="738" CONTENT="non"/>
                  <SP HEIGHT="54" WIDTH="12" VPOS="2473" HPOS="819"/>
                  <String HEIGHT="54"
                          WIDTH="115"
                          VPOS="2473"
                          HPOS="784"
                          CONTENT="potest"/>
                  <SP HEIGHT="54" WIDTH="12" VPOS="2473" HPOS="899"/>
                  <String HEIGHT="54"
                          WIDTH="138"
                          VPOS="2473"
                          HPOS="865"
                          CONTENT="incipere"/>
                  <SP HEIGHT="54" WIDTH="12" VPOS="2473" HPOS="1003"/>
                  <String HEIGHT="54"
                          WIDTH="92"
                          VPOS="2473"
                          HPOS="968"
                          CONTENT="esse"/>
                  <SP HEIGHT="54" WIDTH="12" VPOS="2473" HPOS="1060"/>
                  <String HEIGHT="54"
                          WIDTH="127"
                          VPOS="2473"
                          HPOS="1026"
                          CONTENT="contra."/>
                  <SP HEIGHT="54" WIDTH="12" VPOS="2473" HPOS="1152"/>
                  <String HEIGHT="54"
                          WIDTH="92"
                          VPOS="2473"
                          HPOS="1106"
                          CONTENT="ibidem"/>
               </TextLine>
               <TextLine ID="r1l63"
                         BASELINE="2560"
                         HEIGHT="48"
                         WIDTH="746"
                         VPOS="2512"
                         HPOS="394">
                  <String HEIGHT="48"
                          WIDTH="190"
                          VPOS="2512"
                          HPOS="380"
                          CONTENT="propositio"/>
                  <SP HEIGHT="48" WIDTH="14" VPOS="2512" HPOS="570"/>
                  <String HEIGHT="48"
                          WIDTH="136"
                          VPOS="2512"
                          HPOS="530"
                          CONTENT="aliqua"/>
                  <SP HEIGHT="48" WIDTH="14" VPOS="2512" HPOS="665"/>
                  <String HEIGHT="48"
                          WIDTH="149"
                          VPOS="2512"
                          HPOS="625"
                          CONTENT="incipit"/>
                  <SP HEIGHT="48" WIDTH="14" VPOS="2512" HPOS="774"/>
                  <String HEIGHT="48"
                          WIDTH="122"
                          VPOS="2512"
                          HPOS="733"
                          CONTENT="sciti"/>
                  <SP HEIGHT="48" WIDTH="14" VPOS="2512" HPOS="855"/>
                  <String HEIGHT="48" WIDTH="68" VPOS="2512" HPOS="814" CONTENT="a"/>
                  <SP HEIGHT="48" WIDTH="14" VPOS="2512" HPOS="882"/>
                  <String HEIGHT="48"
                          WIDTH="109"
                          VPOS="2512"
                          HPOS="842"
                          CONTENT="deo."/>
                  <SP HEIGHT="48" WIDTH="14" VPOS="2512" HPOS="950"/>
                  <String HEIGHT="48" WIDTH="95" VPOS="2512" HPOS="909" CONTENT="fo."/>
                  <SP HEIGHT="48" WIDTH="14" VPOS="2512" HPOS="1004"/>
                  <String HEIGHT="48"
                          WIDTH="109"
                          VPOS="2512"
                          HPOS="964"
                          CONTENT="Tcv."/>
                  <SP HEIGHT="48" WIDTH="14" VPOS="2512" HPOS="1072"/>
                  <String HEIGHT="48"
                          WIDTH="95"
                          VPOS="2512"
                          HPOS="1031"
                          CONTENT="col"/>
                  <SP HEIGHT="48" WIDTH="14" VPOS="2512" HPOS="1126"/>
                  <String HEIGHT="48"
                          WIDTH="68"
                          VPOS="2512"
                          HPOS="1072"
                          CONTENT="nii"/>
               </TextLine>
               <TextLine ID="r1l64"
                         BASELINE="2607"
                         HEIGHT="51"
                         WIDTH="823"
                         VPOS="2556"
                         HPOS="387">
                  <String HEIGHT="51"
                          WIDTH="189"
                          VPOS="2556"
                          HPOS="374"
                          CONTENT="ptopositio"/>
                  <SP HEIGHT="51" WIDTH="13" VPOS="2556" HPOS="562"/>
                  <String HEIGHT="51"
                          WIDTH="108"
                          VPOS="2556"
                          HPOS="522"
                          CONTENT="hac:"/>
                  <SP HEIGHT="51" WIDTH="13" VPOS="2556" HPOS="630"/>
                  <String HEIGHT="51"
                          WIDTH="148"
                          VPOS="2556"
                          HPOS="589"
                          CONTENT="necesse"/>
                  <SP HEIGHT="51" WIDTH="13" VPOS="2556" HPOS="738"/>
                  <String HEIGHT="51" WIDTH="94" VPOS="2556" HPOS="697" CONTENT="est"/>
                  <SP HEIGHT="51" WIDTH="13" VPOS="2556" HPOS="792"/>
                  <String HEIGHT="51"
                          WIDTH="135"
                          VPOS="2556"
                          HPOS="751"
                          CONTENT="sortem"/>
                  <SP HEIGHT="51" WIDTH="13" VPOS="2556" HPOS="886"/>
                  <String HEIGHT="51"
                          WIDTH="148"
                          VPOS="2556"
                          HPOS="846"
                          CONTENT="peccate"/>
                  <SP HEIGHT="51" WIDTH="13" VPOS="2556" HPOS="994"/>
                  <String HEIGHT="51" WIDTH="81" VPOS="2556" HPOS="954" CONTENT="si"/>
                  <SP HEIGHT="51" WIDTH="13" VPOS="2556" HPOS="1035"/>
                  <String HEIGHT="51"
                          WIDTH="108"
                          VPOS="2556"
                          HPOS="994"
                          CONTENT="deus"/>
                  <SP HEIGHT="51" WIDTH="13" VPOS="2556" HPOS="1102"/>
                  <String HEIGHT="51"
                          WIDTH="108"
                          VPOS="2556"
                          HPOS="1062"
                          CONTENT="scit"/>
                  <SP HEIGHT="51" WIDTH="13" VPOS="2556" HPOS="1170"/>
                  <String HEIGHT="51"
                          WIDTH="94"
                          VPOS="2556"
                          HPOS="1116"
                          CONTENT="ipsum"/>
               </TextLine>
               <TextLine ID="r1l65"
                         BASELINE="2637"
                         HEIGHT="45"
                         WIDTH="594"
                         VPOS="2592"
                         HPOS="395">
                  <String HEIGHT="45"
                          WIDTH="198"
                          VPOS="2592"
                          HPOS="382"
                          CONTENT="peccaturum:"/>
                  <SP HEIGHT="45" WIDTH="13" VPOS="2592" HPOS="580"/>
                  <String HEIGHT="45" WIDTH="92" VPOS="2592" HPOS="540" CONTENT="est"/>
                  <SP HEIGHT="45" WIDTH="13" VPOS="2592" HPOS="633"/>
                  <String HEIGHT="45"
                          WIDTH="185"
                          VPOS="2592"
                          HPOS="593"
                          CONTENT="multiplex."/>
                  <SP HEIGHT="45" WIDTH="13" VPOS="2592" HPOS="778"/>
                  <String HEIGHT="45" WIDTH="92" VPOS="2592" HPOS="738" CONTENT="fo."/>
                  <SP HEIGHT="45" WIDTH="13" VPOS="2592" HPOS="831"/>
                  <String HEIGHT="45"
                          WIDTH="119"
                          VPOS="2592"
                          HPOS="791"
                          CONTENT="xcvi."/>
                  <SP HEIGHT="45" WIDTH="13" VPOS="2592" HPOS="910"/>
                  <String HEIGHT="45"
                          WIDTH="106"
                          VPOS="2592"
                          HPOS="870"
                          CONTENT="col."/>
                  <SP HEIGHT="45" WIDTH="13" VPOS="2592" HPOS="976"/>
                  <String HEIGHT="45" WIDTH="66" VPOS="2592" HPOS="923" CONTENT="ii."/>
               </TextLine>
               <TextLine ID="r1l66"
                         BASELINE="2688"
                         HEIGHT="84"
                         WIDTH="811"
                         VPOS="2604"
                         HPOS="390">
                  <String HEIGHT="84"
                          WIDTH="227"
                          VPOS="2604"
                          HPOS="374"
                          CONTENT="propositio"/>
                  <SP HEIGHT="84" WIDTH="16" VPOS="2604" HPOS="601"/>
                  <String HEIGHT="84"
                          WIDTH="211"
                          VPOS="2604"
                          HPOS="552"
                          CONTENT="depterito"/>
                  <SP HEIGHT="84" WIDTH="16" VPOS="2604" HPOS="763"/>
                  <String HEIGHT="84"
                          WIDTH="130"
                          VPOS="2604"
                          HPOS="714"
                          CONTENT="veta"/>
                  <SP HEIGHT="84" WIDTH="16" VPOS="2604" HPOS="844"/>
                  <String HEIGHT="84"
                          WIDTH="114"
                          VPOS="2604"
                          HPOS="796"
                          CONTENT="non"/>
                  <SP HEIGHT="84" WIDTH="16" VPOS="2604" HPOS="909"/>
                  <String HEIGHT="84"
                          WIDTH="211"
                          VPOS="2604"
                          HPOS="860"
                          CONTENT="dependens"/>
                  <SP HEIGHT="84" WIDTH="16" VPOS="2604" HPOS="1071"/>
                  <String HEIGHT="84" WIDTH="81" VPOS="2604" HPOS="1023" CONTENT="e"/>
                  <SP HEIGHT="84" WIDTH="16" VPOS="2604" HPOS="1104"/>
                  <String HEIGHT="84"
                          WIDTH="114"
                          VPOS="2604"
                          HPOS="1055"
                          CONTENT="vna"/>
                  <SP HEIGHT="84" WIDTH="16" VPOS="2604" HPOS="1169"/>
                  <String HEIGHT="84"
                          WIDTH="97"
                          VPOS="2604"
                          HPOS="1104"
                          CONTENT="defu"/>
               </TextLine>
               <TextLine ID="r1l67"
                         BASELINE="2716"
                         HEIGHT="47"
                         WIDTH="601"
                         VPOS="2669"
                         HPOS="391">
                  <String HEIGHT="47"
                          WIDTH="98"
                          VPOS="2669"
                          HPOS="379"
                          CONTENT="turo"/>
                  <SP HEIGHT="47" WIDTH="12" VPOS="2669" HPOS="477"/>
                  <String HEIGHT="47" WIDTH="86" VPOS="2669" HPOS="440" CONTENT="est"/>
                  <SP HEIGHT="47" WIDTH="12" VPOS="2669" HPOS="526"/>
                  <String HEIGHT="47"
                          WIDTH="184"
                          VPOS="2669"
                          HPOS="489"
                          CONTENT="necellaria."/>
                  <SP HEIGHT="47" WIDTH="12" VPOS="2669" HPOS="673"/>
                  <String HEIGHT="47" WIDTH="86" VPOS="2669" HPOS="636" CONTENT="fo."/>
                  <SP HEIGHT="47" WIDTH="12" VPOS="2669" HPOS="722"/>
                  <String HEIGHT="47"
                          WIDTH="123"
                          VPOS="2669"
                          HPOS="685"
                          CONTENT="Mcvii."/>
                  <SP HEIGHT="47" WIDTH="12" VPOS="2669" HPOS="808"/>
                  <String HEIGHT="47"
                          WIDTH="98"
                          VPOS="2669"
                          HPOS="771"
                          CONTENT="col."/>
                  <SP HEIGHT="47" WIDTH="12" VPOS="2669" HPOS="869"/>
                  <String HEIGHT="47" WIDTH="86" VPOS="2669" HPOS="833" CONTENT="ii."/>
                  <SP HEIGHT="47" WIDTH="12" VPOS="2669" HPOS="918"/>
                  <String HEIGHT="47" WIDTH="74" VPOS="2669" HPOS="882" CONTENT="in"/>
                  <SP HEIGHT="47" WIDTH="12" VPOS="2669" HPOS="955"/>
                  <String HEIGHT="47"
                          WIDTH="86"
                          VPOS="2669"
                          HPOS="906"
                          CONTENT="fine."/>
               </TextLine>
               <TextLine ID="r1l68"
                         BASELINE="2765"
                         HEIGHT="57"
                         WIDTH="733"
                         VPOS="2708"
                         HPOS="391">
                  <String HEIGHT="57"
                          WIDTH="214"
                          VPOS="2708"
                          HPOS="376"
                          CONTENT="proptietas"/>
                  <SP HEIGHT="57" WIDTH="15" VPOS="2708" HPOS="590"/>
                  <String HEIGHT="57"
                          WIDTH="153"
                          VPOS="2708"
                          HPOS="544"
                          CONTENT="duobus"/>
                  <SP HEIGHT="57" WIDTH="15" VPOS="2708" HPOS="696"/>
                  <String HEIGHT="57"
                          WIDTH="137"
                          VPOS="2708"
                          HPOS="651"
                          CONTENT="modis"/>
                  <SP HEIGHT="57" WIDTH="15" VPOS="2708" HPOS="788"/>
                  <String HEIGHT="57"
                          WIDTH="183"
                          VPOS="2708"
                          HPOS="742"
                          CONTENT="capitur."/>
                  <SP HEIGHT="57" WIDTH="15" VPOS="2708" HPOS="925"/>
                  <String HEIGHT="57"
                          WIDTH="168"
                          VPOS="2708"
                          HPOS="880"
                          CONTENT="hxviii."/>
                  <SP HEIGHT="57" WIDTH="15" VPOS="2708" HPOS="1048"/>
                  <String HEIGHT="57"
                          WIDTH="137"
                          VPOS="2708"
                          HPOS="987"
                          CONTENT="coliii."/>
               </TextLine>
               <TextLine ID="r1l69"
                         BASELINE="2801"
                         HEIGHT="74"
                         WIDTH="809"
                         VPOS="2727"
                         HPOS="384">
                  <String HEIGHT="74"
                          WIDTH="165"
                          VPOS="2727"
                          HPOS="367"
                          CONTENT="puncta"/>
                  <SP HEIGHT="74" WIDTH="17" VPOS="2727" HPOS="533"/>
                  <String HEIGHT="74"
                          WIDTH="281"
                          VPOS="2727"
                          HPOS="483"
                          CONTENT="indiuisibilia"/>
                  <SP HEIGHT="74" WIDTH="17" VPOS="2727" HPOS="764"/>
                  <String HEIGHT="74"
                          WIDTH="116"
                          VPOS="2727"
                          HPOS="714"
                          CONTENT="non"/>
                  <SP HEIGHT="74" WIDTH="17" VPOS="2727" HPOS="830"/>
                  <String HEIGHT="74"
                          WIDTH="132"
                          VPOS="2727"
                          HPOS="780"
                          CONTENT="sunt"/>
                  <SP HEIGHT="74" WIDTH="17" VPOS="2727" HPOS="912"/>
                  <String HEIGHT="74"
                          WIDTH="182"
                          VPOS="2727"
                          HPOS="863"
                          CONTENT="ponenda"/>
                  <SP HEIGHT="74" WIDTH="17" VPOS="2727" HPOS="1044"/>
                  <String HEIGHT="74" WIDTH="99" VPOS="2727" HPOS="995" CONTENT="in"/>
                  <SP HEIGHT="74" WIDTH="17" VPOS="2727" HPOS="1094"/>
                  <String HEIGHT="74"
                          WIDTH="165"
                          VPOS="2727"
                          HPOS="1028"
                          CONTENT="continuo"/>
               </TextLine>
               <TextLine ID="r1l70"
                         BASELINE="2852"
                         HEIGHT="66"
                         WIDTH="824"
                         VPOS="2786"
                         HPOS="381">
                  <String HEIGHT="66"
                          WIDTH="137"
                          VPOS="2786"
                          HPOS="367"
                          CONTENT="folio."/>
                  <SP HEIGHT="66" WIDTH="14" VPOS="2786" HPOS="505"/>
                  <String HEIGHT="66"
                          WIDTH="124"
                          VPOS="2786"
                          HPOS="463"
                          CONTENT="lvii."/>
                  <SP HEIGHT="66" WIDTH="14" VPOS="2786" HPOS="587"/>
                  <String HEIGHT="66"
                          WIDTH="151"
                          VPOS="2786"
                          HPOS="546"
                          CONTENT="columna"/>
                  <SP HEIGHT="66" WIDTH="14" VPOS="2786" HPOS="697"/>
                  <String HEIGHT="66"
                          WIDTH="124"
                          VPOS="2786"
                          HPOS="656"
                          CONTENT="ptima"/>
                  <SP HEIGHT="66" WIDTH="14" VPOS="2786" HPOS="779"/>
                  <String HEIGHT="66" WIDTH="82" VPOS="2786" HPOS="738" CONTENT="in"/>
                  <SP HEIGHT="66" WIDTH="14" VPOS="2786" HPOS="820"/>
                  <String HEIGHT="66"
                          WIDTH="124"
                          VPOS="2786"
                          HPOS="779"
                          CONTENT="fine:"/>
                  <SP HEIGHT="66" WIDTH="14" VPOS="2786" HPOS="903"/>
                  <String HEIGHT="66"
                          WIDTH="110"
                          VPOS="2786"
                          HPOS="862"
                          CONTENT="ouoi"/>
                  <SP HEIGHT="66" WIDTH="14" VPOS="2786" HPOS="972"/>
                  <String HEIGHT="66"
                          WIDTH="137"
                          VPOS="2786"
                          HPOS="930"
                          CONTENT="folio."/>
                  <SP HEIGHT="66" WIDTH="14" VPOS="2786" HPOS="1068"/>
                  <String HEIGHT="66"
                          WIDTH="137"
                          VPOS="2786"
                          HPOS="1026"
                          CONTENT="loctv."/>
                  <SP HEIGHT="66" WIDTH="14" VPOS="2786" HPOS="1164"/>
                  <String HEIGHT="66"
                          WIDTH="96"
                          VPOS="2786"
                          HPOS="1109"
                          CONTENT="colii"/>
               </TextLine>
            </TextBlock>
            <TextBlock ID="r2" HEIGHT="2614" WIDTH="823" VPOS="225" HPOS="1262">
               <Shape>
                  <Polygon POINTS="1262,225 1262,2839 2085,2839 2085,225"/>
               </Shape>
               <TextLine ID="r2l1"
                         BASELINE="271"
                         HEIGHT="74"
                         WIDTH="244"
                         VPOS="197"
                         HPOS="1407">
                  <String HEIGHT="74"
                          WIDTH="285"
                          VPOS="197"
                          HPOS="1366"
                          CONTENT="hlateriatum."/>
               </TextLine>
               <TextLine ID="r2l2"
                         BASELINE="372"
                         HEIGHT="81"
                         WIDTH="619"
                         VPOS="291"
                         HPOS="1459">
                  <String HEIGHT="81"
                          WIDTH="162"
                          VPOS="291"
                          HPOS="1444"
                          CONTENT="valitas"/>
                  <SP HEIGHT="81" WIDTH="15" VPOS="291" HPOS="1606"/>
                  <String HEIGHT="81"
                          WIDTH="236"
                          VPOS="291"
                          HPOS="1562"
                          CONTENT="sprititualis"/>
                  <SP HEIGHT="81" WIDTH="15" VPOS="291" HPOS="1798"/>
                  <String HEIGHT="81"
                          WIDTH="103"
                          VPOS="291"
                          HPOS="1754"
                          CONTENT="non"/>
                  <SP HEIGHT="81" WIDTH="15" VPOS="291" HPOS="1857"/>
                  <String HEIGHT="81"
                          WIDTH="147"
                          VPOS="291"
                          HPOS="1813"
                          CONTENT="potest"/>
                  <SP HEIGHT="81" WIDTH="15" VPOS="291" HPOS="1960"/>
                  <String HEIGHT="81"
                          WIDTH="118"
                          VPOS="291"
                          HPOS="1916"
                          CONTENT="poni"/>
                  <SP HEIGHT="81" WIDTH="15" VPOS="291" HPOS="2034"/>
                  <String HEIGHT="81"
                          WIDTH="103"
                          VPOS="291"
                          HPOS="1975"
                          CONTENT="insub"/>
               </TextLine>
               <TextLine ID="r2l3"
                         BASELINE="406"
                         HEIGHT="55"
                         WIDTH="392"
                         VPOS="351"
                         HPOS="1451">
                  <String HEIGHT="55"
                          WIDTH="122"
                          VPOS="351"
                          HPOS="1437"
                          CONTENT="iecto"/>
                  <SP HEIGHT="55" WIDTH="14" VPOS="351" HPOS="1559"/>
                  <String HEIGHT="55"
                          WIDTH="176"
                          VPOS="351"
                          HPOS="1519"
                          CONTENT="corpoteo."/>
                  <SP HEIGHT="55" WIDTH="14" VPOS="351" HPOS="1694"/>
                  <String HEIGHT="55"
                          WIDTH="135"
                          VPOS="351"
                          HPOS="1654"
                          CONTENT="hevii."/>
                  <SP HEIGHT="55" WIDTH="14" VPOS="351" HPOS="1789"/>
                  <String HEIGHT="55" WIDTH="95" VPOS="351" HPOS="1748" CONTENT="co."/>
                  <SP HEIGHT="55" WIDTH="14" VPOS="351" HPOS="1843"/>
                  <String HEIGHT="55" WIDTH="54" VPOS="351" HPOS="1789" CONTENT="ii"/>
               </TextLine>
               <TextLine ID="r2l4"
                         BASELINE="440"
                         HEIGHT="61"
                         WIDTH="627"
                         VPOS="379"
                         HPOS="1450">
                  <String HEIGHT="61"
                          WIDTH="225"
                          VPOS="379"
                          HPOS="1434"
                          CONTENT="cualitates"/>
                  <SP HEIGHT="61" WIDTH="16" VPOS="379" HPOS="1659"/>
                  <String HEIGHT="61"
                          WIDTH="209"
                          VPOS="379"
                          HPOS="1611"
                          CONTENT="contratia"/>
                  <SP HEIGHT="61" WIDTH="16" VPOS="379" HPOS="1820"/>
                  <String HEIGHT="61"
                          WIDTH="241"
                          VPOS="379"
                          HPOS="1772"
                          CONTENT="naturaliter"/>
                  <SP HEIGHT="61" WIDTH="16" VPOS="379" HPOS="2013"/>
                  <String HEIGHT="61"
                          WIDTH="113"
                          VPOS="379"
                          HPOS="1964"
                          CONTENT="non"/>
                  <SP HEIGHT="61" WIDTH="16" VPOS="379" HPOS="2077"/>
                  <String HEIGHT="61" WIDTH="64" VPOS="379" HPOS="2013" CONTENT="se"/>
               </TextLine>
               <TextLine ID="r2l5"
                         BASELINE="459"
                         HEIGHT="91"
                         WIDTH="88"
                         VPOS="368"
                         HPOS="1329">
                  <String HEIGHT="91" WIDTH="176" VPOS="368" HPOS="1241" CONTENT="dd"/>
               </TextLine>
               <TextLine ID="r2l6"
                         BASELINE="479"
                         HEIGHT="46"
                         WIDTH="623"
                         VPOS="433"
                         HPOS="1462">
                  <String HEIGHT="46"
                          WIDTH="249"
                          VPOS="433"
                          HPOS="1446"
                          CONTENT="compatiuntur"/>
                  <SP HEIGHT="46" WIDTH="16" VPOS="433" HPOS="1696"/>
                  <String HEIGHT="46" WIDTH="93" VPOS="433" HPOS="1649" CONTENT="in"/>
                  <SP HEIGHT="46" WIDTH="16" VPOS="433" HPOS="1742"/>
                  <String HEIGHT="46"
                          WIDTH="187"
                          VPOS="433"
                          HPOS="1696"
                          CONTENT="gradibus"/>
                  <SP HEIGHT="46" WIDTH="16" VPOS="433" HPOS="1883"/>
                  <String HEIGHT="46"
                          WIDTH="187"
                          VPOS="433"
                          HPOS="1836"
                          CONTENT="remissis"/>
                  <SP HEIGHT="46" WIDTH="16" VPOS="433" HPOS="2023"/>
                  <String HEIGHT="46"
                          WIDTH="109"
                          VPOS="433"
                          HPOS="1976"
                          CONTENT="vel"/>
                  <SP HEIGHT="46" WIDTH="16" VPOS="433" HPOS="2085"/>
                  <String HEIGHT="46" WIDTH="62" VPOS="433" HPOS="2023" CONTENT="in"/>
               </TextLine>
               <TextLine ID="r2l7"
                         BASELINE="482"
                         HEIGHT="42"
                         WIDTH="91"
                         VPOS="440"
                         HPOS="1332">
                  <String HEIGHT="42"
                          WIDTH="121"
                          VPOS="440"
                          HPOS="1317"
                          CONTENT="Udus"/>
                  <SP HEIGHT="42" WIDTH="15" VPOS="440" HPOS="1438"/>
                  <String HEIGHT="42" WIDTH="46" VPOS="440" HPOS="1378" CONTENT="A"/>
               </TextLine>
               <TextLine ID="r2l8"
                         BASELINE="521"
                         HEIGHT="49"
                         WIDTH="674"
                         VPOS="472"
                         HPOS="1404">
                  <String HEIGHT="49" WIDTH="50" VPOS="472" HPOS="1392" CONTENT=""/>
                  <SP HEIGHT="49" WIDTH="12" VPOS="472" HPOS="1441"/>
                  <String HEIGHT="49"
                          WIDTH="137"
                          VPOS="472"
                          HPOS="1404"
                          CONTENT="tensis."/>
                  <SP HEIGHT="49" WIDTH="12" VPOS="472" HPOS="1541"/>
                  <String HEIGHT="49" WIDTH="87" VPOS="472" HPOS="1504" CONTENT="fo."/>
                  <SP HEIGHT="49" WIDTH="12" VPOS="472" HPOS="1591"/>
                  <String HEIGHT="49"
                          WIDTH="137"
                          VPOS="472"
                          HPOS="1554"
                          CONTENT="heviii."/>
                  <SP HEIGHT="49" WIDTH="12" VPOS="472" HPOS="1691"/>
                  <String HEIGHT="49" WIDTH="75" VPOS="472" HPOS="1654" CONTENT="in"/>
                  <SP HEIGHT="49" WIDTH="12" VPOS="472" HPOS="1729"/>
                  <String HEIGHT="49"
                          WIDTH="112"
                          VPOS="472"
                          HPOS="1691"
                          CONTENT="fine."/>
                  <SP HEIGHT="49" WIDTH="12" VPOS="472" HPOS="1803"/>
                  <String HEIGHT="49" WIDTH="87" VPOS="472" HPOS="1766" CONTENT="qod"/>
                  <SP HEIGHT="49" WIDTH="12" VPOS="472" HPOS="1853"/>
                  <String HEIGHT="49"
                          WIDTH="112"
                          VPOS="472"
                          HPOS="1816"
                          CONTENT="lxic."/>
                  <SP HEIGHT="49" WIDTH="12" VPOS="472" HPOS="1928"/>
                  <String HEIGHT="49" WIDTH="75" VPOS="472" HPOS="1891" CONTENT="in"/>
                  <SP HEIGHT="49" WIDTH="12" VPOS="472" HPOS="1966"/>
                  <String HEIGHT="49"
                          WIDTH="162"
                          VPOS="472"
                          HPOS="1916"
                          CONTENT="prtincipio."/>
               </TextLine>
               <TextLine ID="r2l9"
                         BASELINE="568"
                         HEIGHT="56"
                         WIDTH="811"
                         VPOS="512"
                         HPOS="1258">
                  <String HEIGHT="56"
                          WIDTH="162"
                          VPOS="512"
                          HPOS="1244"
                          CONTENT="cualitas"/>
                  <SP HEIGHT="56" WIDTH="14" VPOS="512" HPOS="1407"/>
                  <String HEIGHT="56" WIDTH="95" VPOS="512" HPOS="1366" CONTENT="vna"/>
                  <SP HEIGHT="56" WIDTH="14" VPOS="512" HPOS="1461"/>
                  <String HEIGHT="56"
                          WIDTH="162"
                          VPOS="512"
                          HPOS="1420"
                          CONTENT="mentalis"/>
                  <SP HEIGHT="56" WIDTH="14" VPOS="512" HPOS="1582"/>
                  <String HEIGHT="56" WIDTH="95" VPOS="512" HPOS="1542" CONTENT="est"/>
                  <SP HEIGHT="56" WIDTH="14" VPOS="512" HPOS="1636"/>
                  <String HEIGHT="56" WIDTH="95" VPOS="512" HPOS="1596" CONTENT="duo"/>
                  <SP HEIGHT="56" WIDTH="14" VPOS="512" HPOS="1691"/>
                  <String HEIGHT="56"
                          WIDTH="149"
                          VPOS="512"
                          HPOS="1650"
                          CONTENT="termini"/>
                  <SP HEIGHT="56" WIDTH="14" VPOS="512" HPOS="1799"/>
                  <String HEIGHT="56"
                          WIDTH="162"
                          VPOS="512"
                          HPOS="1758"
                          CONTENT="dispati."/>
                  <SP HEIGHT="56" WIDTH="14" VPOS="512" HPOS="1920"/>
                  <String HEIGHT="56" WIDTH="95" VPOS="512" HPOS="1880" CONTENT="fo."/>
                  <SP HEIGHT="56" WIDTH="14" VPOS="512" HPOS="1974"/>
                  <String HEIGHT="56" WIDTH="81" VPOS="512" HPOS="1934" CONTENT="v."/>
                  <SP HEIGHT="56" WIDTH="14" VPOS="512" HPOS="2015"/>
                  <String HEIGHT="56" WIDTH="95" VPOS="512" HPOS="1974" CONTENT="co."/>
                  <SP HEIGHT="56" WIDTH="14" VPOS="512" HPOS="2069"/>
                  <String HEIGHT="56" WIDTH="54" VPOS="512" HPOS="2015" CONTENT="i."/>
               </TextLine>
               <TextLine ID="r2l10"
                         BASELINE="614"
                         HEIGHT="59"
                         WIDTH="811"
                         VPOS="555"
                         HPOS="1267">
                  <String HEIGHT="59"
                          WIDTH="199"
                          VPOS="555"
                          HPOS="1250"
                          CONTENT="cualitas"/>
                  <SP HEIGHT="59" WIDTH="17" VPOS="555" HPOS="1449"/>
                  <String HEIGHT="59"
                          WIDTH="116"
                          VPOS="555"
                          HPOS="1399"
                          CONTENT="vna"/>
                  <SP HEIGHT="59" WIDTH="17" VPOS="555" HPOS="1515"/>
                  <String HEIGHT="59"
                          WIDTH="215"
                          VPOS="555"
                          HPOS="1466"
                          CONTENT="aliquando"/>
                  <SP HEIGHT="59" WIDTH="17" VPOS="555" HPOS="1681"/>
                  <String HEIGHT="59"
                          WIDTH="182"
                          VPOS="555"
                          HPOS="1631"
                          CONTENT="impedit"/>
                  <SP HEIGHT="59" WIDTH="17" VPOS="555" HPOS="1813"/>
                  <String HEIGHT="59"
                          WIDTH="232"
                          VPOS="555"
                          HPOS="1764"
                          CONTENT="qualitatem"/>
                  <SP HEIGHT="59" WIDTH="17" VPOS="555" HPOS="1995"/>
                  <String HEIGHT="59"
                          WIDTH="149"
                          VPOS="555"
                          HPOS="1929"
                          CONTENT="eiusdem"/>
               </TextLine>
               <TextLine ID="r2l11"
                         BASELINE="643"
                         HEIGHT="52"
                         WIDTH="381"
                         VPOS="591"
                         HPOS="1256">
                  <String HEIGHT="52"
                          WIDTH="139"
                          VPOS="591"
                          HPOS="1244"
                          CONTENT="speciei."/>
                  <SP HEIGHT="52" WIDTH="12" VPOS="591" HPOS="1383"/>
                  <String HEIGHT="52"
                          WIDTH="92"
                          VPOS="591"
                          HPOS="1348"
                          CONTENT="sto."/>
                  <SP HEIGHT="52" WIDTH="12" VPOS="591" HPOS="1441"/>
                  <String HEIGHT="52"
                          WIDTH="115"
                          VPOS="591"
                          HPOS="1406"
                          CONTENT="eodem."/>
                  <SP HEIGHT="52" WIDTH="12" VPOS="591" HPOS="1522"/>
                  <String HEIGHT="52"
                          WIDTH="127"
                          VPOS="591"
                          HPOS="1487"
                          CONTENT="column."/>
                  <SP HEIGHT="52" WIDTH="12" VPOS="591" HPOS="1614"/>
                  <String HEIGHT="52"
                          WIDTH="69"
                          VPOS="591"
                          HPOS="1568"
                          CONTENT="iii."/>
               </TextLine>
               <TextLine ID="r2l12"
                         BASELINE="696"
                         HEIGHT="81"
                         WIDTH="814"
                         VPOS="615"
                         HPOS="1263">
                  <String HEIGHT="81"
                          WIDTH="200"
                          VPOS="615"
                          HPOS="1248"
                          CONTENT="cnualitas"/>
                  <SP HEIGHT="81" WIDTH="15" VPOS="615" HPOS="1447"/>
                  <String HEIGHT="81"
                          WIDTH="169"
                          VPOS="615"
                          HPOS="1401"
                          CONTENT="similem"/>
                  <SP HEIGHT="81" WIDTH="15" VPOS="615" HPOS="1570"/>
                  <String HEIGHT="81" WIDTH="92" VPOS="615" HPOS="1524" CONTENT="in"/>
                  <SP HEIGHT="81" WIDTH="15" VPOS="615" HPOS="1616"/>
                  <String HEIGHT="81"
                          WIDTH="154"
                          VPOS="615"
                          HPOS="1570"
                          CONTENT="specie"/>
                  <SP HEIGHT="81" WIDTH="15" VPOS="615" HPOS="1724"/>
                  <String HEIGHT="81"
                          WIDTH="200"
                          VPOS="615"
                          HPOS="1678"
                          CONTENT="producens"/>
                  <SP HEIGHT="81" WIDTH="15" VPOS="615" HPOS="1877"/>
                  <String HEIGHT="81"
                          WIDTH="261"
                          VPOS="615"
                          HPOS="1816"
                          CONTENT="principaliterdi"/>
               </TextLine>
               <TextLine ID="r2l13"
                         BASELINE="723"
                         HEIGHT="52"
                         WIDTH="354"
                         VPOS="671"
                         HPOS="1261">
                  <String HEIGHT="52"
                          WIDTH="118"
                          VPOS="671"
                          HPOS="1248"
                          CONTENT="citur"/>
                  <SP HEIGHT="52" WIDTH="13" VPOS="671" HPOS="1366"/>
                  <String HEIGHT="52"
                          WIDTH="144"
                          VPOS="671"
                          HPOS="1327"
                          CONTENT="actiua."/>
                  <SP HEIGHT="52" WIDTH="13" VPOS="671" HPOS="1471"/>
                  <String HEIGHT="52" WIDTH="92" VPOS="671" HPOS="1431" CONTENT="fo."/>
                  <SP HEIGHT="52" WIDTH="13" VPOS="671" HPOS="1523"/>
                  <String HEIGHT="52" WIDTH="79" VPOS="671" HPOS="1484" CONTENT="x."/>
                  <SP HEIGHT="52" WIDTH="13" VPOS="671" HPOS="1563"/>
                  <String HEIGHT="52"
                          WIDTH="105"
                          VPOS="671"
                          HPOS="1510"
                          CONTENT="colii."/>
               </TextLine>
               <TextLine ID="r2l14"
                         BASELINE="773"
                         HEIGHT="85"
                         WIDTH="805"
                         VPOS="688"
                         HPOS="1267">
                  <String HEIGHT="85"
                          WIDTH="221"
                          VPOS="688"
                          HPOS="1251"
                          CONTENT="cualitates"/>
                  <SP HEIGHT="85" WIDTH="16" VPOS="688" HPOS="1472"/>
                  <String HEIGHT="85"
                          WIDTH="205"
                          VPOS="688"
                          HPOS="1425"
                          CONTENT="contratia"/>
                  <SP HEIGHT="85" WIDTH="16" VPOS="688" HPOS="1630"/>
                  <String HEIGHT="85"
                          WIDTH="221"
                          VPOS="688"
                          HPOS="1583"
                          CONTENT="psupposito"/>
                  <SP HEIGHT="85" WIDTH="16" VPOS="688" HPOS="1804"/>
                  <String HEIGHT="85"
                          WIDTH="189"
                          VPOS="688"
                          HPOS="1756"
                          CONTENT="miraculo"/>
                  <SP HEIGHT="85" WIDTH="16" VPOS="688" HPOS="1946"/>
                  <String HEIGHT="85"
                          WIDTH="174"
                          VPOS="688"
                          HPOS="1898"
                          CONTENT="possunt"/>
                  <SP HEIGHT="85" WIDTH="16" VPOS="688" HPOS="2072"/>
                  <String HEIGHT="85" WIDTH="63" VPOS="688" HPOS="2009" CONTENT="ei"/>
               </TextLine>
               <TextLine ID="r2l15"
                         BASELINE="809"
                         HEIGHT="52"
                         WIDTH="536"
                         VPOS="757"
                         HPOS="1263">
                  <String HEIGHT="52" WIDTH="92" VPOS="757" HPOS="1250" CONTENT="dem"/>
                  <SP HEIGHT="52" WIDTH="13" VPOS="757" HPOS="1341"/>
                  <String HEIGHT="52"
                          WIDTH="157"
                          VPOS="757"
                          HPOS="1302"
                          CONTENT="subiecto"/>
                  <SP HEIGHT="52" WIDTH="13" VPOS="757" HPOS="1459"/>
                  <String HEIGHT="52"
                          WIDTH="196"
                          VPOS="757"
                          HPOS="1420"
                          CONTENT="infiaerere."/>
                  <SP HEIGHT="52" WIDTH="13" VPOS="757" HPOS="1616"/>
                  <String HEIGHT="52" WIDTH="78" VPOS="757" HPOS="1577" CONTENT="so"/>
                  <SP HEIGHT="52" WIDTH="13" VPOS="757" HPOS="1655"/>
                  <String HEIGHT="52"
                          WIDTH="118"
                          VPOS="757"
                          HPOS="1616"
                          CONTENT="A&amp;ii."/>
                  <SP HEIGHT="52" WIDTH="13" VPOS="757" HPOS="1734"/>
                  <String HEIGHT="52" WIDTH="92" VPOS="757" HPOS="1694" CONTENT="col"/>
                  <SP HEIGHT="52" WIDTH="13" VPOS="757" HPOS="1786"/>
                  <String HEIGHT="52" WIDTH="65" VPOS="757" HPOS="1734" CONTENT="iii"/>
               </TextLine>
               <TextLine ID="r2l16"
                         BASELINE="857"
                         HEIGHT="86"
                         WIDTH="811"
                         VPOS="771"
                         HPOS="1273">
                  <String HEIGHT="86"
                          WIDTH="210"
                          VPOS="771"
                          HPOS="1258"
                          CONTENT="cualitates"/>
                  <SP HEIGHT="86" WIDTH="15" VPOS="771" HPOS="1468"/>
                  <String HEIGHT="86"
                          WIDTH="195"
                          VPOS="771"
                          HPOS="1423"
                          CONTENT="naturales"/>
                  <SP HEIGHT="86" WIDTH="15" VPOS="771" HPOS="1618"/>
                  <String HEIGHT="86"
                          WIDTH="135"
                          VPOS="771"
                          HPOS="1573"
                          CONTENT="oculi"/>
                  <SP HEIGHT="86" WIDTH="15" VPOS="771" HPOS="1709"/>
                  <String HEIGHT="86"
                          WIDTH="105"
                          VPOS="771"
                          HPOS="1663"
                          CONTENT="non"/>
                  <SP HEIGHT="86" WIDTH="15" VPOS="771" HPOS="1769"/>
                  <String HEIGHT="86"
                          WIDTH="195"
                          VPOS="771"
                          HPOS="1724"
                          CONTENT="videntur."/>
                  <SP HEIGHT="86" WIDTH="15" VPOS="771" HPOS="1919"/>
                  <String HEIGHT="86"
                          WIDTH="150"
                          VPOS="771"
                          HPOS="1874"
                          CONTENT="folio."/>
                  <SP HEIGHT="86" WIDTH="15" VPOS="771" HPOS="2024"/>
                  <String HEIGHT="86"
                          WIDTH="120"
                          VPOS="771"
                          HPOS="1964"
                          CONTENT="Decis."/>
               </TextLine>
               <TextLine ID="r2l17"
                         BASELINE="882"
                         HEIGHT="51"
                         WIDTH="207"
                         VPOS="831"
                         HPOS="1272">
                  <String HEIGHT="51"
                          WIDTH="175"
                          VPOS="831"
                          HPOS="1256"
                          CONTENT="columna"/>
                  <SP HEIGHT="51" WIDTH="16" VPOS="831" HPOS="1431"/>
                  <String HEIGHT="51"
                          WIDTH="111"
                          VPOS="831"
                          HPOS="1368"
                          CONTENT="prima"/>
               </TextLine>
               <TextLine ID="r2l18"
                         BASELINE="937"
                         HEIGHT="83"
                         WIDTH="808"
                         VPOS="854"
                         HPOS="1264">
                  <String HEIGHT="83"
                          WIDTH="231"
                          VPOS="854"
                          HPOS="1248"
                          CONTENT="cualitates"/>
                  <SP HEIGHT="83" WIDTH="16" VPOS="854" HPOS="1478"/>
                  <String HEIGHT="83"
                          WIDTH="214"
                          VPOS="854"
                          HPOS="1429"
                          CONTENT="conttaria"/>
                  <SP HEIGHT="83" WIDTH="16" VPOS="854" HPOS="1643"/>
                  <String HEIGHT="83"
                          WIDTH="198"
                          VPOS="854"
                          HPOS="1594"
                          CONTENT="secundum"/>
                  <SP HEIGHT="83" WIDTH="16" VPOS="854" HPOS="1792"/>
                  <String HEIGHT="83"
                          WIDTH="165"
                          VPOS="854"
                          HPOS="1742"
                          CONTENT="multos"/>
                  <SP HEIGHT="83" WIDTH="16" VPOS="854" HPOS="1907"/>
                  <String HEIGHT="83" WIDTH="99" VPOS="854" HPOS="1858" CONTENT="se"/>
                  <SP HEIGHT="83" WIDTH="16" VPOS="854" HPOS="1957"/>
                  <String HEIGHT="83"
                          WIDTH="181"
                          VPOS="854"
                          HPOS="1891"
                          CONTENT="compatiun"/>
               </TextLine>
               <TextLine ID="r2l19"
                         BASELINE="959"
                         HEIGHT="42"
                         WIDTH="589"
                         VPOS="917"
                         HPOS="1258">
                  <String HEIGHT="42" WIDTH="92" VPOS="917" HPOS="1245" CONTENT="tur"/>
                  <SP HEIGHT="42" WIDTH="13" VPOS="917" HPOS="1337"/>
                  <String HEIGHT="42" WIDTH="79" VPOS="917" HPOS="1297" CONTENT="in"/>
                  <SP HEIGHT="42" WIDTH="13" VPOS="917" HPOS="1376"/>
                  <String HEIGHT="42"
                          WIDTH="157"
                          VPOS="917"
                          HPOS="1337"
                          CONTENT="gradibus"/>
                  <SP HEIGHT="42" WIDTH="13" VPOS="917" HPOS="1494"/>
                  <String HEIGHT="42"
                          WIDTH="170"
                          VPOS="917"
                          HPOS="1454"
                          CONTENT="temissis."/>
                  <SP HEIGHT="42" WIDTH="13" VPOS="917" HPOS="1624"/>
                  <String HEIGHT="42" WIDTH="92" VPOS="917" HPOS="1585" CONTENT="fo."/>
                  <SP HEIGHT="42" WIDTH="13" VPOS="917" HPOS="1677"/>
                  <String HEIGHT="42"
                          WIDTH="118"
                          VPOS="917"
                          HPOS="1638"
                          CONTENT="hoii."/>
                  <SP HEIGHT="42" WIDTH="13" VPOS="917" HPOS="1755"/>
                  <String HEIGHT="42"
                          WIDTH="105"
                          VPOS="917"
                          HPOS="1716"
                          CONTENT="col."/>
                  <SP HEIGHT="42" WIDTH="13" VPOS="917" HPOS="1821"/>
                  <String HEIGHT="42"
                          WIDTH="79"
                          VPOS="917"
                          HPOS="1768"
                          CONTENT="iiii"/>
               </TextLine>
               <TextLine ID="r2l20"
                         BASELINE="1012"
                         HEIGHT="78"
                         WIDTH="821"
                         VPOS="934"
                         HPOS="1260">
                  <String HEIGHT="78"
                          WIDTH="202"
                          VPOS="934"
                          HPOS="1246"
                          CONTENT="cualitatum"/>
                  <SP HEIGHT="78" WIDTH="14" VPOS="934" HPOS="1447"/>
                  <String HEIGHT="78"
                          WIDTH="187"
                          VPOS="934"
                          HPOS="1404"
                          CONTENT="multiplem"/>
                  <SP HEIGHT="78" WIDTH="14" VPOS="934" HPOS="1591"/>
                  <String HEIGHT="78"
                          WIDTH="101"
                          VPOS="934"
                          HPOS="1548"
                          CONTENT="est"/>
                  <SP HEIGHT="78" WIDTH="14" VPOS="934" HPOS="1649"/>
                  <String HEIGHT="78"
                          WIDTH="158"
                          VPOS="934"
                          HPOS="1606"
                          CONTENT="diuisio"/>
                  <SP HEIGHT="78" WIDTH="14" VPOS="934" HPOS="1764"/>
                  <String HEIGHT="78"
                          WIDTH="101"
                          VPOS="934"
                          HPOS="1721"
                          CONTENT="seu"/>
                  <SP HEIGHT="78" WIDTH="14" VPOS="934" HPOS="1822"/>
                  <String HEIGHT="78"
                          WIDTH="202"
                          VPOS="934"
                          HPOS="1779"
                          CONTENT="distinctio"/>
                  <SP HEIGHT="78" WIDTH="14" VPOS="934" HPOS="1980"/>
                  <String HEIGHT="78"
                          WIDTH="115"
                          VPOS="934"
                          HPOS="1937"
                          CONTENT="quad"/>
                  <SP HEIGHT="78" WIDTH="14" VPOS="934" HPOS="2052"/>
                  <String HEIGHT="78"
                          WIDTH="86"
                          VPOS="934"
                          HPOS="1995"
                          CONTENT="mem"
                          SUBS_TYPE="HypPart1"
                          SUBS_CONTENT="membrotum"/>
                  <HYP CONTENT="-"/>
               </TextLine>
               <TextLine ID="r2l21"
                         BASELINE="1045"
                         HEIGHT="53"
                         WIDTH="459"
                         VPOS="992"
                         HPOS="1263">
                  <String HEIGHT="53"
                          WIDTH="128"
                          VPOS="992"
                          HPOS="1250"
                          CONTENT="brotum"
                          SUBS_TYPE="HypPart2"
                          SUBS_CONTENT="membrotum"/>
                  <SP HEIGHT="53" WIDTH="13" VPOS="992" HPOS="1378"/>
                  <String HEIGHT="53"
                          WIDTH="191"
                          VPOS="992"
                          HPOS="1340"
                          CONTENT="declatatio."/>
                  <SP HEIGHT="53" WIDTH="13" VPOS="992" HPOS="1531"/>
                  <String HEIGHT="53" WIDTH="89" VPOS="992" HPOS="1493" CONTENT="fo."/>
                  <SP HEIGHT="53" WIDTH="13" VPOS="992" HPOS="1582"/>
                  <String HEIGHT="53"
                          WIDTH="102"
                          VPOS="992"
                          HPOS="1544"
                          CONTENT="hxe."/>
                  <SP HEIGHT="53" WIDTH="13" VPOS="992" HPOS="1646"/>
                  <String HEIGHT="53"
                          WIDTH="102"
                          VPOS="992"
                          HPOS="1607"
                          CONTENT="col."/>
                  <SP HEIGHT="53" WIDTH="13" VPOS="992" HPOS="1709"/>
                  <String HEIGHT="53" WIDTH="64" VPOS="992" HPOS="1658" CONTENT="ii."/>
               </TextLine>
               <TextLine ID="r2l22"
                         BASELINE="1081"
                         HEIGHT="68"
                         WIDTH="715"
                         VPOS="1013"
                         HPOS="1276">
                  <String HEIGHT="68"
                          WIDTH="183"
                          VPOS="1013"
                          HPOS="1261"
                          CONTENT="cualitas"/>
                  <SP HEIGHT="68" WIDTH="15" VPOS="1013" HPOS="1443"/>
                  <String HEIGHT="68"
                          WIDTH="228"
                          VPOS="1013"
                          HPOS="1398"
                          CONTENT="vniformiter"/>
                  <SP HEIGHT="68" WIDTH="15" VPOS="1013" HPOS="1626"/>
                  <String HEIGHT="68"
                          WIDTH="198"
                          VPOS="1013"
                          HPOS="1580"
                          CONTENT="difformis"/>
                  <SP HEIGHT="68" WIDTH="15" VPOS="1013" HPOS="1778"/>
                  <String HEIGHT="68"
                          WIDTH="122"
                          VPOS="1013"
                          HPOS="1732"
                          CONTENT="quae"/>
                  <SP HEIGHT="68" WIDTH="15" VPOS="1013" HPOS="1854"/>
                  <String HEIGHT="68"
                          WIDTH="122"
                          VPOS="1013"
                          HPOS="1808"
                          CONTENT="est."/>
                  <SP HEIGHT="68" WIDTH="15" VPOS="1013" HPOS="1930"/>
                  <String HEIGHT="68"
                          WIDTH="122"
                          VPOS="1013"
                          HPOS="1869"
                          CONTENT="ibidem"/>
               </TextLine>
               <TextLine ID="r2l23"
                         BASELINE="1117"
                         HEIGHT="44"
                         WIDTH="713"
                         VPOS="1073"
                         HPOS="1270">
                  <String HEIGHT="44"
                          WIDTH="182"
                          VPOS="1073"
                          HPOS="1255"
                          CONTENT="cualitas"/>
                  <SP HEIGHT="44" WIDTH="15" VPOS="1073" HPOS="1437"/>
                  <String HEIGHT="44"
                          WIDTH="228"
                          VPOS="1073"
                          HPOS="1391"
                          CONTENT="difformiter"/>
                  <SP HEIGHT="44" WIDTH="15" VPOS="1073" HPOS="1619"/>
                  <String HEIGHT="44"
                          WIDTH="197"
                          VPOS="1073"
                          HPOS="1573"
                          CONTENT="difformis"/>
                  <SP HEIGHT="44" WIDTH="15" VPOS="1073" HPOS="1771"/>
                  <String HEIGHT="44"
                          WIDTH="106"
                          VPOS="1073"
                          HPOS="1725"
                          CONTENT="qua"/>
                  <SP HEIGHT="44" WIDTH="15" VPOS="1073" HPOS="1831"/>
                  <String HEIGHT="44"
                          WIDTH="121"
                          VPOS="1073"
                          HPOS="1786"
                          CONTENT="est."/>
                  <SP HEIGHT="44" WIDTH="15" VPOS="1073" HPOS="1907"/>
                  <String HEIGHT="44"
                          WIDTH="137"
                          VPOS="1073"
                          HPOS="1846"
                          CONTENT="ibidem"
                          SUBS_TYPE="HypPart1"
                          SUBS_CONTENT="ibidemcualitas"/>
                  <HYP CONTENT="-"/>
               </TextLine>
               <TextLine ID="r2l24"
                         BASELINE="1159"
                         HEIGHT="63"
                         WIDTH="809"
                         VPOS="1096"
                         HPOS="1260">
                  <String HEIGHT="63"
                          WIDTH="187"
                          VPOS="1096"
                          HPOS="1244"
                          CONTENT="cualitas"
                          SUBS_TYPE="HypPart2"
                          SUBS_CONTENT="ibidemcualitas"/>
                  <SP HEIGHT="63" WIDTH="16" VPOS="1096" HPOS="1431"/>
                  <String HEIGHT="63"
                          WIDTH="233"
                          VPOS="1096"
                          HPOS="1384"
                          CONTENT="vniformiter"/>
                  <SP HEIGHT="63" WIDTH="16" VPOS="1096" HPOS="1618"/>
                  <String HEIGHT="63"
                          WIDTH="202"
                          VPOS="1096"
                          HPOS="1571"
                          CONTENT="difformis"/>
                  <SP HEIGHT="63" WIDTH="16" VPOS="1096" HPOS="1773"/>
                  <String HEIGHT="63"
                          WIDTH="109"
                          VPOS="1096"
                          HPOS="1727"
                          CONTENT="per"/>
                  <SP HEIGHT="63" WIDTH="16" VPOS="1096" HPOS="1836"/>
                  <String HEIGHT="63"
                          WIDTH="140"
                          VPOS="1096"
                          HPOS="1789"
                          CONTENT="solam"/>
                  <SP HEIGHT="63" WIDTH="16" VPOS="1096" HPOS="1929"/>
                  <String HEIGHT="63"
                          WIDTH="202"
                          VPOS="1096"
                          HPOS="1867"
                          CONTENT="condensatio"/>
               </TextLine>
               <TextLine ID="r2l25"
                         BASELINE="1205"
                         HEIGHT="45"
                         WIDTH="809"
                         VPOS="1160"
                         HPOS="1270">
                  <String HEIGHT="45"
                          WIDTH="99"
                          VPOS="1160"
                          HPOS="1256"
                          CONTENT="nem"/>
                  <SP HEIGHT="45" WIDTH="14" VPOS="1160" HPOS="1355"/>
                  <String HEIGHT="45"
                          WIDTH="185"
                          VPOS="1160"
                          HPOS="1313"
                          CONTENT="efficitur"/>
                  <SP HEIGHT="45" WIDTH="14" VPOS="1160" HPOS="1497"/>
                  <String HEIGHT="45"
                          WIDTH="213"
                          VPOS="1160"
                          HPOS="1455"
                          CONTENT="difformiter"/>
                  <SP HEIGHT="45" WIDTH="14" VPOS="1160" HPOS="1667"/>
                  <String HEIGHT="45"
                          WIDTH="199"
                          VPOS="1160"
                          HPOS="1625"
                          CONTENT="difformis."/>
                  <SP HEIGHT="45" WIDTH="14" VPOS="1160" HPOS="1824"/>
                  <String HEIGHT="45"
                          WIDTH="142"
                          VPOS="1160"
                          HPOS="1781"
                          CONTENT="ibidem"/>
                  <SP HEIGHT="45" WIDTH="14" VPOS="1160" HPOS="1923"/>
                  <String HEIGHT="45"
                          WIDTH="213"
                          VPOS="1160"
                          HPOS="1866"
                          CONTENT="consequenter."/>
               </TextLine>
               <TextLine ID="r2l26"
                         BASELINE="1243"
                         HEIGHT="52"
                         WIDTH="811"
                         VPOS="1191"
                         HPOS="1273">
                  <String HEIGHT="52"
                          WIDTH="187"
                          VPOS="1191"
                          HPOS="1257"
                          CONTENT="cualitas"/>
                  <SP HEIGHT="52" WIDTH="16" VPOS="1191" HPOS="1445"/>
                  <String HEIGHT="52"
                          WIDTH="234"
                          VPOS="1191"
                          HPOS="1398"
                          CONTENT="vniformiter"/>
                  <SP HEIGHT="52" WIDTH="16" VPOS="1191" HPOS="1632"/>
                  <String HEIGHT="52"
                          WIDTH="203"
                          VPOS="1191"
                          HPOS="1585"
                          CONTENT="difformis"/>
                  <SP HEIGHT="52" WIDTH="16" VPOS="1191" HPOS="1788"/>
                  <String HEIGHT="52"
                          WIDTH="140"
                          VPOS="1191"
                          HPOS="1741"
                          CONTENT="licet"/>
                  <SP HEIGHT="52" WIDTH="16" VPOS="1191" HPOS="1881"/>
                  <String HEIGHT="52"
                          WIDTH="140"
                          VPOS="1191"
                          HPOS="1834"
                          CONTENT="secum"/>
                  <SP HEIGHT="52" WIDTH="16" VPOS="1191" HPOS="1975"/>
                  <String HEIGHT="52"
                          WIDTH="172"
                          VPOS="1191"
                          HPOS="1912"
                          CONTENT="coextenda"/>
               </TextLine>
               <TextLine ID="r2l27"
                         BASELINE="1293"
                         HEIGHT="63"
                         WIDTH="826"
                         VPOS="1230"
                         HPOS="1264">
                  <String HEIGHT="63"
                          WIDTH="111"
                          VPOS="1230"
                          HPOS="1248"
                          CONTENT="tur"/>
                  <SP HEIGHT="63" WIDTH="16" VPOS="1230" HPOS="1359"/>
                  <String HEIGHT="63"
                          WIDTH="191"
                          VPOS="1230"
                          HPOS="1312"
                          CONTENT="qualitas"/>
                  <SP HEIGHT="63" WIDTH="16" VPOS="1230" HPOS="1502"/>
                  <String HEIGHT="63"
                          WIDTH="238"
                          VPOS="1230"
                          HPOS="1455"
                          CONTENT="vniformiter"/>
                  <SP HEIGHT="63" WIDTH="16" VPOS="1230" HPOS="1693"/>
                  <String HEIGHT="63"
                          WIDTH="207"
                          VPOS="1230"
                          HPOS="1645"
                          CONTENT="difformis"/>
                  <SP HEIGHT="63" WIDTH="16" VPOS="1230" HPOS="1852"/>
                  <String HEIGHT="63"
                          WIDTH="175"
                          VPOS="1230"
                          HPOS="1804"
                          CONTENT="temanet"/>
                  <SP HEIGHT="63" WIDTH="16" VPOS="1230" HPOS="1979"/>
                  <String HEIGHT="63"
                          WIDTH="175"
                          VPOS="1230"
                          HPOS="1915"
                          CONTENT="vniformi"
                          SUBS_TYPE="HypPart1"
                          SUBS_CONTENT="vniformiter"/>
                  <HYP CONTENT="-"/>
               </TextLine>
               <TextLine ID="r2l28"
                         BASELINE="1325"
                         HEIGHT="48"
                         WIDTH="469"
                         VPOS="1277"
                         HPOS="1257">
                  <String HEIGHT="48"
                          WIDTH="106"
                          VPOS="1277"
                          HPOS="1242"
                          CONTENT="ter"
                          SUBS_TYPE="HypPart2"
                          SUBS_CONTENT="vniformiter"/>
                  <SP HEIGHT="48" WIDTH="15" VPOS="1277" HPOS="1348"/>
                  <String HEIGHT="48"
                          WIDTH="212"
                          VPOS="1277"
                          HPOS="1302"
                          CONTENT="difformis."/>
                  <SP HEIGHT="48" WIDTH="15" VPOS="1277" HPOS="1514"/>
                  <String HEIGHT="48"
                          WIDTH="151"
                          VPOS="1277"
                          HPOS="1469"
                          CONTENT="ibidem"/>
                  <SP HEIGHT="48" WIDTH="15" VPOS="1277" HPOS="1620"/>
                  <String HEIGHT="48"
                          WIDTH="166"
                          VPOS="1277"
                          HPOS="1560"
                          CONTENT="continue."/>
               </TextLine>
               <TextLine ID="r2l29"
                         BASELINE="1362"
                         HEIGHT="69"
                         WIDTH="803"
                         VPOS="1293"
                         HPOS="1270">
                  <String HEIGHT="69"
                          WIDTH="166"
                          VPOS="1293"
                          HPOS="1256"
                          CONTENT="cualitas"/>
                  <SP HEIGHT="69" WIDTH="14" VPOS="1293" HPOS="1422"/>
                  <String HEIGHT="69"
                          WIDTH="180"
                          VPOS="1293"
                          HPOS="1381"
                          CONTENT="infinitae"/>
                  <SP HEIGHT="69" WIDTH="14" VPOS="1293" HPOS="1561"/>
                  <String HEIGHT="69"
                          WIDTH="208"
                          VPOS="1293"
                          HPOS="1519"
                          CONTENT="remissionis"/>
                  <SP HEIGHT="69" WIDTH="14" VPOS="1293" HPOS="1727"/>
                  <String HEIGHT="69"
                          WIDTH="138"
                          VPOS="1293"
                          HPOS="1685"
                          CONTENT="datur."/>
                  <SP HEIGHT="69" WIDTH="14" VPOS="1293" HPOS="1824"/>
                  <String HEIGHT="69"
                          WIDTH="97"
                          VPOS="1293"
                          HPOS="1782"
                          CONTENT="fo."/>
                  <SP HEIGHT="69" WIDTH="14" VPOS="1293" HPOS="1879"/>
                  <String HEIGHT="69"
                          WIDTH="138"
                          VPOS="1293"
                          HPOS="1838"
                          CONTENT="houti."/>
                  <SP HEIGHT="69" WIDTH="14" VPOS="1293" HPOS="1976"/>
                  <String HEIGHT="69"
                          WIDTH="111"
                          VPOS="1293"
                          HPOS="1935"
                          CONTENT="col."/>
                  <SP HEIGHT="69" WIDTH="14" VPOS="1293" HPOS="2045"/>
                  <String HEIGHT="69"
                          WIDTH="83"
                          VPOS="1293"
                          HPOS="1990"
                          CONTENT="iiii"/>
               </TextLine>
               <TextLine ID="r2l30"
                         BASELINE="1403"
                         HEIGHT="54"
                         WIDTH="184"
                         VPOS="1349"
                         HPOS="1263">
                  <String HEIGHT="54" WIDTH="92" VPOS="1349" HPOS="1248" CONTENT="in"/>
                  <SP HEIGHT="54" WIDTH="15" VPOS="1349" HPOS="1340"/>
                  <String HEIGHT="54"
                          WIDTH="169"
                          VPOS="1349"
                          HPOS="1278"
                          CONTENT="principio"/>
               </TextLine>
               <TextLine ID="r2l31"
                         BASELINE="1443"
                         HEIGHT="82"
                         WIDTH="803"
                         VPOS="1361"
                         HPOS="1275">
                  <String HEIGHT="82"
                          WIDTH="183"
                          VPOS="1361"
                          HPOS="1261"
                          CONTENT="cnualitas"/>
                  <SP HEIGHT="82" WIDTH="14" VPOS="1361" HPOS="1444"/>
                  <String HEIGHT="82"
                          WIDTH="169"
                          VPOS="1361"
                          HPOS="1402"
                          CONTENT="infinite"/>
                  <SP HEIGHT="82" WIDTH="14" VPOS="1361" HPOS="1571"/>
                  <String HEIGHT="82"
                          WIDTH="155"
                          VPOS="1361"
                          HPOS="1529"
                          CONTENT="intensa"/>
                  <SP HEIGHT="82" WIDTH="14" VPOS="1361" HPOS="1684"/>
                  <String HEIGHT="82"
                          WIDTH="197"
                          VPOS="1361"
                          HPOS="1641"
                          CONTENT="componitur"/>
                  <SP HEIGHT="82" WIDTH="14" VPOS="1361" HPOS="1839"/>
                  <String HEIGHT="82" WIDTH="85" VPOS="1361" HPOS="1796" CONTENT="ex"/>
                  <SP HEIGHT="82" WIDTH="14" VPOS="1361" HPOS="1881"/>
                  <String HEIGHT="82"
                          WIDTH="225"
                          VPOS="1361"
                          HPOS="1839"
                          CONTENT="qualitatibus"/>
                  <SP HEIGHT="82" WIDTH="14" VPOS="1361" HPOS="2064"/>
                  <String HEIGHT="82"
                          WIDTH="70"
                          VPOS="1361"
                          HPOS="2008"
                          CONTENT="qua"/>
               </TextLine>
               <TextLine ID="r2l32"
                         BASELINE="1483"
                         HEIGHT="54"
                         WIDTH="451"
                         VPOS="1429"
                         HPOS="1267">
                  <String HEIGHT="54"
                          WIDTH="102"
                          VPOS="1429"
                          HPOS="1252"
                          CONTENT="tum"/>
                  <SP HEIGHT="54" WIDTH="15" VPOS="1429" HPOS="1354"/>
                  <String HEIGHT="54"
                          WIDTH="131"
                          VPOS="1429"
                          HPOS="1311"
                          CONTENT="nulla"/>
                  <SP HEIGHT="54" WIDTH="15" VPOS="1429" HPOS="1442"/>
                  <String HEIGHT="54"
                          WIDTH="116"
                          VPOS="1429"
                          HPOS="1398"
                          CONTENT="est."/>
                  <SP HEIGHT="54" WIDTH="15" VPOS="1429" HPOS="1514"/>
                  <String HEIGHT="54"
                          WIDTH="175"
                          VPOS="1429"
                          HPOS="1471"
                          CONTENT="intensa."/>
                  <SP HEIGHT="54" WIDTH="15" VPOS="1429" HPOS="1645"/>
                  <String HEIGHT="54"
                          WIDTH="131"
                          VPOS="1429"
                          HPOS="1587"
                          CONTENT="ibidem."/>
               </TextLine>
               <TextLine ID="r2l33"
                         BASELINE="1524"
                         HEIGHT="56"
                         WIDTH="820"
                         VPOS="1468"
                         HPOS="1264">
                  <String HEIGHT="56"
                          WIDTH="161"
                          VPOS="1468"
                          HPOS="1249"
                          CONTENT="cuatuot"/>
                  <SP HEIGHT="56" WIDTH="15" VPOS="1468" HPOS="1410"/>
                  <String HEIGHT="56"
                          WIDTH="117"
                          VPOS="1468"
                          HPOS="1367"
                          CONTENT="sunt"/>
                  <SP HEIGHT="56" WIDTH="15" VPOS="1468" HPOS="1484"/>
                  <String HEIGHT="56"
                          WIDTH="205"
                          VPOS="1468"
                          HPOS="1440"
                          CONTENT="qualitates"/>
                  <SP HEIGHT="56" WIDTH="15" VPOS="1468" HPOS="1645"/>
                  <String HEIGHT="56"
                          WIDTH="146"
                          VPOS="1468"
                          HPOS="1601"
                          CONTENT="prima."/>
                  <SP HEIGHT="56" WIDTH="15" VPOS="1468" HPOS="1747"/>
                  <String HEIGHT="56" WIDTH="88" VPOS="1468" HPOS="1703" CONTENT="eo"/>
                  <SP HEIGHT="56" WIDTH="15" VPOS="1468" HPOS="1791"/>
                  <String HEIGHT="56"
                          WIDTH="132"
                          VPOS="1468"
                          HPOS="1747"
                          CONTENT="earum"/>
                  <SP HEIGHT="56" WIDTH="15" VPOS="1468" HPOS="1879"/>
                  <String HEIGHT="56"
                          WIDTH="132"
                          VPOS="1468"
                          HPOS="1835"
                          CONTENT="inter"/>
                  <SP HEIGHT="56" WIDTH="15" VPOS="1468" HPOS="1967"/>
                  <String HEIGHT="56" WIDTH="88" VPOS="1468" HPOS="1923" CONTENT="se"/>
                  <SP HEIGHT="56" WIDTH="15" VPOS="1468" HPOS="2011"/>
                  <String HEIGHT="56"
                          WIDTH="132"
                          VPOS="1468"
                          HPOS="1952"
                          CONTENT="compara"/>
               </TextLine>
               <TextLine ID="r2l34"
                         BASELINE="1569"
                         HEIGHT="57"
                         WIDTH="808"
                         VPOS="1512"
                         HPOS="1273">
                  <String HEIGHT="57"
                          WIDTH="108"
                          VPOS="1512"
                          HPOS="1260"
                          CONTENT="tio:"/>
                  <SP HEIGHT="57" WIDTH="13" VPOS="1512" HPOS="1367"/>
                  <String HEIGHT="57"
                          WIDTH="162"
                          VPOS="1512"
                          HPOS="1327"
                          CONTENT="tetutato"/>
                  <SP HEIGHT="57" WIDTH="13" VPOS="1512" HPOS="1488"/>
                  <String HEIGHT="57"
                          WIDTH="175"
                          VPOS="1512"
                          HPOS="1448"
                          CONTENT="Cautentii"/>
                  <SP HEIGHT="57" WIDTH="13" VPOS="1512" HPOS="1623"/>
                  <String HEIGHT="57"
                          WIDTH="148"
                          VPOS="1512"
                          HPOS="1583"
                          CONTENT="vallem."/>
                  <SP HEIGHT="57" WIDTH="13" VPOS="1512" HPOS="1731"/>
                  <String HEIGHT="57"
                          WIDTH="135"
                          VPOS="1512"
                          HPOS="1690"
                          CONTENT="ertote"/>
                  <SP HEIGHT="57" WIDTH="13" VPOS="1512" HPOS="1825"/>
                  <String HEIGHT="57"
                          WIDTH="108"
                          VPOS="1512"
                          HPOS="1785"
                          CONTENT="quae"/>
                  <SP HEIGHT="57" WIDTH="13" VPOS="1512" HPOS="1892"/>
                  <String HEIGHT="57"
                          WIDTH="121"
                          VPOS="1512"
                          HPOS="1852"
                          CONTENT="dicit"/>
                  <SP HEIGHT="57" WIDTH="13" VPOS="1512" HPOS="1973"/>
                  <String HEIGHT="57"
                          WIDTH="162"
                          VPOS="1512"
                          HPOS="1919"
                          CONTENT="siccitater"/>
               </TextLine>
               <TextLine ID="r2l35"
                         BASELINE="1605"
                         HEIGHT="51"
                         WIDTH="772"
                         VPOS="1554"
                         HPOS="1270">
                  <String HEIGHT="51"
                          WIDTH="108"
                          VPOS="1554"
                          HPOS="1256"
                          CONTENT="esse"/>
                  <SP HEIGHT="51" WIDTH="14" VPOS="1554" HPOS="1365"/>
                  <String HEIGHT="51"
                          WIDTH="203"
                          VPOS="1554"
                          HPOS="1324"
                          CONTENT="priuationem"/>
                  <SP HEIGHT="51" WIDTH="14" VPOS="1554" HPOS="1527"/>
                  <String HEIGHT="51"
                          WIDTH="95"
                          VPOS="1554"
                          HPOS="1487"
                          CONTENT="non"/>
                  <SP HEIGHT="51" WIDTH="14" VPOS="1554" HPOS="1582"/>
                  <String HEIGHT="51"
                          WIDTH="190"
                          VPOS="1554"
                          HPOS="1541"
                          CONTENT="qualitatem"/>
                  <SP HEIGHT="51" WIDTH="14" VPOS="1554" HPOS="1730"/>
                  <String HEIGHT="51"
                          WIDTH="190"
                          VPOS="1554"
                          HPOS="1690"
                          CONTENT="positivam."/>
                  <SP HEIGHT="51" WIDTH="14" VPOS="1554" HPOS="1879"/>
                  <String HEIGHT="51"
                          WIDTH="95"
                          VPOS="1554"
                          HPOS="1839"
                          CONTENT="to."/>
                  <SP HEIGHT="51" WIDTH="14" VPOS="1554" HPOS="1934"/>
                  <String HEIGHT="51"
                          WIDTH="108"
                          VPOS="1554"
                          HPOS="1893"
                          CONTENT="sii."/>
                  <SP HEIGHT="51" WIDTH="14" VPOS="1554" HPOS="2001"/>
                  <String HEIGHT="51"
                          WIDTH="95"
                          VPOS="1554"
                          HPOS="1947"
                          CONTENT="coli."/>
               </TextLine>
               <TextLine ID="r2l36"
                         BASELINE="1656"
                         HEIGHT="63"
                         WIDTH="809"
                         VPOS="1593"
                         HPOS="1275">
                  <String HEIGHT="63"
                          WIDTH="173"
                          VPOS="1593"
                          HPOS="1261"
                          CONTENT="ctuatuot"/>
                  <SP HEIGHT="63" WIDTH="14" VPOS="1593" HPOS="1434"/>
                  <String HEIGHT="63"
                          WIDTH="202"
                          VPOS="1593"
                          HPOS="1391"
                          CONTENT="positionem"/>
                  <SP HEIGHT="63" WIDTH="14" VPOS="1593" HPOS="1593"/>
                  <String HEIGHT="63" WIDTH="87" VPOS="1593" HPOS="1549" CONTENT="de"/>
                  <SP HEIGHT="63" WIDTH="14" VPOS="1593" HPOS="1636"/>
                  <String HEIGHT="63"
                          WIDTH="202"
                          VPOS="1593"
                          HPOS="1593"
                          CONTENT="intensione"/>
                  <SP HEIGHT="63" WIDTH="14" VPOS="1593" HPOS="1795"/>
                  <String HEIGHT="63"
                          WIDTH="144"
                          VPOS="1593"
                          HPOS="1752"
                          CONTENT="formae"/>
                  <SP HEIGHT="63" WIDTH="14" VPOS="1593" HPOS="1896"/>
                  <String HEIGHT="63"
                          WIDTH="217"
                          VPOS="1593"
                          HPOS="1853"
                          CONTENT="tecitantur."/>
                  <SP HEIGHT="63" WIDTH="14" VPOS="1593" HPOS="2070"/>
                  <String HEIGHT="63"
                          WIDTH="72"
                          VPOS="1593"
                          HPOS="2012"
                          CONTENT="fo"
                          SUBS_TYPE="HypPart1"
                          SUBS_CONTENT="folio."/>
                  <HYP CONTENT="-"/>
               </TextLine>
               <TextLine ID="r2l37"
                         BASELINE="1692"
                         HEIGHT="65"
                         WIDTH="216"
                         VPOS="1627"
                         HPOS="1266">
                  <String HEIGHT="65"
                          WIDTH="96"
                          VPOS="1627"
                          HPOS="1254"
                          CONTENT="lio."
                          SUBS_TYPE="HypPart2"
                          SUBS_CONTENT="folio."/>
                  <SP HEIGHT="65" WIDTH="12" VPOS="1627" HPOS="1350"/>
                  <String HEIGHT="65"
                          WIDTH="108"
                          VPOS="1627"
                          HPOS="1314"
                          CONTENT="hxvi."/>
                  <SP HEIGHT="65" WIDTH="12" VPOS="1627" HPOS="1422"/>
                  <String HEIGHT="65"
                          WIDTH="84"
                          VPOS="1627"
                          HPOS="1386"
                          CONTENT="col"/>
                  <SP HEIGHT="65" WIDTH="12" VPOS="1627" HPOS="1470"/>
                  <String HEIGHT="65"
                          WIDTH="60"
                          VPOS="1627"
                          HPOS="1422"
                          CONTENT="iii"/>
               </TextLine>
               <TextLine ID="r2l38"
                         BASELINE="1723"
                         HEIGHT="62"
                         WIDTH="47"
                         VPOS="1661"
                         HPOS="1672">
                  <String HEIGHT="62"
                          WIDTH="78"
                          VPOS="1661"
                          HPOS="1641"
                          CONTENT="pe."/>
               </TextLine>
               <TextLine ID="r2l39"
                         BASELINE="1777"
                         HEIGHT="92"
                         WIDTH="713"
                         VPOS="1685"
                         HPOS="1374">
                  <String HEIGHT="92"
                          WIDTH="131"
                          VPOS="1685"
                          HPOS="1359"
                          CONTENT="xxetu"/>
                  <SP HEIGHT="92" WIDTH="15" VPOS="1685" HPOS="1490"/>
                  <String HEIGHT="92"
                          WIDTH="146"
                          VPOS="1685"
                          HPOS="1447"
                          CONTENT="psitio"/>
                  <SP HEIGHT="92" WIDTH="15" VPOS="1685" HPOS="1592"/>
                  <String HEIGHT="92"
                          WIDTH="233"
                          VPOS="1685"
                          HPOS="1549"
                          CONTENT="attributalis"/>
                  <SP HEIGHT="92" WIDTH="15" VPOS="1685" HPOS="1781"/>
                  <String HEIGHT="92"
                          WIDTH="160"
                          VPOS="1685"
                          HPOS="1738"
                          CONTENT="quomodo"/>
                  <SP HEIGHT="92" WIDTH="15" VPOS="1685" HPOS="1898"/>
                  <String HEIGHT="92"
                          WIDTH="218"
                          VPOS="1685"
                          HPOS="1854"
                          CONTENT="desiniatur."/>
                  <SP HEIGHT="92" WIDTH="15" VPOS="1685" HPOS="2072"/>
                  <String HEIGHT="92"
                          WIDTH="73"
                          VPOS="1685"
                          HPOS="2014"
                          CONTENT="for"/>
               </TextLine>
               <TextLine ID="r2l40"
                         BASELINE="1818"
                         HEIGHT="83"
                         WIDTH="356"
                         VPOS="1735"
                         HPOS="1278">
                  <String HEIGHT="83" WIDTH="76" VPOS="1735" HPOS="1265" CONTENT="si"/>
                  <SP HEIGHT="83" WIDTH="13" VPOS="1735" HPOS="1342"/>
                  <String HEIGHT="83"
                          WIDTH="127"
                          VPOS="1735"
                          HPOS="1303"
                          CONTENT="secuod"/>
                  <SP HEIGHT="83" WIDTH="13" VPOS="1735" HPOS="1431"/>
                  <String HEIGHT="83"
                          WIDTH="140"
                          VPOS="1735"
                          HPOS="1392"
                          CONTENT="prosio."/>
                  <SP HEIGHT="83" WIDTH="13" VPOS="1735" HPOS="1532"/>
                  <String HEIGHT="83"
                          WIDTH="102"
                          VPOS="1735"
                          HPOS="1494"
                          CONTENT="iui."/>
                  <SP HEIGHT="83" WIDTH="13" VPOS="1735" HPOS="1596"/>
                  <String HEIGHT="83"
                          WIDTH="89"
                          VPOS="1735"
                          HPOS="1545"
                          CONTENT="coii"
                          SUBS_TYPE="HypPart1"
                          SUBS_CONTENT="coiiprationes"/>
                  <HYP CONTENT="-"/>
               </TextLine>
               <TextLine ID="r2l41"
                         BASELINE="1846"
                         HEIGHT="73"
                         WIDTH="641"
                         VPOS="1773"
                         HPOS="1435">
                  <String HEIGHT="73"
                          WIDTH="177"
                          VPOS="1773"
                          HPOS="1421"
                          CONTENT="prationes"
                          SUBS_TYPE="HypPart2"
                          SUBS_CONTENT="coiiprationes"/>
                  <SP HEIGHT="73" WIDTH="14" VPOS="1773" HPOS="1599"/>
                  <String HEIGHT="73"
                          WIDTH="218"
                          VPOS="1773"
                          HPOS="1558"
                          CONTENT="itisiotelis."/>
                  <SP HEIGHT="73" WIDTH="14" VPOS="1773" HPOS="1776"/>
                  <String HEIGHT="73"
                          WIDTH="123"
                          VPOS="1773"
                          HPOS="1735"
                          CONTENT="viii."/>
                  <SP HEIGHT="73" WIDTH="14" VPOS="1773" HPOS="1858"/>
                  <String HEIGHT="73"
                          WIDTH="191"
                          VPOS="1773"
                          HPOS="1817"
                          CONTENT="physicotum"/>
                  <SP HEIGHT="73" WIDTH="14" VPOS="1773" HPOS="2008"/>
                  <String HEIGHT="73"
                          WIDTH="95"
                          VPOS="1773"
                          HPOS="1967"
                          CONTENT="non"/>
                  <SP HEIGHT="73" WIDTH="14" VPOS="1773" HPOS="2062"/>
                  <String HEIGHT="73"
                          WIDTH="68"
                          VPOS="1773"
                          HPOS="2008"
                          CONTENT="pro"/>
               </TextLine>
               <TextLine ID="r2l42"
                         BASELINE="1889"
                         HEIGHT="90"
                         WIDTH="814"
                         VPOS="1799"
                         HPOS="1270">
                  <String HEIGHT="90" WIDTH="81" VPOS="1799" HPOS="1254" CONTENT="⁋"/>
                  <SP HEIGHT="90" WIDTH="16" VPOS="1799" HPOS="1335"/>
                  <String HEIGHT="90" WIDTH="81" VPOS="1799" HPOS="1286" CONTENT="V"/>
                  <SP HEIGHT="90" WIDTH="16" VPOS="1799" HPOS="1368"/>
                  <String HEIGHT="90"
                          WIDTH="147"
                          VPOS="1799"
                          HPOS="1319"
                          CONTENT="Ubant"/>
                  <SP HEIGHT="90" WIDTH="16" VPOS="1799" HPOS="1465"/>
                  <String HEIGHT="90"
                          WIDTH="130"
                          VPOS="1799"
                          HPOS="1417"
                          CONTENT="deum"/>
                  <SP HEIGHT="90" WIDTH="16" VPOS="1799" HPOS="1547"/>
                  <String HEIGHT="90"
                          WIDTH="130"
                          VPOS="1799"
                          HPOS="1498"
                          CONTENT="esse"/>
                  <SP HEIGHT="90" WIDTH="16" VPOS="1799" HPOS="1628"/>
                  <String HEIGHT="90"
                          WIDTH="277"
                          VPOS="1799"
                          HPOS="1579"
                          CONTENT="impartibilem."/>
                  <SP HEIGHT="90" WIDTH="16" VPOS="1799" HPOS="1856"/>
                  <String HEIGHT="90" WIDTH="98" VPOS="1799" HPOS="1807" CONTENT="to"/>
                  <SP HEIGHT="90" WIDTH="16" VPOS="1799" HPOS="1905"/>
                  <String HEIGHT="90"
                          WIDTH="147"
                          VPOS="1799"
                          HPOS="1856"
                          CONTENT="Aiii."/>
                  <SP HEIGHT="90" WIDTH="16" VPOS="1799" HPOS="2003"/>
                  <String HEIGHT="90"
                          WIDTH="114"
                          VPOS="1799"
                          HPOS="1954"
                          CONTENT="col"/>
                  <SP HEIGHT="90" WIDTH="16" VPOS="1799" HPOS="2068"/>
                  <String HEIGHT="90"
                          WIDTH="81"
                          VPOS="1799"
                          HPOS="2003"
                          CONTENT="ii."/>
               </TextLine>
               <TextLine ID="r2l43"
                         BASELINE="1923"
                         HEIGHT="49"
                         WIDTH="160"
                         VPOS="1874"
                         HPOS="1273">
                  <String HEIGHT="49" WIDTH="87" VPOS="1874" HPOS="1258" CONTENT="on"/>
                  <SP HEIGHT="49" WIDTH="15" VPOS="1874" HPOS="1346"/>
                  <String HEIGHT="49"
                          WIDTH="145"
                          VPOS="1874"
                          HPOS="1288"
                          CONTENT="sequenti"/>
               </TextLine>
               <TextLine ID="r2l44"
                         BASELINE="1970"
                         HEIGHT="88"
                         WIDTH="814"
                         VPOS="1882"
                         HPOS="1266">
                  <String HEIGHT="88"
                          WIDTH="131"
                          VPOS="1882"
                          HPOS="1251"
                          CONTENT="tatio"/>
                  <SP HEIGHT="88" WIDTH="15" VPOS="1882" HPOS="1382"/>
                  <String HEIGHT="88"
                          WIDTH="131"
                          VPOS="1882"
                          HPOS="1339"
                          CONTENT="primi"/>
                  <SP HEIGHT="88" WIDTH="15" VPOS="1882" HPOS="1470"/>
                  <String HEIGHT="88"
                          WIDTH="174"
                          VPOS="1882"
                          HPOS="1426"
                          CONTENT="subiecti"/>
                  <SP HEIGHT="88" WIDTH="15" VPOS="1882" HPOS="1600"/>
                  <String HEIGHT="88"
                          WIDTH="102"
                          VPOS="1882"
                          HPOS="1557"
                          CONTENT="est"/>
                  <SP HEIGHT="88" WIDTH="15" VPOS="1882" HPOS="1658"/>
                  <String HEIGHT="88"
                          WIDTH="189"
                          VPOS="1882"
                          HPOS="1615"
                          CONTENT="continere"/>
                  <SP HEIGHT="88" WIDTH="15" VPOS="1882" HPOS="1804"/>
                  <String HEIGHT="88"
                          WIDTH="218"
                          VPOS="1882"
                          HPOS="1760"
                          CONTENT="virtualiter"/>
                  <SP HEIGHT="88" WIDTH="15" VPOS="1882" HPOS="1978"/>
                  <String HEIGHT="88"
                          WIDTH="131"
                          VPOS="1882"
                          HPOS="1935"
                          CONTENT="omnes"/>
                  <SP HEIGHT="88" WIDTH="15" VPOS="1882" HPOS="2065"/>
                  <String HEIGHT="88"
                          WIDTH="73"
                          VPOS="1882"
                          HPOS="2007"
                          CONTENT="ve"
                          SUBS_TYPE="HypPart1"
                          SUBS_CONTENT="veritates"/>
                  <HYP CONTENT="-"/>
               </TextLine>
               <TextLine ID="r2l45"
                         BASELINE="2004"
                         HEIGHT="50"
                         WIDTH="532"
                         VPOS="1954"
                         HPOS="1279">
                  <String HEIGHT="50"
                          WIDTH="146"
                          VPOS="1954"
                          HPOS="1266"
                          CONTENT="ritates"
                          SUBS_TYPE="HypPart2"
                          SUBS_CONTENT="veritates"/>
                  <SP HEIGHT="50" WIDTH="13" VPOS="1954" HPOS="1412"/>
                  <String HEIGHT="50"
                          WIDTH="133"
                          VPOS="1954"
                          HPOS="1372"
                          CONTENT="illius"/>
                  <SP HEIGHT="50" WIDTH="13" VPOS="1954" HPOS="1505"/>
                  <String HEIGHT="50"
                          WIDTH="160"
                          VPOS="1954"
                          HPOS="1465"
                          CONTENT="habitus."/>
                  <SP HEIGHT="50" WIDTH="13" VPOS="1954" HPOS="1625"/>
                  <String HEIGHT="50"
                          WIDTH="93"
                          VPOS="1954"
                          HPOS="1585"
                          CONTENT="fo."/>
                  <SP HEIGHT="50" WIDTH="13" VPOS="1954" HPOS="1678"/>
                  <String HEIGHT="50"
                          WIDTH="106"
                          VPOS="1954"
                          HPOS="1638"
                          CONTENT="xvi."/>
                  <SP HEIGHT="50" WIDTH="13" VPOS="1954" HPOS="1745"/>
                  <String HEIGHT="50"
                          WIDTH="120"
                          VPOS="1954"
                          HPOS="1691"
                          CONTENT="coliiii"/>
               </TextLine>
               <TextLine ID="r2l46"
                         BASELINE="2053"
                         HEIGHT="84"
                         WIDTH="810"
                         VPOS="1969"
                         HPOS="1279">
                  <String HEIGHT="84"
                          WIDTH="180"
                          VPOS="1969"
                          HPOS="1264"
                          CONTENT="Eteactio"/>
                  <SP HEIGHT="84" WIDTH="15" VPOS="1969" HPOS="1444"/>
                  <String HEIGHT="84"
                          WIDTH="105"
                          VPOS="1969"
                          HPOS="1399"
                          CONTENT="est"/>
                  <SP HEIGHT="84" WIDTH="15" VPOS="1969" HPOS="1504"/>
                  <String HEIGHT="84"
                          WIDTH="210"
                          VPOS="1969"
                          HPOS="1459"
                          CONTENT="possibilis"/>
                  <SP HEIGHT="84" WIDTH="15" VPOS="1969" HPOS="1669"/>
                  <String HEIGHT="84"
                          WIDTH="180"
                          VPOS="1969"
                          HPOS="1624"
                          CONTENT="secundum"/>
                  <SP HEIGHT="84" WIDTH="15" VPOS="1969" HPOS="1804"/>
                  <String HEIGHT="84"
                          WIDTH="150"
                          VPOS="1969"
                          HPOS="1759"
                          CONTENT="eandem"/>
                  <SP HEIGHT="84" WIDTH="15" VPOS="1969" HPOS="1909"/>
                  <String HEIGHT="84"
                          WIDTH="225"
                          VPOS="1969"
                          HPOS="1864"
                          CONTENT="qualitatem."/>
                  <SP HEIGHT="84" WIDTH="15" VPOS="1969" HPOS="2089"/>
                  <String HEIGHT="84" WIDTH="60" VPOS="1969" HPOS="2029" CONTENT="fo"/>
               </TextLine>
               <TextLine ID="r2l47"
                         BASELINE="2080"
                         HEIGHT="52"
                         WIDTH="277"
                         VPOS="2028"
                         HPOS="1268">
                  <String HEIGHT="52"
                          WIDTH="111"
                          VPOS="2028"
                          HPOS="1254"
                          CONTENT="lio."/>
                  <SP HEIGHT="52" WIDTH="14" VPOS="2028" HPOS="1365"/>
                  <String HEIGHT="52"
                          WIDTH="97"
                          VPOS="2028"
                          HPOS="1323"
                          CONTENT="lx."/>
                  <SP HEIGHT="52" WIDTH="14" VPOS="2028" HPOS="1420"/>
                  <String HEIGHT="52"
                          WIDTH="111"
                          VPOS="2028"
                          HPOS="1379"
                          CONTENT="col."/>
                  <SP HEIGHT="52" WIDTH="14" VPOS="2028" HPOS="1490"/>
                  <String HEIGHT="52"
                          WIDTH="111"
                          VPOS="2028"
                          HPOS="1434"
                          CONTENT="quarta"/>
               </TextLine>
               <TextLine ID="r2l48"
                         BASELINE="2135"
                         HEIGHT="88"
                         WIDTH="805"
                         VPOS="2047"
                         HPOS="1272">
                  <String HEIGHT="88"
                          WIDTH="177"
                          VPOS="2047"
                          HPOS="1256"
                          CONTENT="eductio"/>
                  <SP HEIGHT="88" WIDTH="16" VPOS="2047" HPOS="1433"/>
                  <String HEIGHT="88"
                          WIDTH="209"
                          VPOS="2047"
                          HPOS="1385"
                          CONTENT="quaelibet"/>
                  <SP HEIGHT="88" WIDTH="16" VPOS="2047" HPOS="1594"/>
                  <String HEIGHT="88" WIDTH="97" VPOS="2047" HPOS="1546" CONTENT="ad"/>
                  <SP HEIGHT="88" WIDTH="16" VPOS="2047" HPOS="1642"/>
                  <String HEIGHT="88"
                          WIDTH="274"
                          VPOS="2047"
                          HPOS="1594"
                          CONTENT="vniformitatem"/>
                  <SP HEIGHT="88" WIDTH="16" VPOS="2047" HPOS="1868"/>
                  <String HEIGHT="88"
                          WIDTH="113"
                          VPOS="2047"
                          HPOS="1819"
                          CONTENT="non"/>
                  <SP HEIGHT="88" WIDTH="16" VPOS="2047" HPOS="1932"/>
                  <String HEIGHT="88"
                          WIDTH="193"
                          VPOS="2047"
                          HPOS="1884"
                          CONTENT="sufficit"/>
                  <SP HEIGHT="88" WIDTH="16" VPOS="2047" HPOS="2077"/>
                  <String HEIGHT="88" WIDTH="64" VPOS="2047" HPOS="2013" CONTENT="de"/>
               </TextLine>
               <TextLine ID="r2l49"
                         BASELINE="2155"
                         HEIGHT="43"
                         WIDTH="740"
                         VPOS="2112"
                         HPOS="1266">
                  <String HEIGHT="43"
                          WIDTH="193"
                          VPOS="2112"
                          HPOS="1250"
                          CONTENT="nominate"/>
                  <SP HEIGHT="43" WIDTH="16" VPOS="2112" HPOS="1443"/>
                  <String HEIGHT="43"
                          WIDTH="225"
                          VPOS="2112"
                          HPOS="1395"
                          CONTENT="qualitatem"/>
                  <SP HEIGHT="43" WIDTH="16" VPOS="2112" HPOS="1620"/>
                  <String HEIGHT="43"
                          WIDTH="225"
                          VPOS="2112"
                          HPOS="1572"
                          CONTENT="difformem."/>
                  <SP HEIGHT="43" WIDTH="16" VPOS="2112" HPOS="1797"/>
                  <String HEIGHT="43"
                          WIDTH="113"
                          VPOS="2112"
                          HPOS="1749"
                          CONTENT="fo."/>
                  <SP HEIGHT="43" WIDTH="16" VPOS="2112" HPOS="1861"/>
                  <String HEIGHT="43"
                          WIDTH="145"
                          VPOS="2112"
                          HPOS="1813"
                          CONTENT="hoii."/>
                  <SP HEIGHT="43" WIDTH="16" VPOS="2112" HPOS="1958"/>
                  <String HEIGHT="43"
                          WIDTH="113"
                          VPOS="2112"
                          HPOS="1893"
                          CONTENT="coli."/>
               </TextLine>
               <TextLine ID="r2l50"
                         BASELINE="2219"
                         HEIGHT="85"
                         WIDTH="809"
                         VPOS="2134"
                         HPOS="1270">
                  <String HEIGHT="85"
                          WIDTH="189"
                          VPOS="2134"
                          HPOS="1257"
                          CONTENT="trteflegio"/>
                  <SP HEIGHT="85" WIDTH="13" VPOS="2134" HPOS="1445"/>
                  <String HEIGHT="85"
                          WIDTH="121"
                          VPOS="2134"
                          HPOS="1405"
                          CONTENT="facit"/>
                  <SP HEIGHT="85" WIDTH="13" VPOS="2134" HPOS="1526"/>
                  <String HEIGHT="85"
                          WIDTH="121"
                          VPOS="2134"
                          HPOS="1486"
                          CONTENT="lumen"/>
                  <SP HEIGHT="85" WIDTH="13" VPOS="2134" HPOS="1607"/>
                  <String HEIGHT="85"
                          WIDTH="175"
                          VPOS="2134"
                          HPOS="1567"
                          CONTENT="intensium"/>
                  <SP HEIGHT="85" WIDTH="13" VPOS="2134" HPOS="1742"/>
                  <String HEIGHT="85" WIDTH="81" VPOS="2134" HPOS="1701" CONTENT="in"/>
                  <SP HEIGHT="85" WIDTH="13" VPOS="2134" HPOS="1782"/>
                  <String HEIGHT="85"
                          WIDTH="162"
                          VPOS="2134"
                          HPOS="1742"
                          CONTENT="partibus"/>
                  <SP HEIGHT="85" WIDTH="13" VPOS="2134" HPOS="1904"/>
                  <String HEIGHT="85"
                          WIDTH="148"
                          VPOS="2134"
                          HPOS="1863"
                          CONTENT="temotis"/>
                  <SP HEIGHT="85" WIDTH="13" VPOS="2134" HPOS="2012"/>
                  <String HEIGHT="85"
                          WIDTH="94"
                          VPOS="2134"
                          HPOS="1971"
                          CONTENT="qua"/>
                  <SP HEIGHT="85" WIDTH="13" VPOS="2134" HPOS="2066"/>
                  <String HEIGHT="85"
                          WIDTH="67"
                          VPOS="2134"
                          HPOS="2012"
                          CONTENT="pro"/>
               </TextLine>
               <TextLine ID="r2l51"
                         BASELINE="2242"
                         HEIGHT="52"
                         WIDTH="334"
                         VPOS="2190"
                         HPOS="1285">
                  <String HEIGHT="52"
                          WIDTH="148"
                          VPOS="2190"
                          HPOS="1273"
                          CONTENT="pinquis."/>
                  <SP HEIGHT="52" WIDTH="12" VPOS="2190" HPOS="1421"/>
                  <String HEIGHT="52"
                          WIDTH="87"
                          VPOS="2190"
                          HPOS="1384"
                          CONTENT="fo."/>
                  <SP HEIGHT="52" WIDTH="12" VPOS="2190" HPOS="1471"/>
                  <String HEIGHT="52"
                          WIDTH="111"
                          VPOS="2190"
                          HPOS="1433"
                          CONTENT="liii."/>
                  <SP HEIGHT="52" WIDTH="12" VPOS="2190" HPOS="1545"/>
                  <String HEIGHT="52"
                          WIDTH="87"
                          VPOS="2190"
                          HPOS="1508"
                          CONTENT="col"/>
                  <SP HEIGHT="52" WIDTH="12" VPOS="2190" HPOS="1594"/>
                  <String HEIGHT="52"
                          WIDTH="74"
                          VPOS="2190"
                          HPOS="1545"
                          CONTENT="iii."/>
               </TextLine>
               <TextLine ID="r2l52"
                         BASELINE="2286"
                         HEIGHT="74"
                         WIDTH="806"
                         VPOS="2212"
                         HPOS="1279">
                  <String HEIGHT="74"
                          WIDTH="154"
                          VPOS="2212"
                          HPOS="1266"
                          CONTENT="Tellexio"/>
                  <SP HEIGHT="74" WIDTH="13" VPOS="2212" HPOS="1420"/>
                  <String HEIGHT="74"
                          WIDTH="128"
                          VPOS="2212"
                          HPOS="1381"
                          CONTENT="vatiis"/>
                  <SP HEIGHT="74" WIDTH="13" VPOS="2212" HPOS="1509"/>
                  <String HEIGHT="74"
                          WIDTH="115"
                          VPOS="2212"
                          HPOS="1471"
                          CONTENT="modis"/>
                  <SP HEIGHT="74" WIDTH="13" VPOS="2212" HPOS="1586"/>
                  <String HEIGHT="74"
                          WIDTH="166"
                          VPOS="2212"
                          HPOS="1548"
                          CONTENT="causatur:"/>
                  <SP HEIGHT="74" WIDTH="13" VPOS="2212" HPOS="1714"/>
                  <String HEIGHT="74"
                          WIDTH="90"
                          VPOS="2212"
                          HPOS="1676"
                          CONTENT="seu"/>
                  <SP HEIGHT="74" WIDTH="13" VPOS="2212" HPOS="1765"/>
                  <String HEIGHT="74"
                          WIDTH="179"
                          VPOS="2212"
                          HPOS="1727"
                          CONTENT="efficitur."/>
                  <SP HEIGHT="74" WIDTH="13" VPOS="2212" HPOS="1906"/>
                  <String HEIGHT="74"
                          WIDTH="90"
                          VPOS="2212"
                          HPOS="1868"
                          CONTENT="fo."/>
                  <SP HEIGHT="74" WIDTH="13" VPOS="2212" HPOS="1957"/>
                  <String HEIGHT="74"
                          WIDTH="90"
                          VPOS="2212"
                          HPOS="1919"
                          CONTENT="vi."/>
                  <SP HEIGHT="74" WIDTH="13" VPOS="2212" HPOS="2008"/>
                  <String HEIGHT="74"
                          WIDTH="102"
                          VPOS="2212"
                          HPOS="1970"
                          CONTENT="col."/>
                  <SP HEIGHT="74" WIDTH="13" VPOS="2212" HPOS="2072"/>
                  <String HEIGHT="74"
                          WIDTH="64"
                          VPOS="2212"
                          HPOS="2021"
                          CONTENT="ii."/>
               </TextLine>
               <TextLine ID="r2l53"
                         BASELINE="2335"
                         HEIGHT="64"
                         WIDTH="818"
                         VPOS="2271"
                         HPOS="1272">
                  <String HEIGHT="64"
                          WIDTH="160"
                          VPOS="2271"
                          HPOS="1256"
                          CONTENT="pegula"/>
                  <SP HEIGHT="64" WIDTH="16" VPOS="2271" HPOS="1416"/>
                  <String HEIGHT="64"
                          WIDTH="289"
                          VPOS="2271"
                          HPOS="1368"
                          CONTENT="restricntionum"/>
                  <SP HEIGHT="64" WIDTH="16" VPOS="2271" HPOS="1657"/>
                  <String HEIGHT="64"
                          WIDTH="112"
                          VPOS="2271"
                          HPOS="1609"
                          CONTENT="non"/>
                  <SP HEIGHT="64" WIDTH="16" VPOS="2271" HPOS="1721"/>
                  <String HEIGHT="64"
                          WIDTH="144"
                          VPOS="2271"
                          HPOS="1673"
                          CONTENT="tenet"/>
                  <SP HEIGHT="64" WIDTH="16" VPOS="2271" HPOS="1817"/>
                  <String HEIGHT="64" WIDTH="96" VPOS="2271" HPOS="1769" CONTENT="on"/>
                  <SP HEIGHT="64" WIDTH="16" VPOS="2271" HPOS="1865"/>
                  <String HEIGHT="64"
                          WIDTH="112"
                          VPOS="2271"
                          HPOS="1817"
                          CONTENT="mon"/>
                  <SP HEIGHT="64" WIDTH="16" VPOS="2271" HPOS="1930"/>
                  <String HEIGHT="64"
                          WIDTH="160"
                          VPOS="2271"
                          HPOS="1881"
                          CONTENT="hiabet"/>
                  <SP HEIGHT="64" WIDTH="16" VPOS="2271" HPOS="2042"/>
                  <String HEIGHT="64"
                          WIDTH="112"
                          VPOS="2271"
                          HPOS="1978"
                          CONTENT="verum"/>
               </TextLine>
               <TextLine ID="r2l54"
                         BASELINE="2366"
                         HEIGHT="58"
                         WIDTH="530"
                         VPOS="2308"
                         HPOS="1275">
                  <String HEIGHT="58" WIDTH="80" VPOS="2308" HPOS="1262" CONTENT="in"/>
                  <SP HEIGHT="58" WIDTH="13" VPOS="2308" HPOS="1341"/>
                  <String HEIGHT="58"
                          WIDTH="159"
                          VPOS="2308"
                          HPOS="1302"
                          CONTENT="diuinis."/>
                  <SP HEIGHT="58" WIDTH="13" VPOS="2308" HPOS="1461"/>
                  <String HEIGHT="58"
                          WIDTH="93"
                          VPOS="2308"
                          HPOS="1421"
                          CONTENT="fo."/>
                  <SP HEIGHT="58" WIDTH="13" VPOS="2308" HPOS="1514"/>
                  <String HEIGHT="58" WIDTH="66" VPOS="2308" HPOS="1474" CONTENT="l"/>
                  <SP HEIGHT="58" WIDTH="13" VPOS="2308" HPOS="1540"/>
                  <String HEIGHT="58"
                          WIDTH="106"
                          VPOS="2308"
                          HPOS="1500"
                          CONTENT="col."/>
                  <SP HEIGHT="58" WIDTH="13" VPOS="2308" HPOS="1606"/>
                  <String HEIGHT="58" WIDTH="80" VPOS="2308" HPOS="1567" CONTENT="i."/>
                  <SP HEIGHT="58" WIDTH="13" VPOS="2308" HPOS="1646"/>
                  <String HEIGHT="58" WIDTH="80" VPOS="2308" HPOS="1606" CONTENT="in"/>
                  <SP HEIGHT="58" WIDTH="13" VPOS="2308" HPOS="1686"/>
                  <String HEIGHT="58"
                          WIDTH="172"
                          VPOS="2308"
                          HPOS="1633"
                          CONTENT="prtincipio."/>
               </TextLine>
               <TextLine ID="r2l55"
                         BASELINE="2413"
                         HEIGHT="81"
                         WIDTH="803"
                         VPOS="2332"
                         HPOS="1275">
                  <String HEIGHT="81"
                          WIDTH="161"
                          VPOS="2332"
                          HPOS="1259"
                          CONTENT="elatio"/>
                  <SP HEIGHT="81" WIDTH="16" VPOS="2332" HPOS="1420"/>
                  <String HEIGHT="81"
                          WIDTH="161"
                          VPOS="2332"
                          HPOS="1371"
                          CONTENT="realis"/>
                  <SP HEIGHT="81" WIDTH="16" VPOS="2332" HPOS="1532"/>
                  <String HEIGHT="81"
                          WIDTH="145"
                          VPOS="2332"
                          HPOS="1484"
                          CONTENT="vttum"/>
                  <SP HEIGHT="81" WIDTH="16" VPOS="2332" HPOS="1628"/>
                  <String HEIGHT="81"
                          WIDTH="257"
                          VPOS="2332"
                          HPOS="1580"
                          CONTENT="distinguatur"/>
                  <SP HEIGHT="81" WIDTH="16" VPOS="2332" HPOS="1837"/>
                  <String HEIGHT="81" WIDTH="80" VPOS="2332" HPOS="1789" CONTENT="a"/>
                  <SP HEIGHT="81" WIDTH="16" VPOS="2332" HPOS="1869"/>
                  <String HEIGHT="81"
                          WIDTH="225"
                          VPOS="2332"
                          HPOS="1821"
                          CONTENT="fundamento"/>
                  <SP HEIGHT="81" WIDTH="16" VPOS="2332" HPOS="2046"/>
                  <String HEIGHT="81" WIDTH="96" VPOS="2332" HPOS="1998" CONTENT="od"/>
                  <SP HEIGHT="81" WIDTH="16" VPOS="2332" HPOS="2094"/>
                  <String HEIGHT="81" WIDTH="48" VPOS="2332" HPOS="2030" CONTENT="t"/>
               </TextLine>
               <TextLine ID="r2l56"
                         BASELINE="2438"
                         HEIGHT="47"
                         WIDTH="799"
                         VPOS="2391"
                         HPOS="1276">
                  <String HEIGHT="47"
                          WIDTH="133"
                          VPOS="2391"
                          HPOS="1264"
                          CONTENT="termio."/>
                  <SP HEIGHT="47" WIDTH="12" VPOS="2391" HPOS="1397"/>
                  <String HEIGHT="47" WIDTH="73" VPOS="2391" HPOS="1361" CONTENT="Et"/>
                  <SP HEIGHT="47" WIDTH="12" VPOS="2391" HPOS="1433"/>
                  <String HEIGHT="47"
                          WIDTH="97"
                          VPOS="2391"
                          HPOS="1397"
                          CONTENT="quod"/>
                  <SP HEIGHT="47" WIDTH="12" VPOS="2391" HPOS="1494"/>
                  <String HEIGHT="47"
                          WIDTH="85"
                          VPOS="2391"
                          HPOS="1458"
                          CONTENT="sit"/>
                  <SP HEIGHT="47" WIDTH="12" VPOS="2391" HPOS="1542"/>
                  <String HEIGHT="47"
                          WIDTH="133"
                          VPOS="2391"
                          HPOS="1506"
                          CONTENT="telatio"/>
                  <SP HEIGHT="47" WIDTH="12" VPOS="2391" HPOS="1639"/>
                  <String HEIGHT="47"
                          WIDTH="133"
                          VPOS="2391"
                          HPOS="1603"
                          CONTENT="realir."/>
                  <SP HEIGHT="47" WIDTH="12" VPOS="2391" HPOS="1736"/>
                  <String HEIGHT="47"
                          WIDTH="85"
                          VPOS="2391"
                          HPOS="1700"
                          CONTENT="fo."/>
                  <SP HEIGHT="47" WIDTH="12" VPOS="2391" HPOS="1784"/>
                  <String HEIGHT="47"
                          WIDTH="121"
                          VPOS="2391"
                          HPOS="1748"
                          CONTENT="hxxit."/>
                  <SP HEIGHT="47" WIDTH="12" VPOS="2391" HPOS="1869"/>
                  <String HEIGHT="47"
                          WIDTH="85"
                          VPOS="2391"
                          HPOS="1833"
                          CONTENT="co."/>
                  <SP HEIGHT="47" WIDTH="12" VPOS="2391" HPOS="1918"/>
                  <String HEIGHT="47" WIDTH="73" VPOS="2391" HPOS="1881" CONTENT="i."/>
                  <SP HEIGHT="47" WIDTH="12" VPOS="2391" HPOS="1954"/>
                  <String HEIGHT="47"
                          WIDTH="109"
                          VPOS="2391"
                          HPOS="1918"
                          CONTENT="citca"/>
                  <SP HEIGHT="47" WIDTH="12" VPOS="2391" HPOS="2027"/>
                  <String HEIGHT="47"
                          WIDTH="97"
                          VPOS="2391"
                          HPOS="1978"
                          CONTENT="medium"/>
               </TextLine>
               <TextLine ID="r2l57"
                         BASELINE="2492"
                         HEIGHT="60"
                         WIDTH="799"
                         VPOS="2432"
                         HPOS="1285">
                  <String HEIGHT="60"
                          WIDTH="200"
                          VPOS="2432"
                          HPOS="1270"
                          CONTENT="elationem"/>
                  <SP HEIGHT="60" WIDTH="15" VPOS="2432" HPOS="1469"/>
                  <String HEIGHT="60" WIDTH="77" VPOS="2432" HPOS="1423" CONTENT="/"/>
                  <SP HEIGHT="60" WIDTH="15" VPOS="2432" HPOS="1500"/>
                  <String HEIGHT="60" WIDTH="92" VPOS="2432" HPOS="1454" CONTENT="vt"/>
                  <SP HEIGHT="60" WIDTH="15" VPOS="2432" HPOS="1546"/>
                  <String HEIGHT="60"
                          WIDTH="169"
                          VPOS="2432"
                          HPOS="1500"
                          CONTENT="putatur"/>
                  <SP HEIGHT="60" WIDTH="15" VPOS="2432" HPOS="1669"/>
                  <String HEIGHT="60" WIDTH="77" VPOS="2432" HPOS="1623" CONTENT="a"/>
                  <SP HEIGHT="60" WIDTH="15" VPOS="2432" HPOS="1700"/>
                  <String HEIGHT="60"
                          WIDTH="184"
                          VPOS="2432"
                          HPOS="1654"
                          CONTENT="culberto"/>
                  <SP HEIGHT="60" WIDTH="15" VPOS="2432" HPOS="1838"/>
                  <String HEIGHT="60"
                          WIDTH="200"
                          VPOS="2432"
                          HPOS="1792"
                          CONTENT="pottitano"/>
                  <SP HEIGHT="60" WIDTH="15" VPOS="2432" HPOS="1992"/>
                  <String HEIGHT="60"
                          WIDTH="154"
                          VPOS="2432"
                          HPOS="1930"
                          CONTENT="cepetunt"/>
               </TextLine>
               <TextLine ID="r2l58"
                         BASELINE="2523"
                         HEIGHT="62"
                         WIDTH="277"
                         VPOS="2461"
                         HPOS="1279">
                  <String HEIGHT="62"
                          WIDTH="225"
                          VPOS="2461"
                          HPOS="1262"
                          CONTENT="exordium."/>
                  <SP HEIGHT="62" WIDTH="17" VPOS="2461" HPOS="1487"/>
                  <String HEIGHT="62"
                          WIDTH="139"
                          VPOS="2461"
                          HPOS="1418"
                          CONTENT="ibidem"/>
               </TextLine>
               <TextLine ID="r2l59"
                         BASELINE="2562"
                         HEIGHT="73"
                         WIDTH="800"
                         VPOS="2489"
                         HPOS="1278">
                  <String HEIGHT="73"
                          WIDTH="100"
                          VPOS="2489"
                          HPOS="1264"
                          CONTENT="uon"/>
                  <SP HEIGHT="73" WIDTH="14" VPOS="2489" HPOS="1364"/>
                  <String HEIGHT="73"
                          WIDTH="100"
                          VPOS="2489"
                          HPOS="1321"
                          CONTENT="est"/>
                  <SP HEIGHT="73" WIDTH="14" VPOS="2489" HPOS="1421"/>
                  <String HEIGHT="73"
                          WIDTH="129"
                          VPOS="2489"
                          HPOS="1378"
                          CONTENT="autem"/>
                  <SP HEIGHT="73" WIDTH="14" VPOS="2489" HPOS="1507"/>
                  <String HEIGHT="73"
                          WIDTH="229"
                          VPOS="2489"
                          HPOS="1464"
                          CONTENT="inconueniens"/>
                  <SP HEIGHT="73" WIDTH="14" VPOS="2489" HPOS="1692"/>
                  <String HEIGHT="73"
                          WIDTH="114"
                          VPOS="2489"
                          HPOS="1649"
                          CONTENT="quod"/>
                  <SP HEIGHT="73" WIDTH="14" VPOS="2489" HPOS="1764"/>
                  <String HEIGHT="73"
                          WIDTH="171"
                          VPOS="2489"
                          HPOS="1721"
                          CONTENT="infinite"/>
                  <SP HEIGHT="73" WIDTH="14" VPOS="2489" HPOS="1892"/>
                  <String HEIGHT="73"
                          WIDTH="200"
                          VPOS="2489"
                          HPOS="1849"
                          CONTENT="relationes"/>
                  <SP HEIGHT="73" WIDTH="14" VPOS="2489" HPOS="2049"/>
                  <String HEIGHT="73"
                          WIDTH="86"
                          VPOS="2489"
                          HPOS="1992"
                          CONTENT="prae"/>
               </TextLine>
               <TextLine ID="r2l60"
                         BASELINE="2614"
                         HEIGHT="61"
                         WIDTH="792"
                         VPOS="2553"
                         HPOS="1279">
                  <String HEIGHT="61"
                          WIDTH="169"
                          VPOS="2553"
                          HPOS="1266"
                          CONTENT="ducantur:"/>
                  <SP HEIGHT="61" WIDTH="13" VPOS="2553" HPOS="1435"/>
                  <String HEIGHT="61"
                          WIDTH="91"
                          VPOS="2553"
                          HPOS="1396"
                          CONTENT="quo"/>
                  <SP HEIGHT="61" WIDTH="13" VPOS="2553" HPOS="1487"/>
                  <String HEIGHT="61"
                          WIDTH="143"
                          VPOS="2553"
                          HPOS="1448"
                          CONTENT="infinit"/>
                  <SP HEIGHT="61" WIDTH="13" VPOS="2553" HPOS="1591"/>
                  <String HEIGHT="61"
                          WIDTH="221"
                          VPOS="2553"
                          HPOS="1552"
                          CONTENT="cortumpantur:"/>
                  <SP HEIGHT="61" WIDTH="13" VPOS="2553" HPOS="1772"/>
                  <String HEIGHT="61"
                          WIDTH="234"
                          VPOS="2553"
                          HPOS="1733"
                          CONTENT="categotematice"/>
                  <SP HEIGHT="61" WIDTH="13" VPOS="2553" HPOS="1967"/>
                  <String HEIGHT="61"
                          WIDTH="156"
                          VPOS="2553"
                          HPOS="1915"
                          CONTENT="infinitae."/>
               </TextLine>
               <TextLine ID="r2l61"
                         BASELINE="2639"
                         HEIGHT="53"
                         WIDTH="217"
                         VPOS="2586"
                         HPOS="1280">
                  <String HEIGHT="53"
                          WIDTH="149"
                          VPOS="2586"
                          HPOS="1266"
                          CONTENT="ibidem."/>
                  <SP HEIGHT="53" WIDTH="14" VPOS="2586" HPOS="1416"/>
                  <String HEIGHT="53"
                          WIDTH="109"
                          VPOS="2586"
                          HPOS="1375"
                          CONTENT="col."/>
                  <SP HEIGHT="53" WIDTH="14" VPOS="2586" HPOS="1483"/>
                  <String HEIGHT="53"
                          WIDTH="68"
                          VPOS="2586"
                          HPOS="1429"
                          CONTENT="ii."/>
               </TextLine>
               <TextLine ID="r2l62"
                         BASELINE="2675"
                         HEIGHT="66"
                         WIDTH="794"
                         VPOS="2609"
                         HPOS="1281">
                  <String HEIGHT="66"
                          WIDTH="259"
                          VPOS="2609"
                          HPOS="1265"
                          CONTENT="temississima"/>
                  <SP HEIGHT="66" WIDTH="16" VPOS="2609" HPOS="1524"/>
                  <String HEIGHT="66"
                          WIDTH="146"
                          VPOS="2609"
                          HPOS="1475"
                          CONTENT="forma"/>
                  <SP HEIGHT="66" WIDTH="16" VPOS="2609" HPOS="1621"/>
                  <String HEIGHT="66"
                          WIDTH="227"
                          VPOS="2609"
                          HPOS="1573"
                          CONTENT="corporalis"/>
                  <SP HEIGHT="66" WIDTH="16" VPOS="2609" HPOS="1800"/>
                  <String HEIGHT="66"
                          WIDTH="194"
                          VPOS="2609"
                          HPOS="1751"
                          CONTENT="secundum"/>
                  <SP HEIGHT="66" WIDTH="16" VPOS="2609" HPOS="1945"/>
                  <String HEIGHT="66"
                          WIDTH="194"
                          VPOS="2609"
                          HPOS="1881"
                          CONTENT="extensione"/>
               </TextLine>
               <TextLine ID="r2l63"
                         BASELINE="2737"
                         HEIGHT="67"
                         WIDTH="803"
                         VPOS="2670"
                         HPOS="1284">
                  <String HEIGHT="67"
                          WIDTH="89"
                          VPOS="2670"
                          HPOS="1273"
                          CONTENT="ergo"/>
                  <SP HEIGHT="67" WIDTH="11" VPOS="2670" HPOS="1362"/>
                  <String HEIGHT="67"
                          WIDTH="178"
                          VPOS="2670"
                          HPOS="1329"
                          CONTENT="intensionemc"/>
                  <SP HEIGHT="67" WIDTH="11" VPOS="2670" HPOS="1507"/>
                  <String HEIGHT="67"
                          WIDTH="78"
                          VPOS="2670"
                          HPOS="1474"
                          CONTENT="sed"/>
                  <SP HEIGHT="67" WIDTH="11" VPOS="2670" HPOS="1552"/>
                  <String HEIGHT="67"
                          WIDTH="78"
                          VPOS="2670"
                          HPOS="1518"
                          CONTENT="non"/>
                  <SP HEIGHT="67" WIDTH="11" VPOS="2670" HPOS="1596"/>
                  <String HEIGHT="67"
                          WIDTH="167"
                          VPOS="2670"
                          HPOS="1563"
                          CONTENT="spititualis"/>
                  <SP HEIGHT="67" WIDTH="11" VPOS="2670" HPOS="1730"/>
                  <String HEIGHT="67" WIDTH="56" VPOS="2670" HPOS="1697" CONTENT="o"/>
                  <SP HEIGHT="67" WIDTH="11" VPOS="2670" HPOS="1752"/>
                  <String HEIGHT="67"
                          WIDTH="112"
                          VPOS="2670"
                          HPOS="1719"
                          CONTENT="datur."/>
                  <SP HEIGHT="67" WIDTH="11" VPOS="2670" HPOS="1830"/>
                  <String HEIGHT="67"
                          WIDTH="78"
                          VPOS="2670"
                          HPOS="1797"
                          CONTENT="fo."/>
                  <SP HEIGHT="67" WIDTH="11" VPOS="2670" HPOS="1875"/>
                  <String HEIGHT="67"
                          WIDTH="112"
                          VPOS="2670"
                          HPOS="1842"
                          CONTENT="hexiz."/>
                  <SP HEIGHT="67" WIDTH="11" VPOS="2670" HPOS="1953"/>
                  <String HEIGHT="67"
                          WIDTH="78"
                          VPOS="2670"
                          HPOS="1920"
                          CONTENT="co."/>
                  <SP HEIGHT="67" WIDTH="11" VPOS="2670" HPOS="1998"/>
                  <String HEIGHT="67"
                          WIDTH="78"
                          VPOS="2670"
                          HPOS="1964"
                          CONTENT="ii."/>
                  <SP HEIGHT="67" WIDTH="11" VPOS="2670" HPOS="2042"/>
                  <String HEIGHT="67" WIDTH="67" VPOS="2670" HPOS="2009" CONTENT="oe"/>
                  <SP HEIGHT="67" WIDTH="11" VPOS="2670" HPOS="2076"/>
                  <String HEIGHT="67"
                          WIDTH="56"
                          VPOS="2670"
                          HPOS="2031"
                          CONTENT="seq"/>
               </TextLine>
               <TextLine ID="r2l64"
                         BASELINE="2760"
                         HEIGHT="49"
                         WIDTH="624"
                         VPOS="2711"
                         HPOS="1285">
                  <String HEIGHT="49"
                          WIDTH="163"
                          VPOS="2711"
                          HPOS="1271"
                          CONTENT="Remissio"/>
                  <SP HEIGHT="49" WIDTH="14" VPOS="2711" HPOS="1434"/>
                  <String HEIGHT="49"
                          WIDTH="190"
                          VPOS="2711"
                          HPOS="1394"
                          CONTENT="dupliciter"/>
                  <SP HEIGHT="49" WIDTH="14" VPOS="2711" HPOS="1583"/>
                  <String HEIGHT="49"
                          WIDTH="163"
                          VPOS="2711"
                          HPOS="1543"
                          CONTENT="capitur."/>
                  <SP HEIGHT="49" WIDTH="14" VPOS="2711" HPOS="1706"/>
                  <String HEIGHT="49"
                          WIDTH="95"
                          VPOS="2711"
                          HPOS="1665"
                          CONTENT="fo."/>
                  <SP HEIGHT="49" WIDTH="14" VPOS="2711" HPOS="1760"/>
                  <String HEIGHT="49"
                          WIDTH="109"
                          VPOS="2711"
                          HPOS="1719"
                          CONTENT="hri."/>
                  <SP HEIGHT="49" WIDTH="14" VPOS="2711" HPOS="1828"/>
                  <String HEIGHT="49"
                          WIDTH="109"
                          VPOS="2711"
                          HPOS="1787"
                          CONTENT="col."/>
                  <SP HEIGHT="49" WIDTH="14" VPOS="2711" HPOS="1895"/>
                  <String HEIGHT="49"
                          WIDTH="68"
                          VPOS="2711"
                          HPOS="1841"
                          CONTENT="ii."/>
               </TextLine>
               <TextLine ID="r2l65"
                         BASELINE="2817"
                         HEIGHT="81"
                         WIDTH="794"
                         VPOS="2736"
                         HPOS="1284">
                  <String HEIGHT="81"
                          WIDTH="234"
                          VPOS="2736"
                          HPOS="1268"
                          CONTENT="emississima"/>
                  <SP HEIGHT="81" WIDTH="16" VPOS="2736" HPOS="1502"/>
                  <String HEIGHT="81"
                          WIDTH="140"
                          VPOS="2736"
                          HPOS="1455"
                          CONTENT="forma"/>
                  <SP HEIGHT="81" WIDTH="16" VPOS="2736" HPOS="1595"/>
                  <String HEIGHT="81"
                          WIDTH="202"
                          VPOS="2736"
                          HPOS="1549"
                          CONTENT="naturalis"/>
                  <SP HEIGHT="81" WIDTH="16" VPOS="2736" HPOS="1751"/>
                  <String HEIGHT="81"
                          WIDTH="218"
                          VPOS="2736"
                          HPOS="1704"
                          CONTENT="producitur"/>
                  <SP HEIGHT="81" WIDTH="16" VPOS="2736" HPOS="1922"/>
                  <String HEIGHT="81"
                          WIDTH="218"
                          VPOS="2736"
                          HPOS="1860"
                          CONTENT="difformiter."/>
               </TextLine>
               <TextLine ID="r2l66"
                         BASELINE="2858"
                         HEIGHT="68"
                         WIDTH="235"
                         VPOS="2790"
                         HPOS="1285">
                  <String HEIGHT="68"
                          WIDTH="118"
                          VPOS="2790"
                          HPOS="1273"
                          CONTENT="folio."/>
                  <SP HEIGHT="68" WIDTH="12" VPOS="2790" HPOS="1391"/>
                  <String HEIGHT="68"
                          WIDTH="106"
                          VPOS="2790"
                          HPOS="1356"
                          CONTENT="hoce."/>
                  <SP HEIGHT="68" WIDTH="12" VPOS="2790" HPOS="1461"/>
                  <String HEIGHT="68"
                          WIDTH="94"
                          VPOS="2790"
                          HPOS="1426"
                          CONTENT="col."/>
                  <SP HEIGHT="68" WIDTH="12" VPOS="2790" HPOS="1520"/>
                  <String HEIGHT="68" WIDTH="47" VPOS="2790" HPOS="1473" CONTENT="i."/>
               </TextLine>
            </TextBlock>
         </PrintSpace>
      </Page>
   </Layout>
</alto>
