2320 3352
446 204 230 81 abula

174 281 249 54 ficptasentans
379 281 117 54 vere
452 281 102 54 vel
511 281 132 54 false
599 281 102 54 non
657 281 146 54 semper
760 281 102 54 est
804 281 190 54 propositio.

163 329 102 50 fo.
221 329 131 50 viii.
308 329 160 50 columna
409 329 145 50 secunda.

180 367 192 48 feprobatio
331 367 110 48 quid
400 367 110 48 est.
468 367 96 48 fo.
509 367 110 48 &cvii.

176 401 242 55 lueptobationis
377 401 134 55 aliqua
471 401 94 55 est
525 401 134 55 causa.
619 401 94 55 fo.
673 401 148 55 xcviii.
780 401 94 55 col
820 401 54 55 ii

177 450 89 45 se
222 450 208 45 successiue
386 450 134 45 datur
475 450 164 45 prtimum
594 450 164 45 insiana
713 450 134 45 esse.
802 450 74 45 q
832 450 104 45 tei
877 450 119 45 perma-

165 490 161 50 nentis
278 490 226 50 successiue
455 490 242 50 cotrumpende
648 490 145 50 datur
745 490 161 50 ptimum
842 490 145 50 instans

174 529 96 43 non
229 529 110 43 esse
298 529 220 43 incompletum.
477 529 96 43 fo.
532 529 124 43 hiii.
614 529 110 43 col.
669 529 83 43 iiii

177 562 105 48 pem
237 562 150 48 aliqua
342 562 120 48 pure
417 562 240 48 partibiliter
612 562 225 48 producitur.
777 562 135 48 ibidem.

168 603 101 57 pes
225 603 101 57 sub
283 603 144 57 minoti
384 603 202 57 quantitate
542 603 144 57 potest
643 603 202 57 consetuari
802 603 115 57 quae
859 603 130 57 produci

176 647 85 50 so.
225 647 146 50 hoxviii.
334 647 98 50 col.
383 647 61 50 iii

184 687 92 50 ies
237 687 132 50 quando
329 687 92 50 est
382 687 132 50 potest
474 687 92 50 non
527 687 119 50 esse.
606 687 158 50 duplicem
725 687 119 50 habet
804 687 145 50 sensum.
897 687 92 50 folic

176 725 122 51 iciiii.
264 725 77 51 co.
298 725 66 51 iii.

168 750 103 67 lle
227 750 147 67 quando
330 750 103 67 est
389 750 147 67 potest
493 750 103 67 non
552 750 118 67 esse
625 750 103 67 pro
684 750 177 67 instanti
817 750 88 67 in
861 750 103 67 quo
906 750 88 67 est.

175 806 162 52 ibidem
272 806 226 52 consequenter

175 844 149 49 tories
280 844 194 49 permanens
429 844 105 49 non
489 844 135 49 habet
579 844 164 49 vltimum
698 844 164 49 instans
818 844 105 49 sui
877 844 120 49 esse
937 844 60 49 na

174 884 164 48 turaliter.
303 884 82 48 so.
350 884 117 48 liiii.
433 884 82 48 col
480 884 106 48 iiii.
550 884 70 48 in
574 884 70 48 fine

174 925 118 44 patr
248 925 74 44 e
277 925 147 44 Sallia
380 925 88 44 si
424 925 191 44 alienigen
571 925 88 44 in
616 925 132 44 tegno
704 925 206 44 decedentes
866 925 103 44 non
910 925 88 44 fia-

173 963 128 55 beant
258 963 171 55 libertos
386 963 185 55 supsiitem
529 963 85 55 in
572 963 128 55 teeno
657 963 128 55 nator
743 963 100 55 est
800 963 128 55 eorum
871 963 128 55 hiates:

179 1009 78 50 cn
218 1009 196 50 disquiritur
375 1009 78 50 an
414 1009 248 50 tationabiliter.
623 1009 131 50 folio.
715 1009 78 50 S.
754 1009 105 50 col.
819 1009 144 50 pertima
911 1009 78 50 cont

157 1049 169 52 sequenti.

552 1085 104 48 s.

341 1126 178 43 finitas
471 1126 130 43 quid
552 1126 114 43 est
617 1126 195 43 secundum
763 1126 227 43 fuicennam.
925 1126 81 43 fo

-24 1129 354 89 i

347 1166 80 41 sio.
397 1166 80 41 hoc.
447 1166 80 41 col.
487 1166 40 41 ii

331 1204 221 51 dcandalum
501 1204 187 51 quomodo
637 1204 255 51 defluiendum
841 1204 136 51 est.
909 1204 85 51 fo

209 1212 84 42 vn

67 1213 240 70 d

297 1220 123 81 lio.
373 1220 123 81 hii.
435 1220 92 81 coli

180 1279 185 65 dcientia
318 1279 108 65 non
380 1279 169 65 dicitur
503 1279 108 65 vna
565 1279 169 65 vnitate
688 1279 139 65 medii
765 1279 231 65 demonstraidi.

173 1330 104 45 fo.
233 1330 119 45 xvi.
307 1330 164 45 columna
411 1330 149 45 secunda.

174 1368 165 45 dcientia
298 1368 165 45 bifatiam
422 1368 165 45 capitur.
545 1368 151 45 ibidem.
655 1368 96 45 co.
697 1368 137 45 secunda.

185 1405 150 47 dcientia
298 1405 88 47 est
348 1405 138 47 notitia
449 1405 100 47 veri
511 1405 150 47 euidena.
624 1405 88 47 fo.
674 1405 100 47 iii.
737 1405 88 47 co.
775 1405 100 47 tertia

174 1441 161 57 Icientia
294 1441 147 57 ptopter
401 1441 107 57 quid
468 1441 107 57 oenr
535 1441 107 57 quia
602 1441 161 57 qualiter
723 1441 188 57 differunt.
870 1441 134 57 folio.
951 1441 40 57 &

177 1489 187 49 columna
296 1489 153 49 quarta-

174 1523 165 58 dcientia
298 1523 96 58 dei
353 1523 178 58 simplicis
490 1523 233 58 intelligentie
682 1523 165 58 visionis
806 1523 124 58 outnr
874 1523 124 58 approba

175 1559 143 50 tionis
275 1559 157 50 quomodo
389 1559 200 50 differunt.
547 1559 100 50 fo.
604 1559 129 50 xcuy.
690 1559 100 50 co.
733 1559 143 50 secunda.

175 1605 204 48 densibilia
336 1605 175 48 communis
467 1605 117 48 sunt
540 1605 175 48 quinque:
671 1605 117 48 hioc
744 1605 102 48 est
802 1605 160 48 quinque
905 1605 87 48 sunt

176 1641 151 57 generm
281 1641 105 57 vel
342 1641 166 57 speciet
462 1641 211 57 sensibisum
628 1641 105 57 die
688 1641 90 57 ho
733 1641 120 57 horu
808 1641 120 57 vsii
869 1641 136 57 columna

172 1683 159 54 ptima.
284 1683 96 54 ad
316 1683 128 54 finem.

175 1729 215 45 dignificare
347 1729 201 45 aliquarido
504 1729 100 45 est
561 1729 172 45 superius
690 1729 86 45 ad
733 1729 201 45 supponete:
876 1729 115 45 aliqua

175 1766 88 49 do
219 1766 235 49 conuertibile
410 1766 103 49 cum
469 1766 88 49 eo
513 1766 117 49 quod
586 1766 103 49 est
645 1766 249 49 reptesentare.
850 1766 103 49 fo.
894 1766 103 49 viii.

175 1803 216 55 columna
313 1803 196 55 secunda.

181 1841 130 45 digna
267 1841 174 45 otiginis
398 1841 87 45 an
441 1841 116 45 sint
514 1841 159 45 ponenda
629 1841 203 45 dubitatur.
789 1841 145 45 folio.
876 1841 130 45 aliiii.

176 1882 112 54 co.
240 1882 128 54 iii.
320 1882 144 54 citca
401 1882 144 54 medium.

172 1922 236 59 Svllogismus
361 1922 110 59 qui
424 1922 110 59 est
487 1922 142 59 inter
582 1922 142 59 omnes
676 1922 315 59 argumentationum.
928 1922 63 59 mo

174 1963 104 44 dos
234 1963 284 44 eundentissimus:
473 1963 90 44 in
517 1963 164 44 diuinis
637 1963 149 44 optime
741 1963 149 44 valet.
846 1963 104 44 fo.
891 1963 104 44 xviii

179 2004 109 50 col
226 2004 125 50 ptirna

185 2045 235 46 Svllogismum
374 2045 110 46 non
436 2045 188 46 requirnt
577 2045 173 46 minotem
703 2045 267 46 exctremitatem
907 2045 94 46 esse

175 2090 159 47 eiusdem
290 2090 145 47 numeti
391 2090 101 47 cum
449 2090 145 47 medio.
551 2090 101 47 fo.
608 2090 159 47 cnm.co.
710 2090 72 47 ii.

187 2127 183 52 Smulitudo
327 2127 98 52 est
384 2127 253 52 dissimilitudo.
594 2127 98 52 fo.
650 2127 98 52 Tc.
707 2127 98 52 co.
749 2127 112 52 quarta

183 2144 260 81 Syncategotema
397 2144 138 81 habet
488 2144 214 81 categorema
656 2144 122 81 prto
733 2144 168 81 obiecto
855 2144 76 81 a
886 2144 107 81 quo
932 2144 76 81 pro

182 2202 147 54 ducitur.
292 2202 86 54 fo.
341 2202 86 54 vi.
390 2202 86 54 co.
427 2202 61 54 ii.

639 2214 114 44 mtnd

187 2247 246 41 yncategotema
387 2247 154 41 sequam
494 2247 92 41 de
540 2247 154 41 castto
648 2247 108 41 non
710 2247 108 41 est
771 2247 169 41 inmente
879 2247 123 41 ponen-

185 2285 220 68 Singulates
358 2285 189 68 opposita
500 2285 220 68 qualitater
673 2285 110 68 non
736 2285 157 68 semper
831 2285 173 68 contradi-

185 2323 120 44 cunt.
265 2323 94 44 fo.
318 2323 134 44 xceim.
412 2323 94 44 co.
452 2323 120 44 quarta.

587 2332 157 84 adetur
681 2332 110 84 tutum

461 2364 136 52 lu

197 2363 114 52 dum.
268 2363 100 52 fo.
325 2363 85 52 v.
353 2363 171 52 co.quarta.

190 2403 152 52 Species
300 2403 179 52 visibiles
438 2403 110 52 sumt
507 2403 152 52 ponende
617 2403 96 52 fo.
673 2403 124 52 dxxv.
755 2403 110 52 col.
810 2403 83 52 iiii

195 2444 175 44 Speciesm
327 2444 161 44 corotum
443 2444 219 44 oppositotum
619 2444 102 44 non
677 2444 263 44 contrariantur.
881 2444 117 44 ibidem

190 2485 151 50 pecies
296 2485 166 50 colorum
417 2485 182 50 variotum
553 2485 257 50 distinguuntur
765 2485 166 50 specie.
871 2485 121 50 ibidem

189 2526 123 43 cpes
265 2526 107 43 per
327 2526 261 43 desperationem
541 2526 245 43 cortumpitur.
741 2526 107 43 fo.
802 2526 138 43 iiii.
879 2526 138 43 columna

164 2566 124 44 tertia

190 2595 123 67 Smpes
272 2595 164 67 secundum
395 2595 136 67 multor
491 2595 96 67 est
545 2595 109 67 vsum
613 2595 109 67 dei.
682 2595 96 67 so.
736 2595 109 67 Sii.
805 2595 109 67 col.
859 2595 82 67 iiii

190 2646 157 55 gpiritus
307 2646 196 55 multifariam
464 2646 157 55 capitur.
581 2646 91 55 fo.
633 2646 117 55 &iii.
712 2646 91 55 col
751 2646 52 55 in

180 2683 182 67 Upiritur
317 2683 106 67 non
377 2683 182 67 cuilibet
514 2683 167 67 viuenti
636 2683 213 67 competunt.
803 2683 106 67 fo.
864 2683 91 67 l.
895 2683 106 67 colun

176 2724 165 55 secunda
296 2724 90 55 in
326 2724 180 55 principio.

193 2756 185 63 Spiritusm
335 2756 156 63 sanctum
448 2756 199 63 necessario
604 2756 213 63 naturaliter
775 2756 99 63 oun
831 2756 99 63 non
888 2756 142 63 libere
973 2756 43 63 a

893 2820 132 55 e

184 2814 133 84 xve
260 2814 95 84 e
298 2814 114 84 pr
355 2814 190 84 convoe
488 2814 95 84 t
526 2814 114 84 ex
584 2814 171 84 Txxre
698 2814 171 84 secet
812 2814 114 84 et
850 2814 114 84 Set-

53 2875 152 81 Ixoe
148 2875 152 81 quod
243 2875 133 81 vt
318 2875 171 81 Frmx.
432 2875 114 81 oe
489 2875 133 81 Tce
565 2875 133 81 Hve
641 2875 114 81 hh
698 2875 95 81 e
736 2875 95 81 a
773 2875 152 81 cuod
868 2875 114 81 ae
906 2875 57 81 v

182 2929 93 86 I
220 2929 130 86 vtu
294 2929 111 86 et
349 2929 167 86 cctut
460 2929 130 86 auo
534 2929 111 86 ar
590 2929 148 86 Mmus
682 2929 111 86 as
738 2929 93 86 v
775 2929 93 86 v
812 2929 93 86 t
849 2929 111 86 om
904 2929 93 86 v
978 2929 111 86 ve
1015 2929 56 86 u

182 2981 127 84 v
233 2981 152 84 ve
309 2981 202 84 equi
536 2981 177 84 Liu
663 2981 202 84 voel

1342 198 284 78 hlateriarum.

1065 267 106 60 patre
1136 267 82 60 qua
1183 267 106 60 filio
1254 267 153 60 procedit.
1371 267 82 60 so.
1418 267 82 60 Vo.
1465 267 94 60 col.
1512 267 71 60 iiii

1060 315 168 52 Upiritus
1186 315 154 52 sanctus
1298 315 84 52 ab
1340 315 154 52 vttoque
1453 315 182 52 procedit.
1593 315 98 52 fo.
1649 315 112 52 nly.
1705 315 98 52 colin

1048 350 187 62 gpititus
1189 350 172 62 sanctus
1314 350 265 62 multipliciter
1532 350 187 62 appatuit
1673 350 78 62 o
1689 350 187 62 indiuersi-

1054 404 166 56 speciebus.
1185 404 83 56 fo.
1232 404 119 56 vlvyi.
1316 404 83 56 co.
1363 404 83 56 ii.
1411 404 71 56 E.
1435 404 59 56 iii

1060 443 169 50 gpititus
1187 443 155 50 sanctus
1299 443 70 50 a
1327 443 211 50 semittitur.
1496 443 155 50 ibidem.
1608 443 98 50 co.
1651 443 70 50 ii.

1063 473 141 58 dtatus
1162 473 155 58 merendi
1274 473 99 58 vbi
1331 473 155 58 incipit
1443 473 113 58 ounr
1514 473 99 58 vbi
1570 473 211 58 terminatur.
1739 473 141 58 folio.
1824 473 56 58 s.

1056 523 156 49 columna.
1160 523 52 49 ii

1048 550 140 60 tatus
1142 550 109 60 est
1204 550 186 60 ponendus
1343 550 93 60 in
1390 550 233 60 productione
1576 550 140 60 actus
1669 550 109 60 onr
1716 550 155 60 habitus.

1063 604 82 51 fo.
1110 604 58 51 l
1133 604 82 51 col
1169 604 58 51 iii

1052 643 144 51 tatum
1148 643 144 51 necim
1244 643 176 51 actibus
1372 643 112 51 nec
1436 643 96 51 in
1484 643 208 51 habitibus
1644 643 128 51 quos
1724 643 144 51 anima
1820 643 96 51 ad

1053 687 119 44 iuta
1127 687 149 44 potest
1231 687 149 44 capere
1335 687 104 44 est
1395 687 193 44 ponendus.
1543 687 149 44 folio.
1647 687 149 44 lexvi.
1736 687 149 44 columna

1041 724 137 48 quarta

1062 759 132 58 tatus
1150 759 88 58 in
1194 759 147 58 metito
1297 759 103 58 non
1355 759 103 58 est
1414 759 191 58 ponendus.
1561 759 147 58 folio.
1663 759 132 58 liii.
1736 759 147 58 columna

1028 805 147 45 ptima

1062 821 193 76 dubiectum
1211 821 252 76 attributionis
1418 821 119 76 quid
1492 821 119 76 est.
1567 821 148 76 folio.
1670 821 134 76 xvii.
1745 821 134 76 columna

1042 881 127 47 prima

1068 898 169 83 duccessio
1198 898 78 83 in
1237 898 104 83 motu
1302 898 182 83 dupliciter
1445 898 182 83 contingit.
1589 898 78 83 fo
1628 898 91 83 cet
1680 898 91 83 vi.
1732 898 130 83 colun.
1810 898 65 83 si.

1063 960 109 62 ad
1099 960 164 62 medium.

1490 1016 80 82 ert.

1129 1053 93 65 tut

1206 1082 142 53 ficere
1305 1082 128 53 verum
1391 1082 100 53 pro
1448 1082 114 53 loco
1519 1082 114 53 qued
1590 1082 157 53 tempore
1704 1082 100 53 non
1761 1082 100 53 est
1804 1082 71 53 pe

1126 1116 228 68 Egscatum.
1301 1116 175 68 holio.
1424 1116 88 68 h
1459 1116 193 68 columna
1582 1116 158 68 quarta-

1203 1155 169 77 quaango
1326 1155 169 77 calidum
1448 1155 108 77 qua
1510 1155 154 77 nullum
1617 1155 169 77 calidum
1725 1155 92 77 est.

1790 1145 93 72 fo.

1087 1188 48 29 tu

1157 1191 135 62 rrii.
1247 1191 105 62 co.
1307 1191 105 62 ii.
1367 1191 90 62 in
1397 1191 90 62 fine

1061 1210 110 43 Sr

1102 1247 135 48 angunt
1197 1247 81 48 se
1237 1247 135 48 aliqua
1331 1247 202 48 dupliciter.
1493 1247 94 48 so.
1546 1247 94 48 hxx
1600 1247 94 48 vi.
1654 1247 94 48 co.
1694 1247 108 48 quarta

1074 1283 223 50 demperatuam
1252 1283 148 50 otgter
1356 1283 223 50 incontinens
1534 1283 148 50 eundem
1638 1283 119 50 diem
1697 1283 193 50 ieiunmantes

1063 1322 163 50 qualiter
1186 1322 177 50 merentur.
1322 1322 109 50 sto.
1389 1322 109 50 &li.
1457 1322 95 50 co.
1498 1322 68 50 iii

1105 1364 133 51 eneri
1194 1364 89 51 ad
1238 1364 119 51 pius
1312 1364 104 51 non
1371 1364 148 51 arguit
1475 1364 133 51 maius
1564 1364 104 51 aut
1623 1364 163 51 grauiua
1742 1364 119 51 esse
1801 1364 89 51 pec

1068 1399 128 52 catum.
1158 1399 90 52 fo.
1209 1399 103 52 hii.
1273 1399 90 52 co.
1325 1399 77 52 i.
1363 1399 77 52 in
1389 1399 141 52 principio

1065 1444 184 56 epiditas
1203 1444 123 56 quid
1279 1444 123 56 est.
1356 1444 153 56 folio.
1463 1444 107 56 ler
1524 1444 169 56 columna
1647 1444 169 56 secunda
1770 1444 92 56 in
1800 1444 77 56 me

1052 1484 84 45 dio.

1073 1509 188 64 derminus
1214 1509 203 64 discretus
1370 1509 172 64 aliquis
1495 1509 109 64 est
1558 1509 219 64 infiabilis
1730 1509 94 64 ad
1761 1509 125 64 medium

1065 1564 175 47 syllogismi
1203 1564 200 47 expositotii.
1366 1564 100 47 sto.
1428 1564 125 47 Sexti.
1516 1564 88 47 co.
1553 1564 63 47 ii.

1073 1609 180 50 erminus
1204 1609 131 50 idem
1286 1609 197 50 supponit
1433 1609 246 50 determinate
1630 1609 180 50 confuse
1745 1609 147 50 distii-

1068 1643 131 47 butiue
1159 1643 105 47 ouet
1225 1643 170 47 discrete.
1356 1643 144 47 ibidem.
1460 1643 92 47 co.
1499 1643 105 47 quarta

1061 1680 155 55 exmini
1169 1680 278 55 contradictorii
1401 1680 247 55 vetificantur
1602 1680 93 55 de
1648 1680 139 55 eodem
1741 1680 93 55 in
1772 1680 108 55 diui-

1064 1722 108 53 nis.
1131 1722 94 53 fo.
1185 1722 81 53 I,
1225 1722 94 53 co.
1265 1722 108 53 ptima.

1089 1738 173 72 erminusm
1219 1738 231 72 geuerationis
1407 1738 159 72 diuinae
1523 1738 101 72 est
1580 1738 202 72 multiplex.
1739 1738 145 72 folio.
1826 1738 58 72 ai

1063 1805 186 51 columna
1182 1805 152 51 quarfa.

1071 1844 172 54 erminus
1196 1844 187 54 formalis
1337 1844 250 54 generationis
1540 1844 125 54 quid
1618 1844 125 54 est.
1680 1844 141 54 ibidem.

1101 1884 146 45 erminus
1207 1884 146 45 finitus
1313 1884 119 45 coitr
1393 1884 172 45 infinitus
1525 1884 93 45 pro
1578 1884 119 45 eodem
1658 1884 172 45 supponunt
1777 1884 106 45 mediam

1065 1915 77 63 te
1104 1915 116 63 eadem
1181 1915 142 63 copula.
1285 1915 90 63 to.
1336 1915 116 63 Alii.
1414 1915 90 63 col
1453 1915 77 63 iiii

1076 1962 168 54 erminus
1198 1962 153 54 potens
1305 1962 230 54 distribuere
1489 1962 153 54 potest
1596 1962 138 54 etiam
1673 1962 214 54 confunderte.

1281 2006 46 39 b
1290 2006 37 39 p-

1075 2002 75 55 to.
1118 2002 97 55 iiii.
1183 2002 75 55 col
1215 2002 75 55 iiii.

1062 2015 167 76 erminus
1183 2015 228 76 collectiuus
1366 2015 198 76 quidlibet
1518 2015 213 76 suppositum
1670 2015 213 76 multitudinis

1062 2084 100 66 pro
1119 2084 100 66 quo
1176 2084 171 66 supponit
1304 2084 214 66 significat.
1476 2084 100 66 fo.
1533 2084 114 66 vui.
1590 2084 100 66 coli.

1068 2126 75 51 s
1098 2126 166 51 erminus
1219 2126 211 51 significat
1385 2126 166 51 aliquam
1506 2126 151 51 temodo
1611 2126 151 51 nullam
1717 2126 151 51 partem
1808 2126 75 51 eiu

1063 2164 131 53 bidem.

1067 2172 161 79 enatius
1184 2172 132 79 esteo
1272 2172 234 79 quateruatius
1462 2172 117 79 sunt
1535 2172 161 79 eiusdem
1652 2172 175 79 specici.
1769 2172 102 79 folio

1064 2242 160 54 hxxvii.
1181 2242 102 54 co.
1225 2242 131 54 quarta.

1071 2250 135 91 ertam
1161 2250 120 91 esse
1236 2250 180 91 rotundam
1371 2250 240 91 demonstratur
1567 2250 90 91 in
1612 2250 165 91 physica
1732 2250 105 91 qua
1777 2250 105 91 astro

1074 2327 114 50 logia.
1153 2327 80 50 fo.
1199 2327 102 50 xvii.
1267 2327 80 50 co.
1301 2327 57 50 ii.

1079 2333 179 89 lieologus
1217 2333 110 89 quis
1285 2333 96 89 est
1340 2333 192 89 censendus.
1492 2333 96 89 so.
1547 2333 82 89 x.
1588 2333 96 89 co.
1629 2333 110 89 quarta

1066 2396 177 68 heologia
1202 2396 204 68 collecntiue
1366 2396 122 68 capta
1447 2396 95 68 est
1502 2396 163 68 scientia
1624 2396 177 68 practica.
1760 2396 82 68 fo
1787 2396 82 68 &iii

1065 2444 184 51 columna
1182 2444 134 51 quatta

1088 2479 186 62 hesautus
1227 2479 124 62 quid
1289 2479 93 62 est.

1469 2477 150 68 polio.
1574 2477 150 68 cxxii.
1664 2477 135 68 columna

1055 2526 127 47 ptima

1069 2552 68 66 e
1097 2552 163 66 ransitum
1219 2552 82 66 de
1260 2552 136 66 etremo
1355 2552 82 66 in
1395 2552 163 66 extremum
1518 2552 95 66 non
1572 2552 95 66 fit
1626 2552 109 66 nisi
1694 2552 109 66 fiat
1749 2552 122 66 transit

1075 2603 93 51 per
1128 2603 146 51 medium.
1234 2603 93 51 fo.
1287 2603 93 51 he.
1340 2603 93 51 co.
1380 2603 80 51 iii.

1079 2638 179 53 tistamur
1213 2638 134 53 magis
1302 2638 89 53 ex
1347 2638 134 53 ptimo
1436 2638 149 53 nuncio
1541 2638 179 53 infortum
1675 2638 119 53 quae
1749 2638 89 53 ei
1779 2638 104 53 tecor

1074 2684 135 53 datione
1172 2684 184 53 posterioti.
1319 2684 98 53 fto.
1380 2684 135 53 xtiiii.
1478 2684 98 53 col.
1527 2684 74 53 iiii

1063 2718 175 67 ristitia
1194 2718 175 67 clitisti
1325 2718 87 67 in
1369 2718 175 67 passione
1500 2718 102 67 non
1558 2718 116 67 fuit
1631 2718 218 67 naturaliter
1791 2718 102 67 produ

1062 2759 100 65 cta.
1124 2759 88 65 sed
1174 2759 125 65 libere
1262 2759 163 65 permissa.
1387 2759 75 65 to
1424 2759 75 65 ct
1462 2759 100 65 vui.
1524 2759 100 65 col.
1574 2759 75 65 iii.

1907 2358 273 90 Solequi.
2112 2358 159 90 eg.
2180 2358 68 90 a

1885 2428 114 90 et
1942 2428 133 90 Pel
2018 2428 152 90 equi
2113 2428 114 90 et
2170 2428 95 90 s
2208 2428 114 90 s
2246 2428 76 90 th

1939 2489 70 63 ve
1962 2489 82 63 vrrun

1908 2563 82 89 et
1949 2563 68 89 F
1977 2563 110 89 exee
2045 2563 110 89 saet
2114 2563 82 89 et
2155 2563 164 89 vehxfruo
2264 2563 55 89 vi

1893 2615 94 85 us
1940 2615 94 85 ve
1988 2615 126 85 ssed
2066 2615 94 85 ee
2113 2615 141 85 tmper
2208 2615 79 85 e
2223 2615 79 85 etr
