2282 3287
713 186 250 91 hialogus
900 186 125 91 de
963 186 229 91 materia
1109 186 270 91 â‹heologica.

262 264 107 84 non
323 264 198 84 sepeniter
475 264 198 84 desistit.
628 264 107 84 ham
689 264 122 84 quae
765 264 351 84 praedicandadecenter
1070 264 198 84 scribunt:
1223 264 107 84 non
1284 264 107 84 suo
1345 264 153 84 tantum
1452 264 122 84 ore:
1528 264 107 84 sed
1589 264 137 84 omnim
1681 264 122 84 quos
1742 264 183 84 erudierunt

271 333 228 63 raedicant:
450 333 114 63 nec
515 333 114 63 vno
580 333 163 63 tantum
694 333 147 63 seclb
792 333 114 63 sed
857 333 195 63 quotquot
1004 333 147 63 eorum
1102 333 195 63 doctrina
1248 333 212 63 steterit.
1411 333 98 63 c.
1460 333 195 63 Iccipio.
1606 333 114 63 sed
1672 333 98 63 vt
1721 333 179 63 hlaccus
1835 333 81 63 ait

264 386 206 52 lortalia
418 386 154 52 facta
521 386 189 52 pibunt.
659 386 189 52 hebemus
796 386 154 52 morti
899 386 120 52 non
967 386 240 52 nostraque.
1156 386 103 52 ht
1208 386 172 52 deneas
1328 386 189 52 dyluius
1465 386 189 52 cpostea
1602 386 120 52 apa
1654 386 240 52 hiusdicisus.

270 444 101 54 de
321 444 152 54 situm
422 444 186 54 minotis
557 444 135 54 Isie
641 444 202 54 loquans:
793 444 253 54 Aristotelis
995 444 186 54 seripta
1130 444 169 54 inquit
1248 444 219 54 aliquando
1417 444 202 54 temporis
1569 444 219 54 edacitate
1720 444 186 54 absumenda

266 491 136 61 sunt:
357 491 166 61 ideoque
477 491 136 61 bonum
568 491 151 61 fuerit
674 491 106 61 eum
734 491 136 61 opari
825 491 136 61 cibum
916 491 121 61 quae
991 491 106 61 non
1052 491 166 61 pierit.
1173 491 91 61 b.
1218 491 106 61 Suo
1278 491 166 61 tempore
1399 491 151 61 pitura
1505 491 121 61 sint
1581 491 242 61 onristotelis
1762 491 136 61 aliorum

259 548 105 65 que
319 548 165 65 scripta
439 548 105 65 nec
499 548 195 65 definitum
648 548 105 65 est
708 548 75 65 a
738 548 120 65 hio:
813 548 135 65 neque
903 548 90 65 si
948 548 195 65 definitum
1097 548 150 65 fuerit
1202 548 150 65 omnino
1307 548 105 65 pro
1367 548 180 65 concesso
1502 548 225 65 recipiendum
1681 548 165 65 fuerit.
1801 548 105 65 qt.
1846 548 60 65 so

260 607 112 61 tum
324 607 224 61 assentiox:
500 607 112 61 sed
564 607 144 61 tanta
660 607 112 61 est
723 607 128 61 nunc
803 607 192 61 librorum
947 607 224 61 congeries:
1123 607 96 61 vt
1171 607 176 61 quorsum
1299 607 96 61 se
1347 607 192 61 diuertat
1491 607 176 61 ignoret
1618 607 176 61 qlibet.
1746 607 96 61 h.
1794 607 96 61 in
1826 607 80 61 quo

262 655 140 59 libet
356 655 140 59 libro
449 655 171 59 aliquid
574 655 218 59 frugiferum
745 655 202 59 inuenies:
901 655 109 59 cde
963 655 125 59 opus
1041 655 93 59 ab
1088 655 202 59 aliquibus
1243 655 202 59 neglectum
1399 655 93 59 in
1446 655 140 59 magno
1539 655 171 59 praecio
1663 655 109 59 est
1726 655 140 59 apdud
1804 655 93 59 alio

268 714 179 67 propter
398 714 163 67 vatias
512 714 196 67 materias
659 714 261 67 occurrenteo.
871 714 131 67 vnin
953 714 98 67 vt
1002 714 163 67 ecelua
1116 714 131 67 ait.
1198 714 212 67 scribendi
1361 714 163 67 libtos
1475 714 163 67 nullus
1589 714 114 67 est
1654 714 163 67 finis.
1768 714 114 67 cod
1817 714 82 67 con

256 755 124 67 tra
327 755 159 67 illud
433 755 124 67 non
504 755 177 67 multum
628 755 266 67 reluctabor:
841 755 124 67 sed
911 755 106 67 de
965 755 142 67 isto
1053 755 177 67 genere
1177 755 230 67 scribendi
1354 755 212 67 plerique
1513 755 283 67 obloquuntur:
1744 755 124 67 est
1797 755 106 67 ruga

261 814 101 62 ta
312 814 168 62 stonte
430 814 236 62 threologos
615 814 236 62 apparenter
800 814 253 62 subsammant.
1019 814 101 62 id
1070 814 152 62 cause
1171 814 118 62 est
1238 814 135 62 quod
1322 814 185 62 pluries
1457 814 253 62 Iristotelem
1659 814 101 62 in
1710 814 185 62 physico
1828 814 67 62 au

258 868 133 76 ditu
341 868 100 76 es
391 868 149 76 prima
491 868 249 76 philosophia
690 868 116 76 cum
756 868 133 76 eius
839 868 266 76 commentatore
1055 868 216 76 allegatum
1221 868 216 76 inuenies:
1387 868 133 76 quae
1470 868 199 76 doctores
1620 868 216 76 ecelesia.
1786 868 100 76 h.
1819 868 83 76 ome

252 922 189 63 cundum
384 922 227 63 materias
555 922 265 63 occurentes
763 922 151 63 nunc
857 922 284 63 philosophum
1084 922 151 63 nunc
1179 922 227 63 doctores
1349 922 227 63 ecclesia
1519 922 265 63 scribentes
1708 922 189 63 introdu-

261 975 157 61 cunt:
365 975 192 61 vnumque
505 975 227 61 facientes
679 975 157 61 aliud
784 975 122 61 non
854 975 227 61 omittunt:
1028 975 105 61 vt
1081 975 244 61 theologiam
1273 975 262 61 scientiarum
1482 975 140 61 deam
1569 975 87 61 a
1604 975 140 61 vera
1674 975 227 61 philosophia

253 1029 120 57 non
321 1029 189 57 deuiare
459 1029 240 57 ostendant:
647 1029 103 57 ei
699 1029 103 57 vt
750 1029 206 57 paruulos
904 1029 120 57 per
973 1029 292 57 manuductiones
1213 1029 103 57 in
1265 1029 137 57 fide
1350 1029 171 57 alant:
1470 1029 206 57 secundum
1625 1029 154 57 beati
1728 1029 154 57 hetri
1813 1029 86 57 elo

260 1081 167 59 quium:
377 1081 167 59 parati
494 1081 167 59 semper
610 1081 100 59 ad
660 1081 333 59 sanctificationem
944 1081 133 59 omni
1027 1081 200 59 poscenti
1177 1081 100 59 vo
1227 1081 200 59 rationem
1377 1081 100 59 de
1427 1081 100 59 ea
1477 1081 117 59 que
1544 1081 100 59 in
1594 1081 150 59 vobis
1694 1081 117 59 est
1761 1081 133 59 spe.
1827 1081 67 59 c.

262 1133 138 76 hace
348 1133 121 76 tua
417 1133 121 76 non
486 1133 259 76 satissacie.
693 1133 172 76 videre
814 1133 138 76 enim
900 1133 172 76 nequeo
1021 1133 190 76 quantum
1158 1133 224 76 theologie
1331 1133 207 76 conducat
1486 1133 121 76 tot
1555 1133 207 76 friuolas
1693 1133 207 76 positiones

251 1181 106 70 de
304 1181 493 70 resitiombmuusintersiorne
745 1181 194 70 sormean
886 1181 159 70 sinem
991 1181 211 70 porendsm
1150 1181 176 70 puncta
1273 1181 106 70 in
1326 1181 247 70 contimorem
1520 1181 141 70 quae
1608 1181 176 70 ccteri
1731 1181 106 70 id
1767 1181 123 70 gerus

254 1243 286 75 prodigaliter
486 1243 286 75 pertractare.
719 1243 214 75 siquidem
880 1243 214 75 aditumad
1040 1243 250 75 theologiam
1237 1243 143 75 fiec
1326 1243 125 75 non
1398 1243 268 75 ministrant:
1612 1243 125 75 sed
1684 1243 232 75 obsuscant
1845 1243 71 75 on

252 1287 273 60 obtenebrant.
474 1287 119 60 hon
542 1287 119 60 sic
610 1287 153 60 autem
712 1287 102 60 ad
764 1287 256 60 ompartiatas
968 1287 273 60 ionathiaorec
1190 1287 222 60 hlachabei
1360 1287 307 60 scriptitarunt.
1616 1287 171 60 libros
1735 1287 136 60 enim
1804 1287 102 60 san-

259 1348 139 61 ctor
346 1348 139 61 quom
432 1348 122 61 pro
502 1348 191 61 manibus
641 1348 191 61 sabuere
780 1348 139 61 sibi
867 1348 191 61 loaitio
1006 1348 139 61 esse
1093 1348 261 61 aftirmatute
1302 1348 122 61 let
1371 1348 261 61 simortsieo:
1580 1348 209 61 posiosu:
1737 1348 139 61 iqui
1806 1348 87 61 rum

260 1404 177 65 permane
389 1404 97 65 in
437 1404 113 65 his
502 1404 129 65 quae
582 1404 210 65 didicisti
743 1404 97 65 cs
792 1404 177 65 credita
921 1404 129 65 sunt
1001 1404 145 65 tibi:
1098 1404 177 65 scieris
1227 1404 81 65 a
1259 1404 113 65 quo
1324 1404 226 65 didiceris:
1501 1404 113 65 est
1566 1404 129 65 quia
1646 1404 97 65 ab
1694 1404 193 65 infantia
1823 1404 81 65 sa-

252 1459 137 69 cras
338 1459 189 69 literas
475 1459 154 69 nosti
578 1459 103 69 te
629 1459 189 69 possunt
766 1459 223 69 instruere
938 1459 103 69 ad
989 1459 206 69 salutem.
1144 1459 120 69 hoc
1212 1459 154 69 ipsum
1315 1459 103 69 ad
1366 1459 137 69 itum
1452 1459 206 69 scribit.
1606 1459 103 69 in
1658 1459 189 69 prologo
1778 1459 120 69 quar-

247 1510 100 61 ti
297 1510 166 61 illius
414 1510 233 61 senteritie
596 1510 166 61 noster
713 1510 116 61 per
779 1510 199 61 laiorcvt
929 1510 100 61 in
979 1510 166 61 lumine
1095 1510 166 61 patet)
1211 1510 150 61 erat:
1311 1510 133 61 nunc
1394 1510 166 61 suoxum
1511 1510 199 61 dictorum
1660 1510 183 61 immeior
1793 1510 100 61 ad
1827 1510 66 61 ea

257 1564 130 64 quae
338 1564 130 64 tunc
419 1564 260 64 floccipendit
631 1564 212 64 vtriusque
794 1564 146 64 oculi
891 1564 146 64 aciem
989 1564 228 64 conuertit.
1168 1564 81 64 .
1200 1564 146 64 tlunc
1298 1564 146 64 modum
1396 1564 212 64 scribendi
1558 1564 98 64 in
1607 1564 228 64 sententias
1786 1564 81 64 a
1802 1564 98 64 tre-

256 1621 169 67 centis
374 1621 152 67 annis
476 1621 236 67 scriptores
661 1621 270 67 obseruauere:
881 1621 101 67 et
932 1621 101 67 si
982 1621 169 67 preter
1100 1621 203 67 rationem
1252 1621 101 67 id
1303 1621 169 67 factum
1421 1621 135 67 esse
1506 1621 186 67 censeas
1641 1621 152 67 inuvt
1725 1621 169 67 vulgarim

256 1670 113 53 ter
321 1670 162 53 aiunt)
434 1670 194 53 communis
579 1670 162 53 erroru
692 1670 162 53 facit.
806 1670 178 53 bibliam
935 1670 129 53 duae
1016 1670 226 53 faciliores
1194 1670 210 53 theologie
1355 1670 162 53 partes
1468 1670 113 53 non
1533 1670 146 53 nulli
1630 1670 210 53 exoptant.
1776 1670 129 53 abscon

253 1725 103 65 si
304 1725 103 65 ee
356 1725 240 65 intricatas
544 1725 291 65 calculationes
784 1725 154 65 alii:
887 1725 154 65 modoc
989 1725 206 65 secundum
1143 1725 206 65 apostoli
1298 1725 257 65 sententiam.
1503 1725 171 65 Srecis
1623 1725 103 65 es
1674 1725 206 65 parbaris
1811 1725 86 65 de-

253 1778 146 64 bitor
350 1778 113 64 est
415 1778 227 64 theologus.
593 1778 97 64 he
642 1778 146 64 autem
739 1778 130 64 quas
820 1778 227 64 existimant
998 1778 243 64 quaestiones
1193 1778 178 64 futiles
1323 1778 162 64 crebro
1436 1778 162 64 scalam
1550 1778 276 64 intelligentia
1777 1778 97 64 ad
1809 1778 81 64 sa-

255 1838 129 63 cras
335 1838 177 63 literas
464 1838 242 63 capessendas
658 1838 226 63 praestant.
835 1838 209 63 Quinetiam
996 1838 97 63 in
1044 1838 161 63 stonte
1157 1838 161 63 fiuius
1270 1838 145 63 primi
1366 1838 193 63 bessaior
1511 1838 161 63 noster
1624 1838 177 63 eiusdem
1753 1838 113 63 est
1801 1838 97 63 mem-

251 1893 119 57 tis
319 1893 119 57 cum
387 1893 187 57 exordio
523 1893 187 57 quarti.
660 1893 153 57 sicut
762 1893 238 57 frequenter
949 1893 102 57 ab
1000 1893 136 57 eius
1086 1893 119 57 ore
1154 1893 221 57 accepione
1324 1893 204 57 accipio.
1477 1893 85 57 e
1511 1893 136 57 vero
1596 1893 187 57 aliorum
1716 1893 170 57 opinatio

257 1946 118 61 nes
325 1946 236 61 peregtinas
510 1946 118 61 non
577 1946 152 61 nulli
678 1946 236 61 recensent:
864 1946 101 61 eo
914 1946 118 61 eas
981 1946 236 61 multiplici
1167 1946 168 61 genere
1285 1946 219 61 argumenti
1453 1946 236 61 exuberanti
1638 1946 202 61 verborum
1773 1946 118 61 dica-

248 1991 163 64 citate
362 1991 228 64 confutant:
541 1991 179 64 nunquam
672 1991 245 64 approbauit.
867 1991 163 64 talium
982 1991 130 64 enim
1063 1991 212 64 caducarum
1226 1991 228 64 positionum
1406 1991 212 64 succincta
1569 1991 228 64 recitatio:
1732 1991 163 64 earundem

243 2050 123 53 est
314 2050 247 53 sufficiens
508 2050 229 53 explosio.
684 2050 106 53 ln
737 2050 211 53 materiis
895 2050 141 53 vero
983 2050 211 53 vtrinque
1142 2050 282 53 apparentibus
1371 2050 176 53 maiori
1494 2050 141 53 mora
1582 2050 141 53 opus
1671 2050 141 53 est:
1759 2050 88 53 c
1776 2050 106 53 hunc

252 2103 156 69 modum
356 2103 173 69 tenere
477 2103 156 69 ratum
581 2103 121 69 est
650 2103 208 69 magister
806 2103 191 69 noster.
945 2103 104 69 S.
997 2103 87 69 e
1031 2103 208 69 theologo
1187 2103 139 69 fiec
1274 2103 243 69 prasupponi
1464 2103 191 69 fiabem:
1603 2103 87 69 e
1637 2103 156 69 prius
1741 2103 104 69 in
1776 2103 104 69 phi-

253 2155 201 66 losophia
404 2155 201 66 videnda:
554 2155 134 66 esio
638 2155 100 66 si
688 2155 117 66 ita
755 2155 167 66 factum
872 2155 167 66 fuerit
989 2155 251 66 compendiose
1190 2155 117 66 non
1257 2155 284 66 improbauerim.
1491 2155 100 66 b.
1541 2155 100 66 in
1591 2155 217 66 theologia
1758 2155 117 66 hec
1808 2155 84 66 con

247 2206 154 75 sulto
350 2206 240 75 scribentes
539 2206 275 75 interserunt.
762 2206 120 75 sum
830 2206 154 75 primo
933 2206 103 75 vt
985 2206 257 75 philosophos
1191 2206 103 75 ad
1242 2206 120 75 hoc
1311 2206 189 75 sauctum
1448 2206 189 75 studium
1585 2206 137 75 more
1671 2206 206 75 crigenis
1808 2206 69 75 in

251 2265 178 59 ducant
376 2265 89 59 c
412 2265 250 59 alliciant:
608 2265 125 59 sum
679 2265 196 59 secundo
822 2265 143 59 quia
911 2265 125 59 vix
982 2265 178 59 iactis
1107 2265 107 59 in
1161 2265 268 59 philosophia
1375 2265 196 59 solidis
1517 2265 268 59 fundamentis
1714 2265 178 59 prouecta

261 2314 152 70 tatis
362 2314 135 70 viri
446 2314 101 70 ad
497 2314 236 70 theologiam
682 2314 219 70 aduolant:
851 2314 118 70 qui
918 2314 152 70 manum
1019 2314 219 70 supponere
1187 2314 168 70 ferule
1305 2314 101 70 in
1356 2314 185 70 artibus
1491 2314 286 70 erubescerent:
1726 2314 101 70 ce
1760 2314 118 70 tamen

245 2364 121 60 ben
314 2364 121 60 sub
383 2364 225 60 theolopic
557 2364 156 60 vmbra
661 2364 225 60 minutatim
834 2364 139 60 ficc
921 2364 243 60 colsigunt:
1111 2364 104 60 et
1163 2364 104 60 si
1215 2364 104 60 in
1267 2364 121 60 his
1336 2364 191 60 eruditi
1475 2364 191 60 fuerint
1596 2364 295 60 sapientioreseua

251 2420 154 62 srint
353 2420 137 62 quia
439 2420 188 62 secudum
576 2420 205 62 spienten
730 2420 205 62 aiudsens
883 2420 171 62 sapice
1003 2420 256 62 sapserntior
1208 2420 154 62 erste
1311 2420 137 62 smut
1396 2420 120 62 sum
1465 2420 154 62 nonab
1567 2420 239 62 rteresicio
1738 2420 137 62 atatro

254 2472 265 65 oblectamenti
470 2472 166 65 gratia
586 2472 149 65 murem
686 2472 166 65 arator
802 2472 216 65 nonumquae
968 2472 265 65 prosequitur.
1183 2472 133 65 ergo
1266 2472 100 65 in
1316 2472 149 65 vitis
1416 2472 166 65 patrum
1532 2472 182 65 memorie
1664 2472 199 65 proditum
1797 2472 83 65 est

258 2528 222 63 plerosque
429 2528 154 63 nulla
531 2528 120 63 spe
600 2528 154 63 lucri
702 2528 239 63 perlectos:
890 2528 120 63 sed
958 2528 188 63 vitandi
1095 2528 137 63 ocii
1181 2528 154 63 causa
1283 2528 154 63 rebus
1386 2528 222 63 mechamcis
1556 2528 171 63 operam
1676 2528 188 63 nauasse
1796 2528 85 63 non

254 2581 202 56 modicam.
406 2581 118 56 qi.
473 2581 118 56 hoo
541 2581 118 56 sic
608 2581 236 56 institutum
793 2581 152 56 istud
894 2581 185 56 laudas:
1029 2581 118 56 sed
1096 2581 185 56 errores
1231 2581 118 56 sub
1298 2581 168 56 quodam
1416 2581 202 56 velamine
1568 2581 135 56 veri
1652 2581 152 56 tueri
1736 2581 152 56 satagis

255 2637 111 59 tie
319 2637 95 59 id
366 2637 159 59 paucis
478 2637 127 59 tibi
557 2637 191 59 detegere
701 2637 175 59 enitar.
828 2637 191 59 hostquam
971 2637 127 59 enim
1051 2637 159 59 magnam
1162 2637 159 59 partem
1273 2637 127 59 ocii
1353 2637 207 59 literarii
1512 2637 95 59 in
1560 2637 239 59 philosophia
1735 2637 143 59 aristo-

242 2691 171 77 telica
362 2691 274 77 sententiarii
584 2691 274 77 conlumpsere:
807 2691 120 77 non
875 2691 137 77 modo
961 2691 137 77 eius
1046 2691 205 77 scripta:
1200 2691 120 77 sed
1269 2691 120 77 con
1337 2691 154 77 modum
1440 2691 223 77 scribendi
1611 2691 223 77 vsurpant.
1782 2691 103 77 vt
1817 2691 68 77 in

1619 2748 85 73 am
1647 2748 57 73 ii

1896 2201 186 102 Lxxxv
2020 2201 124 102 â‹v
2083 2201 103 102 o
2124 2201 124 102 ve
2165 2201 83 102 lt

1880 2274 117 101 v
1926 2274 163 101 sev
2020 2274 187 101 hbet
2113 2274 140 101 gia
