2375 3306
17 1858 147 114 e
75 1858 235 114 pruo
222 1858 176 114 Qe
281 1858 117 114 td

39 1940 76 87 P
69 1940 152 87 Cconee
176 1940 137 87 etepe
267 1940 122 87 cete
327 1940 46 87 t

920 180 247 98 hialogus
1106 180 123 98 de
1167 180 226 98 materia
1311 180 268 98 Lheologica.

376 253 190 89 prludio
514 253 156 89 primi
618 253 156 89 libyi
721 253 259 89 dialectices
929 253 242 89 laurentius
1119 253 86 89 v
1154 253 207 89 allensis
1309 253 190 89 querens
1447 253 104 89 an
1499 253 156 89 plura
1603 253 190 89 qualius
1741 253 207 89 quispiam
1879 253 156 89 Aristo-

379 323 147 75 teles
476 323 261 75 composuerit.
688 323 114 75 sic
754 323 179 75 inquit.
884 323 114 75 ded
949 323 81 75 o
982 323 147 75 plura
1079 323 244 75 compilauit:
1275 323 98 75 in
1324 323 114 75 quo
1389 323 261 75 improbitatem
1601 323 130 75 eius
1682 323 147 75 licet
1780 323 228 75 cognoscas:
1943 323 98 75 quod

377 370 113 67 que
441 370 194 67 compilat
587 370 113 67 non
651 370 145 67 illis
748 370 161 67 refert
861 370 178 67 accepta
990 370 81 67 a
1022 370 161 67 quipus
1135 370 194 67 sumpsit:
1281 370 113 67 sed
1345 370 129 67 sibi
1426 370 194 67 vedicat:
1571 370 113 67 quo
1636 370 161 67 eosdem
1749 370 210 67 vbicumque
1894 370 145 67 peccal-

377 430 234 73 seopintur
557 430 180 73 eitium
683 430 198 73 atdente
828 430 180 73 fumnam
954 430 126 73 ore
1026 430 234 73 continete
1206 430 180 73 posset
1332 430 144 73 quae
1422 430 126 73 non
1494 430 162 73 olate
1602 430 180 73 doncut
1729 430 180 73 Teneas
1855 430 180 73 crluue
1963 430 72 73 de

379 485 232 67 palestepsi
562 485 182 67 minoris
694 485 116 67 sia
760 485 99 67 de
810 485 232 67 aristotele
992 485 182 67 loquens
1124 485 116 67 sic
1191 485 199 67 asserit.
1340 485 116 67 ded
1406 485 182 67 meliusm
1538 485 149 67 cuneo
1638 485 149 67 actum
1737 485 116 67 est
1803 485 132 67 quae
1886 485 116 67 cum
1936 485 99 67 reli

377 541 142 70 quis:
472 541 158 70 quorum
583 541 142 70 opera
678 541 190 70 funditus
820 541 190 70 periere:
963 541 127 70 este
1042 541 127 70 ipse
1121 541 142 70 causa
1216 541 174 70 extitit
1343 541 111 70 cur
1406 541 142 70 multa
1501 541 206 70 perirent:
1659 541 111 70 qui
1722 541 174 70 aliorum
1849 541 174 70 gloriam
1976 541 95 70 ad

385 594 97 59 se
433 594 178 59 traxit.
562 594 145 59 dicut
659 594 97 59 in
708 594 129 59 sedi
788 594 145 59 libri
885 594 161 59 capite
998 594 97 59 de
1047 594 161 59 logica
1160 594 145 59 valla
1256 594 194 59 recitat:
1402 594 113 59 sic
1466 594 97 59 de
1515 594 210 59 theologia
1676 594 258 59 sententiarum
1870 594 161 59 inuenies

384 649 106 59 Cum
445 649 152 59 tursus
551 649 121 59 ait.
627 649 182 59 quicquid
763 649 197 59 infinitis
915 649 152 59 libris
1022 649 243 59 tradiderunt.
1219 649 91 59 id
1265 649 121 59 omne
1340 649 228 59 paucissimis
1523 649 137 59 tradi
1614 649 213 59 praeceptis
1781 649 182 59 potuisse
1918 649 152 59 animad

384 705 152 65 uerto.
490 705 121 65 Quid
566 705 152 65 igitur
672 705 137 65 aliud
763 705 137 65 cause
854 705 137 65 tante
945 705 212 65 pliritatis
1112 705 152 65 credas
1219 705 152 65 fuisse
1325 705 121 65 nisi
1401 705 137 65 ianem
1492 705 228 65 arrogantiam
1674 705 137 65 eorum
1765 705 167 65 quaedum
1886 705 137 65 vitea
1962 705 76 65 lon

388 750 93 72 ge
434 750 170 72 lateque
557 750 201 72 disffundi
712 750 201 72 sarmentis
866 750 170 72 paudent
990 750 124 72 vuam
1067 750 93 72 in
1113 750 201 72 labruscam
1268 750 232 72 mutauerunt:
1453 750 154 72 cadde.
1561 750 124 72 quid
1638 750 263 72 indignissimum
1855 750 124 72 est,
1932 750 108 72 cum
1978 750 62 72 ca

377 807 181 70 ptiones
508 807 279 70 cauillationes
738 807 213 70 calumnias
902 807 148 70 video
1001 807 148 70 quasm
1099 807 115 70 oue
1165 807 197 70 exercent
1313 807 131 70 cune
1395 807 181 70 docent.
1526 807 115 70 non
1592 807 164 70 possum
1707 807 115 70 eis
1772 807 115 70 non
1822 807 213 70 succensere.

375 858 145 71 quasi
472 858 210 71 prtaticam
633 858 113 71 non
698 858 178 71 naualem
827 858 113 71 re:
892 858 178 71 siuecvt
1021 858 178 71 mollius
1150 858 194 71 loquaruo
1296 858 194 71 palestra
1441 858 113 71 pro
1506 858 178 71 militia
1635 858 242 71 disciplinam
1813 858 210 71 tradentibus

384 914 136 65 Erat
469 914 136 65 enim
554 914 237 65 dialectica
740 914 119 65 res
808 914 169 65 breuis
926 914 186 65 prorsus
1062 914 119 65 otc
1130 914 203 65 facilis:
1282 914 102 65 id
1333 914 136 65 quod
1418 914 102 65 ex
1469 914 271 65 comparatione
1689 914 220 65 rfetotice
1842 914 203 65 diiudicari

378 972 161 64 potest.
496 972 117 64 ounc
569 972 147 64 paucis
672 972 235 64 innteriectis
862 972 147 64 dicit.
965 972 132 64 hulla
1053 972 176 64 doctrina
1185 972 117 64 mili
1258 972 161 64 breuior
1375 972 220 64 faciliorque
1551 972 117 64 quae
1625 972 205 64 dialectica
1786 972 176 64 videtur:
1918 972 88 64 vt
1947 972 88 64 quam

389 1030 144 61 aliis
485 1030 208 61 maloribus
645 1030 176 61 seruit:
773 1030 128 61 quam
854 1030 112 61 non
918 1030 144 61 intta
1014 1030 160 61 plures
1126 1030 128 61 quis
1206 1030 160 61 mense:
1318 1030 128 61 quae
1398 1030 256 61 pgrammaticam
1606 1030 144 61 intra
1703 1030 304 61 annosperdiscet.
1959 1030 112 61 ded

390 1077 193 67 videlicet
538 1077 148 67 liuius
642 1077 148 67 puelle
746 1077 148 67 parens
850 1077 104 67 dum
909 1077 133 67 timet
998 1077 89 67 ne
1042 1077 133 67 filia
1131 1077 104 67 sua
1190 1077 119 67 quod
1264 1077 133 67 fusca
1353 1077 119 67 quod
1427 1077 178 67 strigosa
1561 1077 119 67 quod
1635 1077 163 67 pusilla
1753 1077 119 67 est.
1828 1077 148 67 nullos
1916 1077 119 67 inueni

379 1132 98 61 at
428 1132 180 61 procodo
559 1132 164 61 mapgne
673 1132 147 61 dotis
772 1132 164 61 specie
886 1132 115 61 sne
952 1132 147 61 abitu
1050 1132 262 61 commendandam
1263 1132 197 61 pucauit:
1411 1132 98 61 vt
1460 1132 147 61 mltos
1558 1132 262 61 sollicitaret
1771 1132 98 61 ad
1804 1132 229 61 contubernium

380 1180 212 63 eiussulti
542 1180 163 63 itaque
656 1180 130 63 sine
738 1180 146 63 dubio
835 1180 114 63 spe
901 1180 228 63 diuitiarum
1080 1180 244 63 concurrunt.
1275 1180 114 63 sed
1340 1180 114 63 non
1405 1180 130 63 fere
1487 1180 130 63 alii
1568 1180 130 63 quae
1649 1180 179 63 plebei:
1780 1180 195 63 obseuri.
1910 1180 130 63 ignobi

376 1229 126 73 les.
455 1229 142 73 omnim
550 1229 142 73 rerum
645 1229 174 73 inopes:
771 1229 95 73 ic
818 1229 111 73 qui
881 1229 142 73 alias
976 1229 221 73 facultates
1150 1229 95 73 ad
1197 1229 142 73 veras
1292 1229 189 73 diuitias
1434 1229 253 73 desperarent.
1639 1229 95 73 ld
1687 1229 126 73 idem
1766 1229 221 73 rectissime
1939 1229 126 73 modo

384 1287 130 67 nunc
465 1287 244 67 theologicam
660 1287 211 67 tractanti
822 1287 227 67 contingit.
1001 1287 211 67 optimatum
1163 1287 97 67 oc
1212 1287 227 67 locupletum
1390 1287 162 67 liberi
1504 1287 81 67 u
1537 1287 162 67 logica
1650 1287 130 67 este
1731 1287 227 67 theosophia
1894 1287 146 67 relicta

372 1341 104 71 ad
424 1341 156 71 leges
528 1341 208 71 ocvssime
684 1341 139 71 post
770 1341 191 71 auditas
909 1341 208 71 summulas
1065 1341 173 71 ruunt.
1186 1341 191 71 blagnam
1325 1341 243 71 afluentiam
1515 1341 104 71 ad
1567 1341 208 71 summulas
1723 1341 104 71 in
1775 1341 208 71 poauarra
1914 1341 121 71 colle

376 1394 117 63 pio
443 1394 117 63 vel
510 1394 218 63 purgundia
678 1394 168 63 facile
795 1394 117 63 est
862 1394 218 63 reperire.
1030 1394 117 63 sed
1097 1394 251 63 obpcenuriam
1298 1394 302 63 licentiandorum
1549 1394 101 63 in
1599 1394 134 63 fine
1683 1394 168 63 cursus
1800 1394 117 63 cum
1867 1394 151 63 bursa
1951 1394 84 63 va-

383 1457 114 59 cua
448 1457 196 59 regentes
595 1457 228 59 discedunt.
774 1457 98 59 ue
823 1457 147 59 totus
921 1457 147 59 error
1018 1457 114 59 est
1084 1457 179 59 quoniam
1214 1457 179 59 tritico
1344 1457 179 59 relicto
1475 1457 98 59 ad
1524 1457 163 59 paleas
1638 1457 212 59 curritur.
1801 1457 163 59 Quidde
1899 1457 130 59 theolo

381 1498 115 74 pis
446 1498 230 74 neotericis
627 1498 214 74 indialogo
792 1498 197 74 delibero
940 1498 197 74 arbitrio
1088 1498 132 74 idem
1170 1498 82 74 v
1203 1498 132 74 alla
1285 1498 148 74 dicat
1384 1498 148 74 queso
1482 1498 230 74 considera.
1663 1498 99 74 it
1713 1498 197 74 allaciam
1861 1498 115 74 non
1910 1498 115 74 causa

380 1554 96 65 vt
428 1554 143 65 causa
523 1554 96 65 in
571 1554 159 65 medium
683 1554 159 65 affers
794 1554 223 65 diguissime
969 1554 207 65 perfecte.
1128 1554 143 65 multa
1224 1554 191 65 veritati
1367 1554 175 65 consona
1495 1554 223 65 recitasti.
1670 1554 159 65 quondo
1781 1554 96 65 in
1829 1554 191 65 iuuenili
1956 1554 80 65 ata

377 1608 103 70 te
428 1608 120 70 qua
497 1608 171 70 studio
617 1608 223 70 accomoda.
788 1608 154 70 omnes
891 1608 154 70 finem
994 1608 206 70 statuunt
1148 1608 103 70 vt
1200 1608 103 70 in
1251 1608 274 70 maturioribus
1474 1608 154 70 annis
1577 1608 206 70 tramqlle
1731 1608 189 70 viuant:
1851 1608 189 70 optimatum

375 1662 150 69 filii
475 1662 133 69 omni
558 1662 166 69 studio
674 1662 266 69 praetermisso
890 1662 166 69 fauore
1007 1662 199 69 parentum
1156 1662 100 69 ad
1206 1662 183 69 honores
1339 1662 166 69 passim
1455 1662 266 69 conscendunt.
1671 1662 100 69 De
1721 1662 100 69 te
1771 1662 166 69 tuique
1870 1662 150 69 simili-

373 1715 128 58 bus
446 1715 182 58 minime
573 1715 201 58 loquox:
719 1715 128 58 sed
792 1715 109 58 de
847 1715 128 58 iis
920 1715 146 58 quos
1011 1715 164 58 vulgo
1121 1715 219 58 videmus.
1285 1715 109 58 ho
1340 1715 146 58 enim
1431 1715 164 58 multi
1540 1715 274 58 larisienses
1759 1715 109 58 de
1814 1715 219 58 opulenta
1960 1715 73 58 do

378 1771 103 61 mo
429 1771 137 61 orti
515 1771 103 61 ad
566 1771 171 61 gradum
686 1771 103 61 in
738 1771 188 61 artibus
875 1771 120 61 vel
943 1771 223 61 tbeologia
1114 1771 240 61 ascendunt.
1303 1771 120 61 sed
1371 1771 188 61 legibus
1508 1771 171 61 operam
1628 1771 171 61 raptim
1748 1771 188 61 nauant.
1885 1771 103 61 vt
1919 1771 120 61 demum

383 1821 180 64 palatim
513 1821 196 64 euadant.
660 1821 98 64 qe
709 1821 294 64 qualitercumque
954 1821 229 64 theosophia
1134 1821 261 64 tractaretur.
1346 1821 98 64 id
1395 1821 131 64 idem
1477 1821 180 64 fieret.
1607 1821 98 64 Id
1656 1821 147 64 dicta
1754 1821 212 64 laurentii
1901 1821 131 64 respo-

391 1873 124 73 dere
469 1873 265 73 innopportunum
687 1873 124 73 est.
765 1873 140 73 nulli
858 1873 171 73 fomnium
983 1873 156 73 generi
1092 1873 109 73 cut
1154 1873 171 73 nostios
1278 1873 109 73 vir
1341 1873 124 73 ille
1419 1873 202 73 pepercit:
1574 1873 93 73 et
1621 1873 93 73 in
1668 1873 124 73 eius
1745 1873 218 73 dialectice
1901 1873 140 73 spotius

390 1919 103 78 in
441 1919 275 78 deliramentis
665 1919 292 78 philosophiia)
906 1919 155 78 pluta
1009 1919 172 78 errata
1129 1919 206 78 inseruit
1284 1919 120 78 qua
1353 1919 172 78 macule
1473 1919 103 78 in
1525 1919 155 78 pardo
1628 1919 275 78 reperiantur.
1852 1919 138 78 quia
1921 1919 120 78 modum

391 1983 248 54 theologorum
590 1983 99 54 in
639 1983 182 54 dialogo
772 1983 132 54 quem
854 1983 182 54 recitas
986 1983 198 54 immitari
1135 1983 182 54 noluit:
1267 1983 149 54 omnem
1366 1983 231 54 libertatem
1548 1983 99 54 ab
1598 1983 149 54 animo
1697 1983 182 54 inscite
1829 1983 198 54 eripuit.
1961 1983 83 54 pro

381 2043 97 61 eo
429 2043 113 61 cum
494 2043 146 61 Cogio
591 2043 210 61 consulito
753 2043 97 61 ad
801 2043 129 61 alia
882 2043 97 61 de
931 2043 226 61 dristotele
1109 2043 291 61 impresentiarum
1352 2043 210 61 subticeo.
1513 2043 97 61 S.
1562 2043 113 61 hec
1627 2043 162 61 igitur
1740 2043 146 61 missa
1837 2043 178 61 faciens
1966 2043 97 61 ad

388 2089 161 64 aliud
495 2089 107 64 me
549 2089 518 64 conuertotiiiidistinctione
1014 2089 179 64 noster
1139 2089 179 64 hlaior
1264 2089 161 64 modum
1371 2089 161 64 illum
1478 2089 161 64 menti
1585 2089 268 64 Iristotelis
1800 2089 232 64 conformem
1961 2089 71 64 pu

390 2140 135 60 tat:
475 2140 135 60 quod
559 2140 152 60 minus
661 2140 169 60 idoneo
779 2140 237 60 beneficium
965 2140 220 60 conferens
1134 2140 203 60 perperam
1286 2140 152 60 agit.
1388 2140 101 60 id
1438 2140 287 60 multipliciter
1675 2140 237 60 oppugnaui.
1861 2140 118 60 sed
1912 2140 135 60 respon

389 2194 168 68 sionem
507 2194 151 68 habui
608 2194 101 68 ab
658 2194 101 68 eo
709 2194 185 68 nullam.
843 2194 101 68 p.
894 2194 135 68 thoc
978 2194 101 68 ab
1029 2194 135 68 ipso
1113 2194 236 68 intellexi.
1298 2194 219 68 succincte
1466 2194 118 68 ste
1533 2194 236 68 subtiliter
1718 2194 101 68 in
1769 2194 168 68 quodam
1870 2194 168 68 eodicel-

378 2249 102 54 lo
429 2249 85 54 a
463 2249 102 54 te
514 2249 153 54 misso
616 2249 136 54 hioc
700 2249 255 54 impugnasti.
904 2249 119 54 sed
972 2249 170 54 ipsius
1091 2249 255 54 negligentia
1294 2249 153 54 codex
1396 2249 136 54 ille
1481 2249 187 54 amissus
1617 2249 119 54 est
1685 2249 272 54 proculdubio:
1888 2249 153 54 quocir-

386 2297 97 74 ca
434 2297 113 74 esi
499 2297 210 74 placeatuo
661 2297 162 74 veniam
774 2297 145 74 dabis
871 2297 162 74 amico.
984 2297 97 74 in
1032 2297 178 74 materia
1161 2297 129 74 enim
1242 2297 259 74 problematica
1452 2297 194 74 vtranuis
1598 2297 162 74 partem
1711 2297 97 74 vt
1759 2297 145 74 nosti
1856 2297 145 74 tueri
1937 2297 97 74 sci-

378 2356 103 65 xet
437 2356 88 65 si
481 2356 176 65 velletx:
613 2356 103 65 sed
672 2356 132 65 illam
760 2356 162 65 rationi
878 2356 235 65 conformiorem
1069 2356 176 65 putauit.
1201 2356 132 65 S.hro
1289 2356 88 65 eo
1333 2356 147 65 veniam
1436 2356 191 65 implorare
1583 2356 132 65 noli.
1671 2356 118 65 quae
1744 2356 118 65 enim
1818 2356 206 65 coniunctus
1965 2356 73 65 est

385 2409 144 75 milim
481 2409 177 75 patria:
610 2409 112 75 tam
674 2409 209 75 coiunctus
834 2409 112 75 est
899 2409 209 75 amicitia.
1059 2409 241 75 interuallum
1252 2409 144 75 inter
1348 2409 80 75 d
1380 2409 160 75 etalon
1492 2409 128 75 oste
1573 2409 209 75 Slegornum
1733 2409 144 75 dequo
1829 2409 193 75 oriundus
1958 2409 80 75 est

371 2459 137 69 bene
457 2459 154 69 nosti
559 2459 189 69 opinor.
697 2459 189 69 hcptime
834 2459 154 69 noui:
937 2459 154 69 inter
1040 2459 189 69 sabbati
1177 2459 103 69 in
1228 2459 137 69 lege
1314 2459 257 69 bebrlosaica
1520 2459 103 69 vi
1571 2459 137 69 hiac
1657 2459 257 69 intercapedo
1845 2459 189 69 suscipit.

384 2516 98 84 c.
433 2516 197 84 semporis
580 2516 197 84 angustia
728 2516 98 84 me
777 2516 180 84 primit:
908 2516 213 84 discedere
1072 2516 229 84 opeprecium
1252 2516 131 84 est.
1334 2516 131 84 bene
1416 2516 180 84 valeas:
1547 2516 115 84 eue
1612 2516 98 84 me
1661 2516 164 84 nostro
1776 2516 246 84 praersaiori
1956 2516 82 84 com

377 2568 207 81 mendatum
532 2568 190 81 facito.
670 2568 86 81 i
705 2568 138 81 dene
791 2568 173 81 /aleas
912 2568 207 81 generose
1067 2568 224 81 perfecte.
1239 2568 173 81 faciam
1360 2568 104 81 id
1412 2568 104 81 ac
1446 2568 173 81 lubenos.
