2288 3632
466 318 166 64 xima
570 318 208 64 quidem
716 318 146 64 cum
799 318 229 64 gloria,
966 318 187 64 sicut
1090 318 229 64 copiose
1257 318 271 64 exponitur
1465 318 125 64 in
1528 318 250 64 historia
1715 318 271 64 Danielis,
1923 318 250 64 Hesther,

479 365 95 77 &
517 365 208 77 Esdrae.

548 417 144 65 Huc
631 417 247 65 pertinet
816 417 165 65 quod
919 417 185 65 certa
1043 417 268 65 supplicia
1249 417 206 65 certis
1393 417 103 65 a
1434 417 206 65 domino
1579 417 247 65 peccatis
1764 417 371 65 constituuntur,
2053 417 82 65 ut

473 476 166 63 fere
577 476 145 63 per
660 476 125 63 ea
722 476 249 63 puniatur
909 476 249 63 aliquis,
1096 476 145 63 per
1179 476 166 63 quae
1283 476 249 63 peccando
1470 476 228 63 dominum
1636 476 270 63 offendit.
1843 476 249 63 Peccarat
2009 476 125 63 con-

477 540 147 68 tra
561 540 231 68 dominum
729 540 294 68 parricidio
959 540 105 68 &
1001 540 273 68 adulterio
1211 540 189 68 Dauid
1337 540 105 68 :
1379 540 231 68 punitur
1547 540 168 68 ergo
1652 540 168 68 ipse
1756 540 210 68 quoque
1882 540 252 68 domesticis

476 589 241 77 probris,
657 589 241 77 stupris,
838 589 241 77 incestu,
1019 589 101 77 &
1059 589 302 77 parricidijs
1301 589 382 77 nephandissimis,
1623 589 201 77 tandem
1764 589 101 77 &
1804 589 121 77 in
1864 589 221 77 exilium
2005 589 121 77 eij-

470 647 216 66 citur.
621 647 302 66 Arrogantia
858 647 108 66 &
902 647 259 66 superbia
1095 647 259 66 peccauit
1289 647 410 66 Nabuchodonosor,
1634 647 172 66 ergo
1742 647 259 66 sibijpsi
1914 647 216 66 abreptus

472 702 106 63 &
514 702 276 63 conuersus
726 702 127 63 in
790 702 276 63 bestialem
1002 702 233 63 furorem
1172 702 191 63 inter
1299 702 233 63 bestias
1469 702 276 63 destinato
1681 702 233 63 tempore
1851 702 233 63 agebat.
2021 702 149 63 Nam

466 760 129 76 ut
530 760 150 76 suo
616 760 236 76 tempore
787 760 322 76 restituitur
1045 760 386 76 Nabuchodonosor
1367 760 193 76 regno
1495 760 172 76 suo:
1603 760 150 76 ita
1688 760 193 76 Dauid
1817 760 215 76 quoque
1946 760 193 76 miseri-

468 828 242 49 cordiam
644 828 220 49 domini
798 828 308 49 experitur.
1039 828 220 49 Firmum
1193 828 176 49 enim
1303 828 198 49 manet
1435 828 154 49 hoc
1523 828 220 49 uerbum
1677 828 242 49 domini,
1852 828 154 49 non
1940 828 176 49 soli
2028 828 110 49 Da-

468 868 165 72 uidi,
578 868 129 72 sed
651 868 221 72 cuilibet
817 868 202 72 fideli,
964 868 147 72 quod
1056 868 110 72 in
1111 868 184 72 sacris
1239 868 202 72 literis
1387 868 129 72 sic
1460 868 221 72 proditum
1625 868 221 72 legimus,
1791 868 110 72 Si
1846 868 165 72 filij
1956 868 147 72 eius
2030 868 110 72 lege

466 929 166 74 meam
570 929 332 74 deseruerint,
840 929 104 74 &
881 929 270 74 praecepta
1089 929 145 74 mea
1172 929 145 74 non
1255 929 353 74 custodierint,
1546 929 415 74 praeuaricationes
1899 929 187 74 eorum
2002 929 125 74 uir-

472 981 123 65 ga
533 981 266 65 uisitabo,
738 981 102 65 &
779 981 307 65 iniquitates
1024 981 184 65 eorum
1147 981 287 65 flagellis:
1372 981 123 65 at
1434 981 266 65 bonitatem
1639 981 164 65 meam
1741 981 143 65 non
1823 981 225 65 auferam
1987 981 123 65 ab
2028 981 102 65 eo.

474 1042 158 69 Non
565 1042 316 69 prophanabo
813 1042 225 69 foedus
971 1042 203 69 meum,
1106 1042 113 69 &
1151 1042 180 69 quod
1264 1042 203 69 semel
1399 1042 271 69 egressum
1602 1042 158 69 est
1692 1042 135 69 ex
1760 1042 158 69 ore
1850 1042 180 69 meo,
1940 1042 203 69 nunquam

479 1107 223 62 mutabo.
641 1107 162 62 Ergo
742 1107 122 62 ad
803 1107 284 62 utilitatem
1026 1107 223 62 nostram
1189 1107 284 62 affligimur
1412 1107 101 62 a
1453 1107 223 62 domino,
1615 1107 223 62 dicente
1777 1107 122 62 in
1838 1107 264 62 theologia
2021 1107 101 62 sua

479 1163 198 61 edita
611 1163 154 61 per
699 1163 241 61 Ioannem
874 1163 285 61 apostolum
1094 1163 110 61 &
1137 1163 373 61 euangelistam,
1445 1163 154 61 Ego
1532 1163 307 61 quoscunque
1774 1163 154 61 amo
1862 1163 198 61 arguo
1993 1163 110 61 &
2015 1163 110 61 ca-

483 1207 202 72 stigo.
624 1207 141 72 Nam
705 1207 222 72 Solomon
866 1207 182 72 prior
987 1207 202 72 dixit,
1128 1207 343 72 Castigationem
1411 1207 202 72 domini
1552 1207 161 72 caue
1653 1207 282 72 auerseris,
1875 1207 161 72 fili
1976 1207 141 72 mi,
2036 1207 101 72 ne-

474 1263 145 70 que
557 1263 270 70 fastidias
765 1263 145 70 aut
848 1263 229 70 moleste
1015 1263 187 70 feras
1139 1263 145 70 cum
1222 1263 125 70 te
1285 1263 270 70 corripit.
1493 1263 166 70 Quem
1597 1263 166 70 enim
1701 1263 166 70 amat
1804 1263 249 70 dominus,
1971 1263 166 70 obiur-

473 1321 162 77 gat,
574 1321 101 77 &
615 1321 223 77 tanquam
777 1321 182 77 pater
898 1321 122 77 in
959 1321 182 77 filio
1061 1321 263 77 delectatur.

557 1363 214 70 Proinde
712 1363 351 70 persequutiones
1005 1363 97 70 &
1044 1363 253 70 supplicia
1239 1363 175 70 saeua
1356 1363 253 70 ecclesiae
1550 1363 156 70 dei,
1648 1363 136 70 uel
1726 1363 234 70 singulis
1901 1363 195 70 illata
2018 1363 117 70 mar-

484 1433 245 69 tyribus,
667 1433 122 69 ut
728 1433 163 69 fere
830 1433 224 69 fuerunt
994 1433 204 69 illata
1136 1433 224 69 propter
1300 1433 326 69 confessionem
1565 1433 102 69 &
1606 1433 306 69 testimonium
1850 1433 184 69 fidei
1952 1433 184 69 uerita-

480 1486 193 69 tisque
615 1486 309 69 euangelicae,
866 1486 135 69 ita
943 1486 251 69 plerunque
1136 1486 212 69 caussas
1290 1486 251 69 habuerunt
1483 1486 212 69 delicta
1637 1486 96 69 &
1676 1486 212 69 peccata
1830 1486 270 69 sanctorum,
2023 1486 116 69 quae

482 1542 121 66 in
542 1542 222 66 sanctis
704 1542 243 66 iustitia
886 1542 142 66 dei
967 1542 263 66 uisitauit
1169 1542 202 66 utique
1311 1542 121 66 in
1372 1542 182 66 bonum
1493 1542 101 66 &
1533 1542 344 66 incolumitatem
1816 1542 283 66 sanctorum.
2039 1542 142 66 Nam

468 1597 127 74 de
531 1597 212 74 famosa
680 1597 170 74 illa
786 1597 170 74 lmp.
892 1597 318 74 Diocletiani
1146 1597 106 74 &
1188 1597 276 74 Maximiani
1400 1597 381 74 persequutione,
1718 1597 170 74 quae
1824 1597 148 74 tot
1909 1597 191 74 nobis
2015 1597 127 74 mar-

484 1656 190 61 tyrum
611 1656 380 61 celeberrimorum
927 1656 296 61 chiliades,
1160 1656 148 61 imo
1244 1656 106 61 &
1286 1656 253 61 myriades
1476 1656 211 61 dedit,
1624 1656 169 61 haec
1730 1656 232 61 legimus
1899 1656 169 61 apud
1983 1656 148 61 Euse-

472 1710 171 58 bium
579 1710 363 58 Caesariensem,
878 1710 214 58 testem
1027 1710 278 58 oculatum,
1241 1710 150 58 non
1327 1710 235 58 auritum
1498 1710 278 58 duntaxat,
1711 1710 150 58 Vbi
1797 1710 128 58 ex
1861 1710 192 58 multa
1968 1710 171 58 liber-

471 1766 163 73 tate
573 1766 245 73 multaque
756 1766 306 73 indulgentia
1001 1766 224 73 uitiati
1164 1766 163 73 sunt
1266 1766 184 73 mores
1389 1766 102 73 &
1430 1766 286 73 disciplina
1654 1766 245 73 corrupta
1838 1766 163 73 est,
1940 1766 143 73 dum
2001 1766 143 73 alter

476 1820 213 70 alteri
625 1820 298 70 inuidemus,
859 1820 106 70 &
902 1820 192 70 alter
1029 1820 213 70 alteri
1179 1820 298 70 derogamus,
1413 1820 213 70 dumque
1562 1820 149 70 nos
1647 1820 234 70 inuicem
1818 1820 256 70 mordemus
2009 1820 106 70 &
2031 1820 106 70 in-

470 1872 260 73 cusamus,
665 1872 108 73 &
708 1872 260 73 aduersus
903 1872 151 73 nos
990 1872 195 73 ipsos
1119 1872 281 73 intestina
1336 1872 238 73 praelia
1509 1872 324 73 commouemus,
1768 1872 151 73 dum
1855 1872 281 73 simulatio
2049 1872 87 73 in

480 1932 205 65 uultu,
623 1932 184 65 dolus
746 1932 123 65 in
807 1932 205 65 corde,
950 1932 246 65 fallacia
1135 1932 266 65 profertur
1339 1932 123 65 in
1401 1932 225 65 uerbis,
1565 1932 102 65 &
1606 1932 225 65 malorum
1769 1932 143 65 per
1851 1932 225 65 singula
1995 1932 143 65 cumu-

469 1990 148 65 lus
554 1990 318 65 intumescit,
808 1990 297 65 aggreditur
1041 1990 233 65 dominus
1211 1990 212 65 sensim
1359 1990 276 65 refrenare
1571 1990 297 65 lapsantes,
1805 1990 106 65 &
1847 1990 339 65 congregatio

477 2041 182 66 nibus
598 2041 182 66 adhuc
720 2041 304 66 manentibus,
963 2041 243 66 indulget
1145 2041 142 66 eos
1226 2041 223 66 tantum,
1388 2041 142 66 qui
1469 2041 121 66 in
1530 2041 223 66 militia
1692 2041 182 66 erant
1813 2041 283 66 gentilium,
2016 2041 121 66 per-

477 2096 273 63 secutione
687 2096 252 63 pulsari.
876 2096 147 63 Sed
959 2096 147 63 cum
1043 2096 126 63 ne
1106 2096 147 63 sic
1190 2096 210 63 quidem
1337 2096 231 63 populis
1505 2096 189 63 ullus
1631 2096 210 63 sensus
1777 2096 315 63 redderetur,
2029 2096 105 63 &
2050 2096 84 63 in

481 2153 180 70 malis
601 2153 160 70 suis
701 2153 320 70 persisteret,
960 2153 180 70 atque
1080 2153 160 70 ipsi
1180 2153 180 70 etiam
1300 2153 180 70 duces
1420 2153 200 70 populi
1560 2153 100 70 &
1600 2153 260 70 principes
1799 2153 200 70 diuini
1919 2153 220 70 immemores

473 2212 243 68 mandati,
655 2212 243 68 aduersum
837 2212 121 68 se
897 2212 243 68 inuicem,
1079 2212 384 68 contentionibus,
1403 2212 182 68 zelo,
1524 2212 222 68 liuore,
1686 2212 263 68 superbia,
1868 2212 263 68 inimicitijs

472 2264 187 69 atque
597 2264 187 69 odijs
721 2264 394 69 infsammarentur,
1053 2264 145 69 ita
1136 2264 124 69 ut
1198 2264 290 69 tyrannidem
1426 2264 207 69 potius
1571 2264 166 69 quam
1675 2264 311 69 sacerdotium
1924 2264 124 69 se
1965 2264 166 69 tenere

475 2325 278 64 crederent,
694 2325 298 64 Christianae
932 2325 318 64 synceritatis
1190 2325 99 64 &
1230 2325 258 64 puritatis
1429 2325 219 64 obliti:
1588 2325 159 64 tunc
1687 2325 179 64 demum
1806 2325 179 64 domus
1925 2325 258 64 orationis

474 2378 97 60 &
512 2378 252 60 ecclesiae
706 2378 135 60 dei
783 2378 155 60 uiui
880 2378 116 60 ad
938 2378 174 60 solum
1054 2378 174 60 usque
1170 2378 232 60 deductae
1345 2378 174 60 sunt,
1461 2378 232 60 diuinaes
1635 2378 174 60 autem
1751 2378 271 60 scripturae
1964 2378 116 60 in
2003 2378 135 60 medio

473 2437 253 73 platearum
667 2437 156 73 igni
764 2437 233 73 crematae
939 2437 175 73 sunt.
1056 2437 156 73 Haec
1153 2437 233 73 uerbotim
1328 2437 233 73 leguntur
1504 2437 117 73 in
1562 2437 117 73 S.
1620 2437 156 73 lib.
1718 2437 195 73 Eccles
1854 2437 175 73 hist.
1951 2437 175 73 Eufebij

548 2487 261 64 Distinguo
749 2487 181 64 tamen
869 2487 141 64 hic
950 2487 181 64 inter
1070 2487 241 64 peccata.
1251 2487 221 64 Peccant
1412 2487 161 64 enim
1512 2487 221 64 sancti,
1673 2487 141 64 sed
1753 2487 261 64 abstinent
1954 2487 221 64 interim

478 2542 104 68 a
520 2542 311 68 sceleribus,
769 2542 187 68 licet
893 2542 124 68 in
955 2542 166 68 haec
1059 2542 207 68 quoque
1204 2542 290 68 nonnunquam
1432 2542 207 68 ruant,
1577 2542 124 68 ut
1639 2542 207 68 claret
1785 2542 124 68 in
1847 2542 228 68 exemplo
1992 2542 145 68 Daui-

476 2606 156 71 dis.
574 2606 215 71 Fugiunt
730 2606 176 71 tamen
847 2606 156 71 fere
945 2606 195 71 furta,
1081 2606 293 71 parricidia,
1316 2606 215 71 stupra,
1472 2606 98 71 &
1511 2606 156 71 alia
1608 2606 137 71 his
1686 2606 215 71 similia
1842 2606 176 71 morte
1940 2606 195 71 expianda

483 2665 235 61 piacula.
660 2665 118 61 Ac
719 2665 137 61 dum
797 2665 275 61 supplicijs
1013 2665 294 61 afficiuntur
1248 2665 98 61 a
1288 2665 235 61 tyrannis
1464 2665 216 61 sancti,
1621 2665 137 61 non
1699 2665 216 61 propter
1856 2665 255 61 iustitiam
2033 2665 98 61 aut

472 2713 288 60 religionem
698 2713 185 60 ueram
822 2713 267 60 neglectam
1027 2713 288 60 supplicijs
1253 2713 329 60 afficiuntur,
1520 2713 144 60 sed
1602 2713 226 60 propter
1766 2713 226 60 spretam
1910 2713 226 60 supersti-

472 2772 225 73 tionem
630 2772 113 73 &
675 2772 203 73 uerae
810 2772 315 73 religionis
1058 2772 248 73 studium
1238 2772 450 73 pertinacissimum.
1620 2772 270 73 Condonat
1823 2772 180 73 ergo
1935 2772 113 73 &
1958 2772 180 73 abluit

482 2827 245 66 Christi
660 2827 268 66 sanguine
861 2827 245 66 peccata
1039 2827 290 66 sanctorum
1262 2827 268 66 martyrum
1463 2827 268 66 dominus,
1664 2827 112 66 &
1708 2827 245 66 reputat
1887 2827 223 66 mortem
2020 2827 112 66 ip-

474 2880 203 64 sorum,
616 2880 142 64 non
697 2880 122 64 ex
758 2880 243 64 peccatis
940 2880 284 64 commissis,
1163 2880 142 64 sed
1245 2880 122 64 ob
1305 2880 284 64 religionis
1528 2880 223 64 studium
1691 2880 284 64 perpessam.
1914 2880 183 64 Punit
2015 2880 122 64 item

473 2945 240 76 grannos
648 2945 131 76 ob
714 2945 219 76 caesos
867 2945 284 76 martyres,
1085 2945 175 76 quod
1194 2945 328 76 tyrannidem,
1457 2945 153 76 non
1544 2945 219 76 iustum
1697 2945 153 76 dei
1784 2945 262 76 iudicium
1981 2945 131 76 in
2025 2945 109 76 his
