2288 3632
111 298 316 81 plectendis,
364 298 168 81 sunt
469 298 253 81 sequuti.
658 298 211 81 Voluit
806 298 211 81 quidem
953 298 232 81 dominus
1121 298 274 81 castigare
1332 298 168 81 suos
1437 298 147 81 per
1521 298 253 81 tyranos:
1690 298 105 81 sed

118 366 153 58 illi
214 366 134 58 non
290 366 134 58 ita
367 366 268 58 reputarunt
578 366 134 58 (ut
654 366 134 58 est
731 366 153 58 apud
827 366 192 58 lsaiam
961 366 115 58 in
1018 366 134 58 10.
1095 366 172 58 cap.)
1210 366 153 58 quin
1306 366 192 58 potius
1440 366 153 58 suos
1536 366 230 58 affectus
1689 366 96 58 se-

113 420 205 68 quuti,
256 420 184 68 modum
379 420 143 68 nec
461 420 266 68 seruarunt
666 420 123 68 in
727 420 287 68 supplicijs
952 420 266 68 sumendis,
1157 420 143 68 nec
1239 420 266 68 iustitiam
1444 420 307 68 quaesierunt
1690 420 102 68 :
1710 420 82 68 pu

113 467 248 70 niuntur
294 467 180 70 ergo
407 467 113 70 a
452 467 225 70 domino
610 467 180 70 quod
722 467 271 70 innoxios
925 467 361 70 trucidatunt.
1218 467 158 70 Nam
1308 467 180 70 quod
1421 467 248 70 dominus
1602 467 135 70 in
1647 467 135 70 suis

111 522 292 82 persequutus
344 522 156 82 est,
442 522 214 82 delicta
597 522 195 82 utique
734 522 175 82 atque
850 522 234 82 peccata,
1026 522 214 82 tyranni
1181 522 136 82 nec
1259 522 312 82 persequuntur
1512 522 136 82 nec
1590 522 234 82 puniunt:

110 576 168 69 quod
215 576 189 69 autem
340 576 209 69 probat
487 576 251 69 dominus,
676 576 230 69 studium
843 576 209 69 utique
990 576 293 69 religionis
1220 576 209 69 uerae,
1367 576 189 69 fugam
1493 576 105 69 &
1535 576 293 69 execratio¬

108 636 136 71 nem
185 636 330 71 idololatriae,
457 636 117 71 id
516 636 194 71 inquam
652 636 175 71 ferro
768 636 97 71 &
807 636 155 71 igni
904 636 311 71 persequuntur
1157 636 175 71 isti.
1274 636 136 71 Huc
1351 636 194 71 itaque
1487 636 233 71 pertinet
1643 636 136 71 illud

119 694 119 66 S.
179 694 178 66 Petri
297 694 218 66 dictum,
456 694 119 66 Ne
515 694 158 66 quis
614 694 218 66 uestrum
773 694 277 66 affligatur
991 694 119 66 ut
1050 694 257 66 homicida,
1248 694 139 66 aut
1327 694 158 66 fur,
1426 694 139 66 aut
1506 694 317 66 facinorosus,

110 759 138 72 aut
189 759 237 72 curiosus
367 759 256 72 alienarum
564 759 197 72 rerum.
702 759 158 72 Quod
800 759 118 72 si
859 759 158 72 quis
958 759 118 72 ut
1017 759 296 72 Christianus
1254 759 296 72 affligitur,
1490 759 118 72 ne
1549 759 276 72 erubescat,

108 809 145 78 imo
191 809 290 78 glorificet
419 809 166 78 deum
523 809 124 78 in
585 809 187 78 parte
689 809 124 78 hac.

190 832 246 94 lnterim
369 832 157 94 non
458 832 202 94 iubeo
593 832 291 94 desperare
817 832 358 94 facinorosos.
1108 832 179 94 Habe
1220 832 134 94 hi
1287 832 269 94 exemplum
1488 832 269 94 latronis
1690 832 157 94 cum

109 924 233 58 Christo
278 924 296 58 crucifixi,
511 924 169 58 quod
617 924 296 58 imitentur:
850 924 275 58 agnoscant
1062 924 275 58 uidelicet
1274 924 233 58 culpam,
1443 924 233 58 credant
1612 924 127 58 in
1655 924 148 58 Chri-

109 972 186 68 stum,
233 972 165 68 huic
337 972 124 68 se
399 972 310 68 commendent,
647 972 103 68 &
688 972 207 68 ferant
833 972 248 68 tormenta
1018 972 289 68 patienter.
1246 972 124 68 Id
1308 972 124 68 si
1370 972 248 68 faciunt,
1556 972 207 68 dubium
1680 972 103 68 non

115 1030 148 67 est
199 1030 169 67 quin
305 1030 106 67 a
347 1030 232 67 Christo
516 1030 317 67 recipiantur
770 1030 127 67 in
833 1030 296 67 paradysum,
1066 1030 127 67 in
1129 1030 254 67 aeternum
1319 1030 169 67 apud
1425 1030 254 67 Christum
1615 1030 148 67 cum
1678 1030 106 67 la-

125 1090 179 65 trone
225 1090 199 65 uicturi.

184 1136 125 81 Et
247 1136 249 81 quanquam
433 1136 166 81 pius
537 1136 187 81 inter
662 1136 394 81 sceleratissimos
994 1136 311 81 trucidetur,
1243 1136 145 81 non
1326 1136 187 81 magis
1450 1136 270 81 supplicij
1637 1136 166 81 socie-

116 1197 180 70 tate
228 1197 383 70 contaminatur,
543 1197 180 70 quam
656 1197 270 70 Christus
858 1197 248 70 dominus
1038 1197 360 70 contaminatus
1331 1197 248 70 legitur
1511 1197 158 70 cum
1578 1197 225 70 suspende

118 1262 176 63 retur
236 1262 176 63 inter
354 1262 255 63 latrones.
550 1262 176 63 Licet
667 1262 157 63 enim
765 1262 157 63 pari
863 1262 294 63 implicentur
1098 1262 255 63 supplicio
1294 1262 137 63 pij
1373 1262 98 63 &
1412 1262 196 63 impij:
1549 1262 216 63 dispari
1686 1262 98 63 ta-

118 1315 144 64 men
201 1315 164 64 fine
303 1315 349 64 dissociantur,
591 1315 144 64 dum
673 1315 206 64 impius
817 1315 267 64 abripitur
1023 1315 103 64 a
1064 1315 185 64 morte
1187 1315 247 64 corporea
1372 1315 123 64 in
1434 1315 267 64 tartarum,
1619 1315 164 64 aeter-

119 1379 144 57 num
202 1379 247 57 arsurus,
387 1379 165 57 pius
490 1379 165 57 uero
593 1379 267 57 euestigio
798 1379 206 57 migrat
942 1379 123 57 in
1004 1379 226 57 coelum,
1169 1379 247 57 uicturus
1354 1379 144 57 cum
1436 1379 226 57 Christo
1601 1379 226 57 domino,

125 1421 133 65 cui
201 1421 152 65 sese
296 1421 227 65 credidit
466 1421 171 65 atque
580 1421 227 65 obtulit.
751 1421 114 65 De
807 1421 133 65 hac
883 1421 133 65 re,
959 1421 95 65 &
997 1421 114 65 de
1054 1421 208 65 caussis
1205 1421 303 65 afflictionum
1452 1421 246 65 sanctorum
1641 1421 133 65 dei
1698 1421 76 65 hc

108 1482 207 68 minum,
253 1482 145 68 non
336 1482 249 68 grauabor
523 1482 124 68 C.
585 1482 124 68 V.
647 1482 249 68 recitare
834 1482 270 68 elegantem
1041 1482 187 68 locum
1166 1482 124 68 ex
1228 1482 124 68 1.
1290 1482 166 68 lib.
1394 1482 124 68 S.
1456 1482 270 68 Augustini
1664 1482 124 68 de
1705 1482 83 68 ci

120 1530 183 70 uitate
248 1530 165 70 dei,.
358 1530 256 70 Quicunque,
559 1530 201 70 inquit,
706 1530 146 70 boni
797 1530 201 70 malique
944 1530 238 70 similiter
1127 1530 220 70 afflicti
1292 1530 165 70 sunt,
1401 1530 128 70 non
1475 1530 146 70 ideo
1566 1530 146 70 ipsi
1640 1530 146 70 distin

124 1590 139 66 cti
204 1590 139 66 non
283 1590 179 66 sunt,
402 1590 159 66 quia
502 1590 278 66 distinctum
720 1590 139 66 non
800 1590 139 66 est
879 1590 159 66 quod
979 1590 219 66 utrique
1138 1590 239 66 perpessi
1317 1590 179 66 sunt.
1436 1590 139 66 Nam
1516 1590 179 66 sicut
1635 1590 119 66 in
1675 1590 99 66 unc

111 1647 171 60 igne
218 1647 193 60 aurum
346 1647 257 60 rutilat,
539 1647 107 60 &
582 1647 193 60 palea
710 1647 214 60 fumat,
860 1647 107 60 &
903 1647 150 60 sub
989 1647 193 60 eadem
1117 1647 236 60 tribula
1288 1647 257 60 stipulae
1460 1647 321 60 comminuuntur,

110 1700 265 69 frumenta
308 1700 309 69 purgantur,
551 1700 154 69 nec
639 1700 176 69 ideo
749 1700 154 69 cum
838 1700 176 69 oleo
948 1700 221 69 amurca
1102 1700 353 69 confunditur,
1389 1700 176 69 quia
1499 1700 198 69 eodem
1610 1700 176 69 praeli

122 1756 217 83 pondere
280 1756 296 83 exprimitur.
517 1756 138 83 Ita
596 1756 138 83 una
675 1756 237 83 eademque
853 1756 138 83 uis
932 1756 217 83 irruens
1090 1756 178 83 bonos
1209 1756 217 83 probat,
1367 1756 277 83 purificat,
1584 1756 237 83 eliquat?

112 1819 193 61 malos
240 1819 236 61 damnat,
412 1819 236 61 uastat,
583 1819 107 61 &
626 1819 321 61 exterminat.
883 1819 171 61 Vnde
990 1819 129 61 in
1054 1819 193 61 eadem
1183 1819 321 61 afflictione
1440 1819 171 61 mali
1547 1819 171 61 deum
1633 1819 150 61 dete-

115 1866 231 70 stantur
283 1866 189 70 atque
409 1866 336 70 blasphemant,
683 1866 168 70 boni
788 1866 189 70 autem
914 1866 273 70 precantur
1124 1866 105 70 &
1166 1866 252 70 laudant.
1355 1866 210 70 Tantum
1503 1866 252 70 interest
1671 1866 105 70 non

110 1927 209 63 qualia
257 1927 147 63 sed
340 1927 209 63 qualis
487 1927 230 63 quisque
655 1927 272 63 patiatur.
864 1927 147 63 Nam
948 1927 168 63 pari
1053 1927 168 63 motu
1158 1927 293 63 exagitatum
1388 1927 105 63 &
1430 1927 230 63 exhalat
1577 1927 209 63 horribi-

114 1978 181 70 liter
234 1978 221 70 coenum,
395 1978 100 70 &
435 1978 241 70 suauiter
616 1978 221 70 fragrat
776 1978 281 70 unguentum.
997 1978 161 70 Quid
1098 1978 201 70 igitur
1238 1978 120 70 in
1298 1978 161 70 illa
1399 1978 181 70 rerum
1519 1978 261 70 uastitate
1720 1978 100 70 &

113 2042 280 65 Barbarorum
333 2042 280 65 irruptione
552 2042 280 65 Christiani
772 2042 180 65 passi
892 2042 180 65 sunt,
1012 2042 160 65 quod
1112 2042 140 65 eis
1192 2042 140 65 non
1272 2042 180 65 magis
1391 2042 260 65 fideliter
1591 2042 160 65 ista
1671 2042 120 65 con-

117 2089 337 70 siderantibus
391 2089 126 70 ad
454 2089 274 70 profectum
665 2089 253 70 ualeret?
855 2089 190 70 Primo
981 2089 169 70 quod
1086 2089 169 70 ipsa
1192 2089 253 70 peccata,
1382 2089 211 70 quibus
1529 2089 169 70 deus
1613 2089 169 70 indig-

112 2144 191 79 natus
239 2144 254 79 impleuit
430 2144 212 79 tantis
578 2144 360 79 calamitatibus
875 2144 233 79 mundum,
1044 2144 276 79 humiliter
1256 2144 318 79 cogitantes,
1511 2144 233 79 quamuis
1680 2144 148 79 lon

119 2217 112 68 ge
176 2217 188 68 absint
307 2217 94 68 a
344 2217 300 68 facinorosis,
588 2217 281 68 flagitiosis
813 2217 169 68 atque
926 2217 206 68 impijs,
1076 2217 169 68 tamen
1188 2217 131 68 non
1263 2217 244 68 usqueadeo
1451 2217 113 68 se
1507 2217 94 68 a
1544 2217 225 68 delictis
1694 2217 94 68 de-

121 2260 200 79 putant
261 2260 240 79 alienos,
441 2260 120 79 ut
501 2260 140 79 nec
582 2260 280 79 temporalia
802 2260 140 79 pro
882 2260 140 79 eis
962 2260 160 79 mala
1062 2260 220 79 perpeti
1222 2260 120 79 se
1282 2260 240 79 iudicent
1463 2260 220 79 dignos.
1603 2260 180 79 Excepto

121 2311 166 75 enim
225 2311 166 75 quod
329 2311 311 75 unusquisque
577 2311 270 75 quamlibet
785 2311 332 75 laudabiliter
1054 2311 228 75 uiuens,
1220 2311 187 75 cedit
1345 2311 124 75 in
1407 2311 270 75 quibusdam
1593 2311 187 75 carnali

118 2372 428 76 concupiscentiae,
481 2372 171 76 etsi
588 2372 150 76 non
674 2372 128 76 ad
738 2372 278 76 facinorum
952 2372 321 76 immanitatem
1209 2372 107 76 &
1252 2372 257 76 gurgitem
1445 2372 321 76 flagitiorum
1680 2372 107 76 at-

119 2422 142 84 que
200 2422 284 84 impietatis
423 2422 365 84 abominationem,
728 2422 122 84 ad
788 2422 203 84 aliqua
931 2422 183 84 tamen
1052 2422 223 84 peccata
1215 2422 142 84 uel
1296 2422 162 84 rara
1397 2422 142 84 uel
1479 2422 183 84 tanto
1580 2422 203 84 crebrio-

118 2478 124 71 ra
180 2478 206 71 quanto
324 2478 226 71 minora.
489 2478 144 71 Hoc
571 2478 165 71 ergo
674 2478 247 71 excepto,
860 2478 165 71 quis
963 2478 206 71 facile
1107 2478 268 71 reperitur
1312 2478 144 71 qui
1395 2478 206 71 eosdem
1539 2478 206 71 ipsos,
1662 2478 124 71 pro-

118 2547 171 77 pter
225 2547 214 77 quorum
375 2547 279 77 horrendam
589 2547 300 77 superbiam,
825 2547 257 77 luxuriam
1018 2547 107 77 &
1060 2547 300 77 auaritiam,
1296 2547 193 77 atque
1425 2547 321 77 execrabiles
1660 2547 129 77 ini-

126 2598 234 67 quitates
301 2598 98 67 &
340 2598 273 67 impietates
555 2598 176 67 deus,
672 2598 176 67 sicut
789 2598 215 67 minando
945 2598 273 67 praedixit,
1159 2598 234 67 conterit
1335 2598 215 67 terras,
1491 2598 137 67 sic
1569 2598 215 67 habeat,
1705 2598 78 67 ut

113 2650 227 75 habendi
278 2650 185 75 sunt,
402 2650 144 75 sic
484 2650 144 75 cum
567 2650 144 75 eis
649 2650 206 75 uiuat,
793 2650 124 75 ut
855 2650 144 75 cum
937 2650 227 75 talibus
1102 2650 247 75 uiuendum
1288 2650 165 75 est?
1391 2650 268 75 Plerunque
1597 2650 165 75 enim
1700 2650 124 75 ab

117 2710 144 66 eis
200 2710 268 66 docendis,
406 2710 309 66 admonendis,
653 2710 268 66 aliquando
859 2710 185 66 etiam
983 2710 309 66 obiurgandis
1230 2710 103 66 &
1271 2710 330 66 corripiendis
1539 2710 165 66 male
1621 2710 165 66 dissi-

116 2765 259 66 mulatur:
311 2765 151 66 uel
397 2765 151 66 cum
484 2765 238 66 laboris
657 2765 216 66 piget,
808 2765 151 66 uel
894 2765 151 66 cum
981 2765 130 66 os
1045 2765 216 66 eorum,
1197 2765 151 66 cum
1283 2765 216 66 quibus
1434 2765 216 66 sumus,
1564 2765 216 66 uerecun-

129 2824 194 64 damur
259 2824 302 64 offendere,
496 2824 151 64 uel
583 2824 151 64 cum
669 2824 194 64 eorum
798 2824 324 64 inimicitias
1057 2824 302 64 deuitamus,
1295 2824 129 64 ne
1359 2824 281 64 impediant
1575 2824 108 64 &
1597 2824 194 64 noceant

121 2873 120 71 in
181 2873 180 71 rebus
301 2873 320 71 teporalibus,
561 2873 160 71 siue
661 2873 160 71 quas
761 2873 240 71 adipisci
941 2873 180 71 adhuc
1061 2873 220 71 appetit
1221 2873 200 71 nostra
1361 2873 280 71 cupiditas,
1581 2873 160 71 siue
1661 2873 120 71 quas

117 2927 250 92 amittere
305 2927 291 92 reformidat
533 2927 312 92 infirmitas:
783 2927 146 92 ita
866 2927 125 92 ut
929 2927 229 92 quamuis
1095 2927 187 92 bonis
1220 2927 167 92 uita
1324 2927 229 92 malorum
1491 2927 312 92 displiceat,
1741 2927 104 92 &
