2288 3632
452 298 163 83 ideo
554 298 143 83 cum
635 298 143 83 eis
717 298 143 83 non
798 298 245 83 incidant
981 298 122 83 in
1043 298 183 83 illam
1165 298 326 83 damnationem,
1430 298 163 83 quae
1532 298 163 83 post
1634 298 163 83 hanc
1735 298 183 83 uitam
1858 298 224 83 talibus
2000 298 143 83 prae-

458 365 268 73 paratur:
659 365 201 73 tamen
793 365 179 73 quia
905 365 291 73 propterea
1129 365 268 73 peccatis
1330 365 201 73 eorum
1464 365 358 73 damnabilibus
1755 365 268 73 parcunt,
1956 365 157 73 dum
2023 365 112 73 eos

468 433 117 60 in
527 433 156 60 suis
625 433 176 60 licet
742 433 215 60 leuibus
899 433 98 60 &
938 433 274 60 uenialibus
1153 433 235 60 metuunt,
1329 433 156 60 iure
1427 433 137 60 cum
1505 433 137 60 eis
1583 433 313 60 temporaliter
1838 433 333 60 flagellantur,

465 482 233 67 quamuis
634 482 127 67 in
698 482 254 67 aeternum
888 482 212 67 minime
1036 482 296 67 puniantur.
1269 482 169 67 lure
1375 482 191 67 istam
1502 482 191 67 uitam
1629 482 212 67 quando
1777 482 275 67 diuinitus
1968 482 169 67 afffli

459 537 213 64 guntur
608 537 149 64 cum
693 537 149 64 eis
778 537 213 64 amaram
928 537 277 64 sentiunt,
1141 537 192 64 cuius
1269 537 213 64 amando
1418 537 320 64 dulcedinem,
1674 537 320 64 peccantibus
1930 537 149 64 eis
1994 537 149 64 amari

470 590 159 64 esse
569 590 278 64 noluerunt.
788 590 139 64 Non
867 590 159 64 mihi
966 590 198 64 itaque
1105 590 218 64 uidetur
1264 590 159 64 baec
1363 590 179 64 parua
1482 590 159 64 esse
1581 590 218 64 caussa,
1740 590 179 64 quare
1859 590 139 64 cum
1939 590 179 64 malis
2038 590 99 64 fla

464 653 283 63 gellentur
682 653 109 63 &
725 653 196 63 boni,
856 653 218 63 quando
1008 653 152 63 deo
1095 653 218 63 placet
1247 653 261 63 perditos
1443 653 218 63 mores,
1595 653 196 63 etiam
1726 653 326 63 temporalium
1965 653 174 63 poena-

473 702 148 70 rum
557 702 317 70 afflictione
811 702 233 70 punire.
981 702 338 70 Flagellantur
1256 702 169 70 enim
1361 702 212 70 simul,
1509 702 148 70 non
1594 702 169 70 quia
1700 702 190 70 simul
1827 702 190 70 malam
1954 702 190 70 agunt
2059 702 85 70 ui

469 757 171 66 tam,
576 757 150 66 sed
661 757 171 66 quia
768 757 193 66 simul
897 757 193 66 amant
1025 757 300 66 temporalem
1261 757 193 66 uitam
1389 757 107 66 :
1432 757 150 66 non
1518 757 214 66 quidem
1668 757 321 66 aequaliter,
1925 757 150 66 sed
1989 757 150 66 tamen

467 807 205 63 simul,
610 807 164 63 quam
712 807 164 63 boni
814 807 286 63 contemnere
1039 807 266 63 deberent,
1244 807 123 63 ut
1305 807 164 63 illi
1408 807 245 63 correpti
1592 807 184 63 atque
1714 807 245 63 correcti
1878 807 266 63 consequeren

473 867 144 66 tur
556 867 267 66 aeternam,
761 867 123 66 ad
823 867 165 66 quam
926 867 329 66 consequendam
1194 867 123 66 si
1255 867 226 66 nollent
1420 867 165 66 esse
1523 867 206 66 socij,
1667 867 267 66 ferrentur
1873 867 103 66 &
1893 867 247 66 diligeren-

473 922 142 70 tur
554 922 243 70 inimici:
736 922 162 70 quia
838 922 183 70 donec
960 922 223 70 uiuunt,
1122 922 203 70 semper
1264 922 243 70 incertum
1446 922 162 70 est,
1548 922 183 70 utrum
1669 922 284 70 uoluntatem
1893 922 162 70 sint
1994 922 122 70 in
2035 922 101 70 me-

460 977 168 58 lius
565 977 274 58 mutaturi.
776 977 189 58 Quare
902 977 147 58 non
986 977 211 58 utique
1134 977 211 58 parem,
1281 977 147 58 sed
1365 977 189 58 longe
1491 977 274 58 grauiorem
1702 977 211 58 habent
1849 977 253 58 caussam,
2018 977 126 58 qui-

471 1037 146 62 bus
555 1037 146 62 per
638 1037 271 62 prophetam
847 1037 250 62 dicitur,
1035 1037 167 62 llle
1139 1037 209 62 quidem
1285 1037 125 62 in
1348 1037 146 62 suo
1431 1037 230 62 peccato
1598 1037 271 62 morietur,
1807 1037 271 62 sanguinem
1995 1037 146 62 autem

470 1092 169 60 eius
576 1092 127 60 de
639 1092 169 60 manu
745 1092 339 60 speculatoris
1020 1092 275 60 requiram.
1232 1092 127 60 Ad
1295 1092 148 60 hoc
1380 1092 169 60 enim
1486 1092 360 60 speculatores,
1782 1092 127 60 id
1846 1092 148 60 est
1909 1092 233 60 populorum

470 1148 274 68 praeposit,
686 1148 274 68 constituti
901 1148 156 68 sunt
999 1148 117 68 in
1057 1148 274 68 ecclesijs,
1272 1148 117 68 ut
1331 1148 137 68 non
1409 1148 215 68 parcant
1566 1148 274 68 obiurgando
1781 1148 235 68 peccata:
1957 1148 137 68 nec
2016 1148 117 68 ideo

472 1201 178 76 tamen
591 1201 119 76 ab
651 1201 258 76 huiusmodi
849 1201 178 76 culpa
968 1201 218 76 penitus
1126 1201 218 76 alienus
1285 1201 159 76 est,
1384 1201 139 76 qui
1463 1201 178 76 licet
1582 1201 297 76 praepositus
1820 1201 139 76 non
1899 1201 159 76 sit,
1998 1201 119 76 in
2038 1201 99 76 eis

464 1264 196 64 tamen
595 1264 218 64 quibus
747 1264 196 64 uitae
878 1264 196 64 huius
1009 1264 327 64 necessitate
1270 1264 327 64 coniungitur
1531 1264 196 64 multa
1662 1264 240 64 monenda
1836 1264 109 64 &
1880 1264 261 64 arguenda
2054 1264 87 64 no

476 1314 140 64 uit
556 1314 100 64 &
596 1314 259 64 negligit,
795 1314 239 64 deuitans
975 1314 179 64 eorum
1094 1314 319 64 offensionem,
1353 1314 219 64 propter
1513 1314 160 64 illa
1613 1314 199 64 quibus
1752 1314 120 64 in
1812 1314 140 64 hac
1892 1314 179 64 uita,
2011 1314 140 64 non
2071 1314 80 64 ut

468 1379 224 81 debuit,
631 1379 224 81 utitur,
794 1379 143 81 sed
876 1379 163 81 plus
978 1379 163 81 quam
1080 1379 204 81 debuit
1223 1379 306 81 delectatur.
1468 1379 122 81 Et
1529 1379 245 81 reliqua.
1712 1379 163 81 Haec
1814 1379 163 81 enim
1917 1379 184 81 omnia
2019 1379 122 81 huc-

476 1421 183 65 usque
597 1421 304 65 recitauimus
841 1421 122 65 ex
902 1421 122 65 S.
963 1421 284 65 Augustino.

542 1457 131 98 Ad
608 1457 241 98 caussas
783 1457 328 98 calamitatum
1045 1457 306 98 prementium
1286 1457 241 98 sanctos
1461 1457 153 98 dei
1548 1457 241 98 homines
1723 1457 241 98 accedit
1898 1457 241 98 insuper
2073 1457 109 98 &

451 1538 101 76 u
491 1538 182 76 illa,
612 1538 161 76 quod
713 1538 161 76 ipse
814 1538 222 76 dominus
976 1538 262 76 affligens
1177 1538 202 76 amicos
1319 1538 161 76 suos
1419 1538 363 76 euidentissimum
1722 1538 182 76 iusti
1843 1538 141 76 sui
1924 1538 222 76 iudicij
2065 1538 81 76 in

448 1591 104 70 n
490 1591 209 70 impios
636 1591 104 70 &
678 1591 334 70 contemptores
949 1591 146 70 dei
1033 1591 292 70 argumentum
1263 1591 188 70 edit.
1388 1591 146 70 Nam
1472 1591 125 70 S.
1534 1591 230 70 Petrus,
1701 1591 209 70 Tempus
1848 1591 167 70 est,
1952 1591 230 70 inquit,

472 1647 125 71 ut
535 1647 250 71 incipiat
722 1647 270 71 iudicium,
930 1647 270 71 afflictio
1138 1647 208 71 inquam
1283 1647 104 71 &
1325 1647 312 71 tribulatio,
1574 1647 104 71 a
1616 1647 166 71 domo
1720 1647 166 71 dei.
1824 1647 166 71 Quod
1928 1647 125 71 si
1970 1647 166 71 primum

473 1704 210 69 incipit
626 1704 96 69 a
664 1704 191 69 nobis,
798 1704 153 69 quis
894 1704 153 69 erit
989 1704 172 69 finis
1104 1704 172 69 eorum
1219 1704 134 69 qui
1295 1704 134 69 non
1372 1704 210 69 credunt
1525 1704 134 69 dei
1601 1704 268 69 euangelio?
1812 1704 115 69 Et
1869 1704 115 69 si
1927 1704 191 69 iustus
2041 1704 96 69 uix

472 1759 278 65 saluatur,
685 1759 214 65 impius
835 1759 107 65 &
877 1759 256 65 peccator
1069 1759 149 65 ubi
1155 1759 320 65 comparebit:
1411 1759 149 65 Huc
1496 1759 256 65 pertinet
1689 1759 107 65 &
1731 1759 171 65 illa
1838 1759 214 65 domini
1966 1759 171 65 exeun-

477 1816 136 66 tis
554 1816 117 66 ad
613 1816 175 66 locum
729 1816 253 66 supplicij
923 1816 291 66 memorabilis
1156 1816 272 66 sententia,
1370 1816 175 66 atque
1487 1816 253 66 dicentis,
1681 1816 117 66 Si
1739 1816 117 66 in
1797 1816 194 66 humido
1933 1816 175 66 ligno
2030 1816 117 66 haec

469 1872 231 73 faciunt,
642 1872 115 73 in
700 1872 173 73 arido
815 1872 154 73 quid
911 1872 173 73 fiet?
1027 1872 115 73 Si
1085 1872 192 73 sancti
1219 1872 212 73 arbores
1373 1872 289 73 frugiferae,
1604 1872 346 73 speciosissimos
1893 1872 212 73 bonorum
2028 1872 115 73 ope-

466 1930 146 67 rum
550 1930 229 67 fructus
716 1930 334 67 proferentes,
987 1930 125 67 in
1050 1930 146 67 hoc
1133 1930 250 67 saeculo,
1321 1930 146 67 deo
1404 1930 334 67 permittente,
1675 1930 271 67 usqueadeo
1884 1930 208 67 misere
2009 1930 125 67 diue

467 1983 209 67 xantur
613 1983 104 67 &
655 1983 313 67 torquentur,
906 1983 167 67 quid
1010 1983 209 67 quaeso
1157 1983 230 67 dicemus
1324 1983 125 67 de
1387 1983 230 67 impijs,
1554 1983 146 67 qui
1637 1983 313 67 alienissimi
1888 1983 167 67 sunt
1993 1983 125 67 ab
2035 1983 104 67 om-

455 2037 132 66 ni
521 2037 241 66 uirtute
696 2037 110 66 &
740 2037 197 66 opere
872 2037 197 66 bono?
1003 2037 351 66 Cruciabuntur
1288 2037 175 66 haud
1398 2037 197 66 dubie
1529 2037 197 66 modis
1661 2037 219 66 poenis
1814 2037 153 66 aut
1880 2037 263 66 supplicijs

466 2089 229 72 omnino
604 2089 252 72 insandis,

558 2148 174 74 Quod
667 2148 174 74 enim
776 2148 239 74 caussas
949 2148 239 74 attinet
1123 2148 348 74 calamitatum,
1405 2148 217 74 quibus
1558 2148 196 74 impij
1688 2148 326 74 diuexantur,
1949 2148 152 74 non
2014 2148 130 74 pos-

468 2191 154 85 sunt
564 2191 154 85 esse
660 2191 173 85 ullae
775 2191 173 85 aliae
891 2191 154 85 quam
987 2191 154 85 ipsa
1083 2191 154 85 quae
1179 2191 231 85 quotidie
1352 2191 211 85 patrant
1506 2191 231 85 scelera,
1679 2191 211 85 ideoque
1832 2191 250 85 puniuntur
2005 2191 135 85 iusto

469 2259 143 64 dei
550 2259 245 64 iudicio,
734 2259 122 64 ut
795 2259 224 64 omnibus
958 2259 245 64 appareat
1141 2259 163 64 deum
1243 2259 204 64 odisse
1386 2259 285 64 impietatem
1610 2259 143 64 cum
1692 2259 224 64 impijs.
1855 2259 143 64 Ita
1916 2259 224 64 afflictus

463 2315 234 65 legitur
633 2315 234 65 Pharao.
803 2315 170 65 Saul
909 2315 255 65 incubuit
1101 2315 234 65 proprio
1271 2315 255 65 mucroni,
1462 2315 298 65 ceciditque
1696 2315 128 65 in
1760 2315 191 65 monte
1888 2315 213 65 Gelboe
2037 2315 149 65 cum

467 2382 212 73 multis
615 2382 339 73 lzraelitarum
891 2382 255 73 milibus,
1082 2382 127 73 eo
1146 2382 170 73 quod
1252 2382 276 73 peccasset
1464 2382 212 73 contra
1613 2382 255 73 dominum,
1804 2382 149 73 qui
1888 2382 191 73 ipsum
2016 2382 127 73 in
2058 2382 85 73 ar

463 2420 241 78 gumentum
643 2420 140 78 sui
724 2420 180 78 iusti
844 2420 241 78 iudicij,
1024 2420 221 78 denique
1185 2420 241 78 reliquis
1365 2420 120 78 ad
1425 2420 241 78 terrorem
1606 2420 221 78 perdere
1766 2420 221 78 uoluit.
1926 2420 180 78 Morbo
2027 2420 120 78 hor-

464 2485 222 71 ribili
619 2485 356 71 corripiuntur
909 2485 111 71 &
953 2485 356 71 extinguuntur
1242 2485 289 71 Antiochus
1465 2485 311 71 Epiphanes,
1709 2485 245 71 Herodes
1887 2485 245 71 magnus,
2043 2485 89 71 He

461 2541 204 60 rodes
597 2541 271 60 Agrippa,
801 2541 113 60 &
846 2541 271 60 Galerius
1049 2541 317 60 Maximianus
1298 2541 204 60 Caes.
1434 2541 181 60 Quia
1547 2541 339 60 peccauerunt
1818 2541 136 60 in
1886 2541 181 60 deum
1999 2541 113 60 &
2022 2541 113 60 fi-

468 2597 166 63 deles
578 2597 148 63 dei,
671 2597 148 63 quos
763 2597 129 63 hic
837 2597 203 63 ulcisci
984 2597 222 63 iustique
1151 2597 129 63 sui
1224 2597 203 63 iudicij
1372 2597 240 63 argumenta
1557 2597 222 63 proferre
1723 2597 203 63 uoluit:
1871 2597 203 63 adeoque
2000 2597 129 63 illos

456 2659 255 61 statuere
647 2659 234 61 exempla
817 2659 276 61 tyrannis,
1029 2659 127 61 in
1093 2659 212 61 quibus
1242 2659 234 61 uideant
1412 2659 170 61 quae
1518 2659 234 61 maneant
1688 2659 361 61 persequutores
1964 2659 170 61 piorum

459 2706 300 70 supplicia.
694 2706 128 70 Et
758 2706 236 70 quamuis
930 2706 193 70 bonus
1058 2706 236 70 dominus
1230 2706 278 70 creaturis
1444 2706 171 70 suis
1551 2706 193 70 omnia
1679 2706 128 70 ad
1744 2706 193 70 bonum
1872 2706 300 70 instituat,

459 2771 98 63 &
499 2771 157 63 fere
597 2771 295 63 calamitates
833 2771 177 63 omnes
951 2771 236 63 immittat
1128 2771 118 63 ut
1187 2771 98 63 a
1227 2771 276 63 sceleribus
1443 2771 256 63 retrahat:
1640 2771 157 63 quia
1738 2771 177 63 tamen
1857 2771 276 63 hypocritae
2053 2771 79 63 et

458 2821 183 70 impij
580 2821 244 70 consilia
763 2821 142 70 dei
844 2821 325 70 aspernantur,
1108 2821 183 70 neque
1230 2821 163 70 deum
1332 2821 325 70 percutientem
1596 2821 285 70 agnoscere,
1820 2821 183 70 neque
1942 2821 122 70 ad
2003 2821 163 70 deum

448 2874 259 69 conuerti
643 2874 303 69 sustinent,
881 2874 195 69 omnia
1011 2874 195 69 ipsis
1140 2874 216 69 cedunt
1292 2874 130 69 ad
1357 2874 303 69 interitum,
1594 2874 324 69 quemadmodum
1832 2874 303 69 diligentibus

448 2937 167 77 deum
552 2937 188 77 omnia
678 2937 313 77 cooperantur
928 2937 125 77 ad
990 2937 209 77 bonum,
1136 2937 229 77 ideoque
1303 2937 229 77 pereunt
1470 2937 125 77 in
1532 2937 167 77 suis
1637 2937 375 77 calamitatibus,
1949 2937 229 77 adeoque
