2288 3632
89 319 239 90 subibat.
268 319 139 90 Hoc
348 319 159 90 ergo
448 319 259 90 studendum
647 319 159 90 est,
746 319 119 90 si
806 319 219 90 Christi
965 319 259 90 discipuli
1165 319 159 90 esse
1264 319 239 90 uolumus,
1443 319 119 90 ut
1503 319 179 90 tanta
1623 319 139 90 dei
1682 319 80 90 ob

107 383 263 79 seruantia
309 383 182 79 atque
430 383 283 79 obedientia
653 383 263 79 imbuantur
855 383 182 79 animi
976 383 222 79 nostri,
1138 383 162 79 quae
1239 383 283 79 contrarias
1462 383 182 79 omnes
1563 383 202 79 affectio

101 445 150 79 nes
186 445 214 79 domare
336 445 128 79 ac
400 445 278 79 subiugare
614 445 171 79 eius
721 445 321 79 ordinationi
978 445 214 79 queat.
1127 445 150 79 Ita
1213 445 171 79 fiet
1320 445 128 79 ut
1384 445 278 79 quocunque
1576 445 193 79 uexemur

103 504 214 55 crucis
252 504 235 55 genere,
423 504 128 55 in
487 504 214 55 summis
636 504 192 55 etiam
765 504 192 55 animi
893 504 278 55 angustijs
1106 504 299 55 patientiam
1341 504 299 55 constanter
1554 504 214 55 retinea-

100 553 177 67 mus,
211 553 155 67 Res
299 553 177 67 enim
410 553 199 67 ipsae
543 553 266 67 aduersae
743 553 266 67 habebunt
942 553 177 67 suam
1053 553 355 67 asperitatem,
1341 553 155 67 qua
1430 553 310 67 mordeamur:
1651 553 111 67 sic

94 619 200 56 morbo
227 619 267 56 afflicti
428 619 111 56 &
472 619 378 56 ingemiscemus,
784 619 111 56 &
828 619 401 56 inquietabimur,
1162 619 111 56 &
1207 619 289 56 sanitatem
1429 619 312 56 expetemus:
1652 619 111 56 sic

106 672 231 67 egestate
279 672 211 67 pressi,
433 672 96 67 &
471 672 327 67 solicitudinis
740 672 96 67 &
779 672 269 67 tristitiae
990 672 211 67 aculeis
1144 672 346 67 perstringemur:
1432 672 135 67 sic
1509 672 288 67 ignominiae.

97 736 309 63 contemptus,
344 736 247 63 iniuriae
530 736 206 63 dolore
674 736 268 63 feriemur:
880 736 144 63 sic
962 736 124 63 in
1024 736 268 63 funeribus
1230 736 268 63 nostrorum
1436 736 226 63 debitas
1580 736 185 63 naturae

96 773 279 79 lachrymas
310 773 300 79 exoluemus.
546 773 150 79 Sed
632 773 172 79 haec
739 773 215 79 semper
889 773 172 79 erit
997 773 279 79 clausula,
1211 773 193 79 Atqui
1340 773 236 79 dominus
1512 773 150 79 ita
1576 773 193 79 uoluit.

96 830 180 70 Ergo
208 830 180 70 eius
320 830 314 70 uoluntatem
567 830 292 70 sequamur,
792 830 269 70 Hactenus
971 830 135 70 ille

188 885 223 89 Proinde
350 885 345 89 calamitatibus
635 885 244 89 appetiti
817 885 102 89 &
858 885 244 89 irretiti
1041 885 223 89 fideles
1203 885 122 89 in
1264 885 203 89 primis
1407 885 244 89 medentur
1589 885 163 89 sibi
1671 885 81 89 pa

88 935 249 82 tientia.
275 935 125 82 Ea
337 935 166 82 est,
441 935 228 82 authore
607 935 291 82 Lactantio,
836 935 228 82 malorum
1002 935 166 82 quae
1106 935 145 82 aut
1189 935 291 82 inseruntur
1417 935 145 82 aut
1500 935 249 82 accidunt
1666 935 104 82 cum

103 1010 345 61 aequanimitate
387 1010 264 61 perlatio.
590 1010 224 61 Patiens
753 1010 163 61 enim
855 1010 244 61 fidelis,
1037 1010 183 61 fixis
1159 1010 122 61 in
1220 1010 203 61 uerbum
1363 1010 142 61 dei
1444 1010 224 61 oculis,
1606 1010 163 61 fide
1688 1010 81 61 ac

96 1060 144 66 spe
178 1060 144 66 deo
260 1060 103 66 &
301 1060 287 66 promisioni
526 1060 164 66 eius
629 1060 267 66 inhaeret,
834 1060 226 66 suffert
998 1060 164 66 quae
1100 1060 246 66 accidunt
1285 1060 246 66 aduersa,
1469 1060 267 66 temperans
1654 1060 103 66 ani

98 1122 125 73 mi
161 1122 229 73 dolorem
327 1122 104 73 &
369 1122 250 73 corporis
556 1122 250 73 tormenta
743 1122 271 73 sapientia
951 1122 271 73 coelesti,
1160 1122 125 73 ut
1222 1122 229 73 nuspiam
1388 1122 271 73 superatus
1576 1122 187 73 doloris

91 1173 312 69 magnitudine
340 1173 249 69 deficiat
527 1173 104 69 a
569 1173 145 69 deo
652 1173 104 69 &
694 1173 249 69 mandatis
881 1173 187 69 eius,
1005 1173 228 69 faciens
1171 1173 125 69 ea
1234 1173 145 69 qua
1317 1173 270 69 prohibuit
1525 1173 208 69 facere
1649 1173 104 69 do-

99 1233 205 69 minus.
242 1233 205 69 Vincit
385 1233 164 69 ergo
487 1233 225 69 seipsum
651 1233 102 69 &
692 1233 307 69 affectiones
937 1233 164 69 suas
1039 1233 245 69 patiens,
1223 1233 205 69 uincit
1366 1233 225 69 dolores
1530 1233 102 69 &
1571 1233 225 69 calami

96 1289 180 69 tates
216 1289 200 69 omnes,
355 1289 219 69 perstat
515 1289 120 69 in
575 1289 339 69 aequanimitate
854 1289 100 69 &
894 1289 239 69 pietate.
1074 1289 120 69 Et
1134 1289 219 69 quamuis
1293 1289 239 69 sufferat
1473 1289 180 69 omnia
1572 1289 180 69 fidelis

99 1342 287 63 patientia,
325 1342 185 63 impia
448 1342 185 63 tamen
572 1342 144 63 nec
654 1342 267 63 approbat,
859 1342 144 63 nec
941 1342 185 63 falsa
1064 1342 246 63 tolerat.
1249 1342 144 63 Nam
1331 1342 246 63 saluator
1516 1342 205 63 noster
1639 1342 123 63 uni-

95 1403 147 56 cum
179 1403 294 56 patientiae
410 1403 273 56 exemplum,
621 1403 357 56 patientissime
915 1403 231 56 prebuit
1083 1403 210 56 impijs
1230 1403 189 56 manus
1357 1403 168 56 suas
1462 1403 231 56 adeoque
1609 1403 147 56 totum

97 1446 221 80 corpus
251 1446 331 80 uinciendum:
516 1446 155 80 sed
605 1446 177 80 idem
715 1446 243 80 interim
892 1446 265 80 improbat
1091 1446 243 80 ipsorum
1267 1446 353 80 iniquitatem,
1554 1446 243 80 dicens,

94 1506 194 83 Quasi
224 1506 129 83 ad
289 1506 259 83 latronem
483 1506 237 83 existis
655 1506 151 83 cum
742 1506 237 83 gladijs
914 1506 108 83 &
958 1506 281 83 fustibus,
1173 1506 151 83 cum
1260 1506 259 83 quotidie
1454 1506 259 83 uobiscum
1627 1506 129 83 fue-

100 1569 135 62 rim
177 1569 116 62 in
235 1569 213 62 templo:
390 1569 135 62 sed
467 1569 155 62 haec
563 1569 135 62 est
641 1569 155 62 hora
737 1569 155 62 illa
834 1569 193 62 uestra
969 1569 97 62 &
1008 1569 232 62 potestas
1182 1569 290 62 tenebrarum.

163 1609 146 74 Huc
247 1609 146 74 iam
330 1609 250 74 pertinet
517 1609 229 74 elegans
684 1609 292 74 descriptio
913 1609 146 74 aut
997 1609 333 74 prosopopoeia
1268 1609 292 74 Patientiae
1497 1609 146 74 per
1559 1609 188 74 Floren-

82 1674 150 66 tem
167 1674 364 66 Tertullianum,
467 1674 150 66 his
553 1674 278 66 proposita
767 1674 236 66 uerbis,
938 1674 150 66 Age
1024 1674 150 66 iam
1110 1674 300 66 patientiae
1345 1674 257 66 effigiem
1517 1674 214 66 habitum?

84 1737 400 69 comprehendamus,
421 1737 211 69 Vultus
568 1737 168 69 illi
673 1737 316 69 tranquillus
926 1737 105 69 &
968 1737 274 69 placidus,
1179 1737 189 69 frons
1305 1737 189 69 pura,
1431 1737 189 69 nulla
1536 1737 211 69 moeroris

90 1793 138 70 aut
169 1793 158 70 irae
268 1793 297 70 rugositatis
505 1793 277 70 contracta:
723 1793 217 70 remissa
881 1793 178 70 aeque
1000 1793 119 70 in
1059 1793 198 70 laetum
1197 1793 178 70 modum
1316 1793 297 70 supercilia,
1553 1793 198 70 oculis
1672 1793 79 70 hu

95 1846 236 63 militate
272 1846 137 63 non
351 1846 314 63 infelicitate
606 1846 255 63 deiectis.
802 1846 118 63 Os
861 1846 353 63 taciturnitatis
1156 1846 196 63 honore
1293 1846 255 63 signatum.
1490 1846 177 63 Color
1588 1846 157 63 qualis

94 1895 228 78 securis
260 1895 103 78 &
301 1895 269 78 innoxijs.
508 1895 186 78 Motus
632 1895 228 78 freques
798 1895 228 78 capitis
963 1895 124 78 in
1025 1895 269 78 diabolum,
1232 1895 103 78 &
1273 1895 186 78 minax
1397 1895 207 78 risus.
1542 1895 248 78 Caeterum

92 1955 234 61 amictus
262 1955 213 61 circum
411 1955 234 61 pectora
581 1955 255 61 candidus
772 1955 106 61 &
815 1955 234 61 corpori
985 1955 298 61 impressus,
1219 1955 128 61 ut
1283 1955 149 61 qui
1368 1955 149 61 nec
1453 1955 277 61 inssatur,
1645 1955 106 61 nec

90 2006 317 81 inquietatur.
348 2006 178 81 Sedet
467 2006 159 81 enim
566 2006 119 81 in
625 2006 198 81 throno
764 2006 238 81 spiritus
942 2006 159 81 eius
1042 2006 258 81 mitissimi
1240 2006 99 81 &
1279 2006 357 81 mansuetissimi,
1577 2006 139 81 qui
1656 2006 139 81 non

90 2068 212 68 turbine
244 2068 289 68 glomeratur,
475 2068 135 68 non
552 2068 193 68 nubilo
687 2068 193 68 liuet,
822 2068 135 68 sed
899 2068 135 68 est
976 2068 212 68 tenerae
1130 2068 289 68 serenitatis
1362 2068 212 68 apertus
1516 2068 96 68 &
1554 2068 231 68 simplex,

97 2131 161 66 quem
197 2131 201 66 tertio
338 2131 181 66 uidit
458 2131 221 66 Helias.
619 2131 141 66 Nam
699 2131 141 66 ubi
779 2131 181 66 deus,
900 2131 201 66 ibidem
1040 2131 100 66 &
1081 2131 201 66 alumna
1221 2131 181 66 eius,
1342 2131 261 66 patientia
1522 2131 221 66 scilicet.

165 2173 155 80 lam
253 2173 111 80 &
298 2173 199 80 uires
430 2173 310 80 Patientiae
674 2173 354 80 enumeratione
961 2173 221 80 quadam
1116 2173 287 80 colligens
1337 2173 221 80 beatus
1492 2173 221 80 martyr
1624 2173 111 80 Cy.

91 2222 228 92 prianus
257 2222 124 92 in
319 2222 228 92 sermone
485 2222 124 92 de
547 2222 166 92 Bono
650 2222 290 92 patientiae
878 2222 207 92 dicit,
1023 2222 269 92 Patientia
1230 2222 145 92 est
1313 2222 166 92 quae
1417 2222 145 92 nos
1499 2222 145 92 deo
1562 2222 186 92 commen-

92 2300 141 67 dat
172 2300 101 67 &
213 2300 221 67 seruat.
374 2300 161 67 Ipsa
474 2300 141 67 est
555 2300 161 67 quae
655 2300 161 67 iram
756 2300 262 67 temperat,
957 2300 161 67 quae
1058 2300 221 67 linguam
1219 2300 221 67 frenat,
1380 2300 201 67 mentem
1521 2300 262 67 gubernat,

87 2350 180 73 pacem
207 2350 261 73 custodit,
408 2350 301 73 disciplinam
648 2350 200 73 regit,
789 2350 261 73 libidinis
989 2350 221 73 impetum
1150 2350 241 73 frangit,
1330 2350 221 73 tumoris
1490 2350 301 73 uiolentiam.

88 2409 295 73 comprimit,
320 2409 274 73 incendium
530 2409 295 73 simultatis
762 2409 295 73 extinguit,
993 2409 232 73 coercet
1162 2409 274 73 potentiam
1372 2409 253 73 diuitum,
1562 2409 232 73 inopiam

76 2460 253 65 pauperum
266 2460 253 65 refouet,
456 2460 211 65 tuetur
604 2460 127 65 in
667 2460 296 65 uirginibus
899 2460 211 65 beatam
1047 2460 359 65 integritatem,
1343 2460 127 65 in
1406 2460 211 65 uiduis
1533 2460 211 65 laborio-

83 2517 146 72 sam
167 2517 313 72 castitatem,
417 2517 125 72 in
480 2517 293 72 coniunctis
710 2517 104 72 &
752 2517 272 72 maritatis
961 2517 293 72 indiuiduam
1191 2517 313 72 charitatem,
1441 2517 188 72 facit
1546 2517 188 72 humiles

80 2568 119 76 in
140 2568 277 76 prosperis,
357 2568 119 76 in
416 2568 237 76 aduersis
594 2568 217 76 fortes,
752 2568 198 76 contra
891 2568 237 76 iniurias
1069 2568 99 76 &
1108 2568 297 76 contumelias
1346 2568 198 76 mites,
1484 2568 178 76 docet
1583 2568 158 76 delin-

86 2631 264 68 quentibus
289 2631 162 68 cito
390 2631 284 68 ignoscere,
613 2631 122 68 si
674 2631 162 68 ipse
776 2631 284 68 delinquas,
999 2631 142 68 diu
1080 2631 101 68 &
1121 2631 203 68 multum
1263 2631 223 68 rogare:
1425 2631 304 68 tentationes
1649 2631 101 68 ex-

81 2689 222 73 pugnat,
242 2689 343 73 persecutiones
525 2689 242 73 tolerat,
706 2689 343 73 persecutiones
989 2689 121 73 et
1049 2689 242 73 martyria
1231 2689 282 73 consummat.
1453 2689 161 73 Ipsa
1553 2689 141 73 est
1614 2689 121 73 quae

90 2739 182 78 fidei
211 2739 222 78 nostrae
372 2739 283 78 fundamenta
594 2739 242 78 firmiter
776 2739 202 78 ponit:
917 2739 161 78 ipsa
1018 2739 141 78 est
1099 2739 161 78 quae
1200 2739 283 78 incrementa
1422 2739 161 78 spei
1503 2739 242 78 sublimiter

80 2800 263 64 prouehit:
282 2800 162 64 ipsa
383 2800 182 64 actum
505 2800 243 64 dirigit,
687 2800 121 64 ut
748 2800 202 64 tenere
890 2800 243 64 possimus
1072 2800 162 64 uiam
1173 2800 243 64 Christi,
1355 2800 142 64 dum
1436 2800 142 64 per
1517 2800 162 64 eius
1598 2800 142 64 tole-

83 2859 215 69 rantiam
240 2859 255 69 gradimur:
436 2859 157 69 ipsa
534 2859 215 69 efficit
691 2859 118 69 ut
749 2859 313 69 perseueremus
1004 2859 176 69 filij
1122 2859 157 69 dei,
1220 2859 137 69 dum
1298 2859 274 69 patientiam
1514 2859 196 69 patris
1631 2859 98 69 imi

79 2907 195 60 tamur.
215 2907 156 60 Haec
312 2907 272 60 Cyprianus.
526 2907 136 60 His
604 2907 117 60 si
662 2907 175 60 libet
779 2907 272 60 colophonis
993 2907 156 60 uice
1090 2907 253 60 adiincias
1285 2907 175 60 licet
1402 2907 117 60 ex
1460 2907 253 60 euangelio
1635 2907 117 60 Chri

76 2961 152 74 sti
163 2961 217 74 breuem
315 2961 217 74 illam,
467 2961 152 74 sed
554 2961 282 74 euidentem
771 2961 326 74 sententiam,
1032 2961 152 74 Per
1119 2961 304 74 patientiam
1358 2961 239 74 uestram
1510 2961 239 74 possidete
