2288 3632
459 317 204 91 animas
602 317 245 91 uestras:
786 317 225 91 denique
949 317 164 91 haec
1051 317 245 91 apostoli
1235 317 204 91 uerba,
1378 317 123 91 Ne
1440 317 307 91 abieceritis
1685 317 245 91 fiduciam
1869 317 245 91 uestram,
2032 317 123 91 quae

466 392 218 67 magnam
619 392 196 67 habet
749 392 240 67 praemij
924 392 392 67 retributionem.
1250 392 152 67 Nam
1337 392 283 67 patientia
1555 392 196 67 uobis
1686 392 152 67 est
1773 392 196 67 opus,
1903 392 131 67 ut
1969 392 152 67 ubi
2034 392 109 67 uo-

472 450 258 63 luntatem
665 450 150 63 dei
751 450 343 63 peregeritis,
1030 450 301 63 reportetis
1266 450 343 63 promisionem.
1545 450 193 63 Adhuc
1674 450 172 63 enim
1781 450 322 63 perpusillum
2017 450 129 63 tem-

472 508 189 67 poris
598 508 105 67 &
640 508 147 67 qui
724 508 252 67 uenturus
912 508 168 67 est,
1017 508 231 67 ueniet,
1185 508 105 67 &
1227 508 147 67 non
1311 508 273 67 tardabit.
1521 508 210 67 lustus
1668 508 189 67 autem
1793 508 126 67 ex
1856 508 168 67 fide
1940 508 210 67 uicturus

476 562 170 69 est:
582 562 106 69 &
625 562 128 69 si
688 562 128 69 se
752 562 319 69 subduxerit,
1007 562 149 69 non
1093 562 298 69 probabitur
1327 562 191 69 animo
1454 562 170 69 meo.
1560 562 128 69 At
1624 562 149 69 nos
1709 562 149 69 non
1794 562 213 69 sumus,
1943 562 149 69 qui
2007 562 149 69 subdu

472 625 191 61 camus
599 625 148 61 nos
684 625 127 61 in
747 625 339 61 perditionem,
1023 625 148 61 sed
1108 625 127 61 ad
1171 625 191 61 fidem
1298 625 297 61 pertinemus
1531 625 127 61 in
1595 625 360 61 acquisitionem
1892 625 233 61 animae.
2040 625 106 61 Cae

473 675 191 61 terum
600 675 149 61 cum
685 675 276 61 patientia
897 675 149 61 non
982 675 297 61 innascatur
1215 675 212 61 nobis,
1364 675 149 61 sed
1449 675 297 61 conferatur
1682 675 276 61 coelitus,
1894 675 233 61 orandus
2043 675 106 61 est

479 731 183 71 pater
601 731 284 71 coelestis,
824 731 122 71 ut
885 731 162 71 hanc
986 731 183 71 nobis
1108 731 244 71 conferre
1291 731 264 71 dignetur,
1494 731 183 71 iuxta
1616 731 264 71 doctrinam
1819 731 244 71 apostoli
1982 731 162 71 lacobi

480 792 252 68 dicentis,
673 792 252 68 Patientia
867 792 252 68 perficit.
1061 792 155 68 Quod
1158 792 116 68 si
1216 792 136 68 cui
1294 792 213 68 uestrum
1449 792 174 68 deest
1565 792 271 68 sapientia,
1779 792 233 68 postulet
1953 792 116 68 ab
2011 792 116 68 eo
2050 792 97 68 qui

469 843 168 74 dat,
574 843 189 74 nempe
700 843 168 74 deo,
805 843 147 74 qui
889 843 168 74 dat,
994 843 231 74 inquam,
1162 843 231 74 omnibus
1330 843 336 74 simpliciter,
1603 843 147 74 nec
1687 843 294 74 exprobrat,
1918 843 126 74 ac
1960 843 189 74 dabitur

481 895 132 60 ei.
557 895 132 60 Sed
632 895 227 60 postulet
803 895 132 60 cum
878 895 208 60 fiducia
1030 895 170 60 nihil
1143 895 265 60 haesitans,

543 951 288 69 Patientiam
770 951 164 69 uero
872 951 308 69 Christianam
1119 951 206 69 fulcit
1263 951 164 69 spes
1366 951 206 69 solida
1510 951 267 69 fidelium.
1715 951 164 69 Spem
1818 951 185 69 aiunt
1941 951 164 69 esse
2024 951 123 69 opi-

467 1009 230 74 nionem
628 1009 321 74 futurorum,
880 1009 276 74 communem
1087 1009 230 74 quidem
1248 1009 161 74 tam
1339 1009 138 74 ad
1408 1009 184 74 bona
1523 1009 184 74 quam
1638 1009 138 74 ad
1707 1009 207 74 mala:
1845 1009 161 74 sed
1936 1009 253 74 reuera,

474 1067 163 66 Spes
576 1067 143 66 est
657 1067 286 66 expectatio
882 1067 286 66 certissima
1106 1067 184 66 eorum
1229 1067 143 66 que
1310 1067 163 66 uere
1412 1067 102 66 &
1453 1067 224 66 diserte
1616 1067 102 66 a
1657 1067 143 66 deo
1739 1067 265 66 promissa,
1943 1067 184 66 fides
2045 1067 102 66 cre

479 1125 203 59 didit.
621 1125 142 59 Est
702 1125 163 59 ergo
804 1125 224 59 relatio
967 1125 224 59 quaedam
1129 1125 163 59 spei
1231 1125 122 59 ad
1292 1125 203 59 fidem,
1434 1125 102 59 &
1475 1125 203 59 mutuus
1617 1125 203 59 quidam
1760 1125 183 59 inter
1882 1125 244 59 utramque
2044 1125 102 59 ne-

484 1182 161 60 xus.
585 1182 181 60 Fides
705 1182 201 60 credit
846 1182 161 60 deum
947 1182 161 60 esse
1048 1182 242 60 ueracem,
1229 1182 121 60 et
1289 1182 242 60 intendit
1470 1182 201 60 oculos
1611 1182 121 60 in
1672 1182 181 60 ipsum
1793 1182 181 60 deum.
1913 1182 161 60 Spes
2014 1182 181 60 autem

474 1239 245 55 expectat
657 1239 123 55 ea
719 1239 163 55 quae
821 1239 245 55 credidit
1005 1239 204 55 fides.
1148 1239 123 55 At
1209 1239 225 55 quomodo
1373 1239 266 55 expectes,
1577 1239 163 55 nisi
1679 1239 184 55 scias
1802 1239 123 55 id
1863 1239 163 55 quod
1945 1239 204 55 expectas

480 1287 101 65 a
520 1287 142 65 deo
601 1287 283 65 promissum,
824 1287 162 65 quod
925 1287 142 65 suo
1006 1287 202 65 tepore
1148 1287 263 65 accipias.
1350 1287 182 65 Fides
1472 1287 202 65 credit
1614 1287 223 65 remissa
1776 1287 162 65 esse
1877 1287 182 65 nobis
1978 1287 162 65 pecca-

479 1349 140 75 ta,
559 1349 100 75 &
599 1349 221 75 paratam
760 1349 181 75 uitam
880 1349 241 75 aeternam
1061 1349 140 75 per
1141 1349 261 75 Christum:
1342 1349 160 75 spes
1442 1349 181 75 autem
1562 1349 241 75 expectat
1743 1349 160 75 illa
1843 1349 120 75 ut
1903 1349 241 75 accipiat
2064 1349 80 75 ea

479 1400 142 79 suo
560 1400 202 79 tepore
701 1400 162 79 quae
803 1400 243 79 promisit
985 1400 182 79 deus,
1106 1400 243 79 utcunque
1288 1400 223 79 interim
1450 1400 243 79 iactetur
1632 1400 263 79 aduersis.
1834 1400 182 79 Neque
1956 1400 162 79 enim
2037 1400 101 79 mer

473 1455 177 74 gitur
591 1455 157 74 spes
690 1455 98 74 &
729 1455 275 74 euanescit,
945 1455 177 74 licet
1063 1455 138 74 non
1142 1455 197 74 cernat
1279 1455 157 74 quod
1377 1455 216 74 sperat:
1535 1455 138 74 imo
1613 1455 138 74 non
1692 1455 275 74 euanescit,
1908 1455 216 74 tametsi
2046 1455 98 74 con

475 1518 193 60 traria
610 1518 212 60 prorsus
764 1518 116 60 se
822 1518 270 60 obiiciant,
1034 1518 174 60 quasi
1150 1518 174 60 nulla
1266 1518 154 60 sint
1362 1518 154 60 quae
1459 1518 251 60 expectat.
1651 1518 212 60 Ideoque
1806 1518 193 60 Paulus
1941 1518 193 60 dixit,
2057 1518 96 60 Spe

481 1573 211 67 seruati
634 1573 173 67 sumus
749 1573 96 67 :
788 1573 173 67 porro
903 1573 153 67 spes
999 1573 115 67 si
1056 1573 249 67 uideatur,
1248 1573 134 67 non
1325 1573 134 67 est
1401 1573 173 67 spes.
1516 1573 153 67 Quod
1612 1573 153 67 enim
1708 1573 153 67 quis
1804 1573 211 67 cernit,
1957 1573 134 67 cur
2034 1573 153 67 idem

481 1625 227 65 speret?
646 1625 124 65 Si
708 1625 165 65 uero
812 1625 165 65 quod
915 1625 144 65 non
997 1625 248 65 uidemus,
1183 1625 268 65 speramus,
1389 1625 124 65 id
1451 1625 186 65 certe
1575 1625 144 65 per
1658 1625 289 65 patientiam
1885 1625 310 65 expectamus,

474 1684 272 71 Sperauit
678 1684 249 71 Abraham
859 1684 136 71 se
927 1684 317 71 accepturum
1176 1684 317 71 promissam,
1425 1684 136 71 in
1493 1684 159 71 qua
1584 1684 204 71 tamen
1720 1684 136 71 ne
1788 1684 204 71 latum
1924 1684 226 71 quidem
2059 1684 91 71 pe

482 1745 146 68 dem
565 1745 292 68 obtinebat,
795 1745 104 68 &
836 1745 167 68 quam
940 1745 229 68 uidebat
1107 1745 104 68 a
1149 1745 354 68 potentissimis
1440 1745 250 68 gentibus
1627 1745 271 68 occupari,
1836 1745 229 68 terram.
1981 1745 167 68 Spera-

481 1799 149 64 uit
566 1799 192 64 Moses
694 1799 128 64 se
757 1799 319 64 liberaturum
1013 1799 128 64 ex
1077 1799 255 64 Aegypto,
1268 1799 106 64 &
1311 1799 319 64 repositurum
1566 1799 255 64 lzraelis
1758 1799 234 64 populum
1928 1799 128 64 in
1971 1799 170 64 terram

484 1849 302 68 promissam,
721 1849 258 68 quanquam
915 1849 151 68 non
1001 1849 237 68 uideret
1174 1849 258 68 rationes
1368 1849 129 68 et
1432 1849 194 68 modum
1561 1849 237 68 quomodo
1734 1849 129 68 id
1798 1849 323 68 perficeret.
2035 1849 108 68 Spe

470 1919 184 56 rauit
592 1919 184 56 Dauid
715 1919 123 56 se
776 1919 286 56 regnaturum
1001 1919 184 56 super
1124 1919 266 56 lzraelem,
1328 1919 123 56 et
1390 1919 184 56 tamen
1512 1919 204 56 sensit
1655 1919 286 56 imminentem
1880 1919 164 56 sibi
1982 1919 204 56 Saulem

473 1960 102 64 &
513 1960 244 64 Saulinos
696 1960 366 64 potentissimos,
1001 1960 163 64 adeo
1103 1960 122 64 ut
1164 1960 142 64 non
1245 1960 183 64 semel
1367 1960 366 64 periclitaretur
1672 1960 122 64 de
1733 1960 183 64 uita.
1855 1960 264 64 Sperarunt
2038 1960 102 64 apo

465 2020 191 71 stoli
592 2020 106 71 &
634 2020 212 71 sancti
783 2020 148 71 dei
867 2020 254 71 martyres
1058 2020 191 71 uitam
1185 2020 127 71 se
1249 2020 297 71 accepturos
1482 2020 276 71 aeternam,
1694 2020 106 71 &
1736 2020 170 71 deum
1842 2020 233 71 nunquam
1991 2020 148 71 ipsis

474 2070 304 67 defuturum:
713 2070 239 67 interim
887 2070 195 67 tamen
1017 2070 304 67 sentiebant
1255 2070 217 67 omnium
1407 2070 239 67 hominum
1581 2070 195 67 odia,
1711 2070 347 67 eiiciebantur
1993 2070 130 67 in
2037 2070 108 67 exi

484 2130 191 62 lium,
611 2130 212 62 tandem
760 2130 106 62 &
802 2130 149 62 per
887 2130 191 62 uaria
1015 2130 276 62 supplicia
1227 2130 361 62 occidebantur.
1525 2130 149 62 Sic
1610 2130 212 62 inquam
1759 2130 170 62 spes
1865 2130 276 62 absentium
2077 2130 106 62 &

484 2179 147 71 non
568 2179 336 71 comparentium
841 2179 168 71 spes
946 2179 168 71 est,
1051 2179 105 71 &
1093 2179 294 71 expectatio
1324 2179 231 71 quidem,
1492 2179 147 71 sed
1576 2179 294 71 expectatio
1807 2179 210 71 certa,
1954 2179 147 71 imo
2017 2179 126 71 lon-

471 2241 124 79 ge
533 2241 310 79 certissima:
781 2241 144 79 nec
863 2241 310 79 quarumlibet
1111 2241 206 79 rerum,
1256 2241 144 79 sed
1338 2241 165 79 quae
1441 2241 351 79 coprehendimus
1730 2241 165 79 uera
1833 2241 186 79 fide,
1957 2241 227 79 adeoque

477 2306 184 60 earum
599 2306 184 60 rerum
722 2306 164 60 quae
824 2306 123 60 ab
886 2306 164 60 ipso
988 2306 143 60 deo
1070 2306 184 60 uiuo,
1193 2306 164 60 uero
1295 2306 102 60 &
1336 2306 225 60 aeterno
1500 2306 246 60 promissa
1684 2306 184 60 sunt.
1807 2306 143 60 Nam
1888 2306 123 60 S.
1950 2306 225 60 Petrus,

467 2349 261 81 Perfecte,
668 2349 221 81 inquit,
829 2349 221 81 sperate
990 2349 121 81 in
1050 2349 141 81 eam
1131 2349 161 81 quae
1231 2349 121 81 ad
1291 2349 141 81 uos
1372 2349 241 81 defertur
1553 2349 241 81 gratiam.
1734 2349 241 81 Perfecte
1895 2349 241 81 autemispe-

471 2408 180 69 rant,
591 2408 140 69 qui
671 2408 220 69 indubie
831 2408 100 69 &
871 2408 180 69 totos
991 2408 160 69 sese
1091 2408 280 69 committunt
1311 2408 220 69 diuinae
1470 2408 240 69 gratiae,
1650 2408 120 69 ac
1710 2408 320 69 haereditatem
1970 2408 180 69 uitae
2070 2408 80 69 ex

473 2467 229 71 pectant
640 2467 166 71 sine
744 2467 333 71 dubitatione.
1014 2467 146 71 Sed
1097 2467 104 71 &
1139 2467 208 71 Paulus
1284 2467 270 71 apostolus
1492 2467 166 71 spem
1596 2467 250 71 appellat
1783 2467 229 71 animae,
1950 2467 187 71 uelut
2054 2467 83 71 an

478 2529 191 62 coram
605 2529 149 62 tum
690 2529 191 62 tutam
818 2529 149 62 tum
902 2529 234 62 firmam.
1072 2529 127 62 Ac
1136 2529 212 62 quanto
1285 2529 234 62 firmior
1455 2529 149 62 est
1539 2529 212 62 diuina
1688 2529 297 62 promissio,
1922 2529 191 62 tanto
2028 2529 106 62 cer

476 2578 150 68 tior
570 2578 94 68 &
608 2578 226 68 securior
777 2578 132 68 est
852 2578 150 68 ipsa
946 2578 169 68 spes.
1059 2578 150 68 Spes
1153 2578 150 68 enim
1247 2578 132 68 non
1322 2578 132 68 est
1398 2578 263 68 expectatio
1604 2578 132 68 rei
1680 2578 282 68 cuiuslibet,
1905 2578 132 68 sed
1962 2578 169 68 fidei,-

473 2632 122 79 id
534 2632 162 79 est,
635 2632 162 79 quam
736 2632 182 79 fides
858 2632 263 79 credidit,
1060 2632 101 79 &
1101 2632 162 79 quam
1202 2632 203 79 scimus
1344 2632 182 79 uerbo
1465 2632 142 79 dei
1546 2632 182 79 nobis
1668 2632 263 79 promitti.
1871 2632 223 79 Ideoque
2012 2632 122 79 Pau-

472 2687 142 69 lus
553 2687 183 69 fidem
675 2687 142 69 per
756 2687 162 69 spem
858 2687 244 69 exponit,
1040 2687 142 69 dum
1122 2687 203 69 dicit,
1264 2687 183 69 Fides
1386 2687 142 69 est
1467 2687 284 69 substantia
1690 2687 183 69 rerum
1812 2687 325 69 sperandarum,
2056 2687 81 69 ar

469 2743 266 66 gumentum
669 2743 155 66 non
757 2743 355 66 apparentium.
1046 2743 200 66 Fides
1179 2743 178 66 ergo
1290 2743 222 66 ueluti
1446 2743 333 66 fundamentum
1712 2743 178 66 est,
1823 2743 155 66 cui
1890 2743 244 66 innititur

467 2808 178 74 spes,
586 2808 217 74 adeoque
744 2808 158 74 ipse
842 2808 158 74 deus
941 2808 99 74 &
980 2808 197 74 uerbum
1119 2808 138 74 dei
1198 2808 296 74 infallibile
1434 2808 237 74 obiectum
1612 2808 138 74 est
1691 2808 158 74 spei
1790 2808 237 74 nostrae.
1967 2808 217 74 Ideoque

472 2851 213 72 Paulus
621 2851 256 72 appellat
813 2851 171 72 deum
920 2851 171 72 spem
1026 2851 256 72 nostram:
1218 2851 149 72 ita
1304 2851 107 72 &
1347 2851 299 72 prophetae.
1581 2851 149 72 Huc
1667 2851 256 72 pertinet
1859 2851 192 72 Psal.
1987 2851 149 72 91.
2051 2851 85 72 in

467 2913 139 60 quo
547 2913 219 60 fidelis
706 2913 219 60 clamat,
865 2913 119 60 Tu
925 2913 119 60 es
984 2913 199 60 domine
1124 2913 159 60 spes
1223 2913 159 60 mea,
1322 2913 119 60 in
1382 2913 199 60 aedito
1521 2913 278 60 collocasti
1740 2913 318 60 habitationem
1999 2913 179 60 tuam.

471 2967 199 79 Verum
604 2967 265 79 innumera
803 2967 265 79 inuenias
1001 2967 133 79 in
1068 2967 243 79 Psalmis
1245 2967 265 79 exempla.
1444 2967 221 79 Nequit
1598 2967 199 79 autem
1731 2967 199 79 firma
1864 2967 177 79 esse
1974 2967 199 79 spes,
