2288 3632
127 289 142 101 ubi
208 289 142 101 non
289 289 142 101 est
371 289 203 101 solida
513 289 183 101 fides
635 289 102 101 &
676 289 224 101 diserta
839 289 142 101 dei
920 289 285 101 promissio.
1144 289 122 101 Ea
1205 289 142 101 cum
1286 289 142 101 sit
1368 289 183 101 rerum
1490 289 305 101 temporalium
1734 289 102 101 &

120 375 320 60 aeternarum,
376 375 171 60 spes
483 375 214 60 quoque
632 375 149 60 est
718 375 320 60 temporalium
974 375 107 60 &
1016 375 320 60 aeternarum.

192 421 118 74 Et
251 421 118 74 ut
311 421 178 74 fides
429 421 217 74 diuinae
587 421 217 74 gratiae
745 421 178 74 donum
863 421 158 74 est,
962 421 138 74 non
1041 421 217 74 naturae
1198 421 217 74 nostrae
1356 421 158 74 uis,
1455 421 138 74 ita
1534 421 158 74 spes
1613 421 197 74 coelitus

131 478 186 86 nobis
256 478 249 86 donatur,
442 478 104 86 &
484 478 311 86 confirmatur
732 478 145 86 per
815 478 249 86 spiritum
1002 478 166 86 dei.
1105 478 124 86 In
1167 478 332 86 expectatione
1437 478 166 86 enim
1540 478 145 86 est
1603 478 186 86 gemitus

125 536 106 71 &
167 536 317 71 desiderium.
420 536 253 71 lmpetunt
611 536 317 71 tentationes
864 536 106 71 &
906 536 232 71 urgent,
1075 536 190 71 quasi
1202 536 232 71 prorsus
1371 536 232 71 negetur
1540 536 169 71 quod
1624 536 169 71 differ

118 597 165 78 tur,
222 597 145 78 aut
304 597 227 78 ignoret
469 597 145 78 res
552 597 227 78 nostras
717 597 186 78 deus,
841 597 145 78 qui
924 597 310 78 expectantes
1172 597 248 78 subinde,
1357 597 103 78 &
1399 597 186 78 quasi
1523 597 248 78 perpetuo
1688 597 103 78 ne-

115 661 235 58 gligere
286 661 257 58 uidetur:
478 661 193 58 multa
607 661 171 58 ergo
714 661 342 58 consolatione
992 661 107 58 &
1035 661 364 58 confirmatione
1335 661 257 58 spiritus
1527 661 214 58 diuini
1656 661 128 58 opus

117 712 181 66 habet
237 712 160 66 spes
338 712 221 66 nostra.
498 712 160 66 Quae
598 712 120 66 si
659 712 201 66 solida
799 712 160 66 sit,
899 712 261 66 sustentat
1100 712 100 66 &
1140 712 201 66 erigit
1280 712 201 66 animum
1421 712 221 66 cupidum
1581 712 201 66 quidem
1702 712 80 66 bo

121 768 144 69 ni,
204 768 144 69 sed
286 768 226 69 interim
451 768 185 69 tamem
574 768 309 69 infirmitate
821 768 268 69 grauatum.
1027 768 124 69 Et
1089 768 144 69 cum
1171 768 226 69 dominus
1336 768 226 69 differt
1501 768 247 69 promissa
1665 768 124 69 sua,

119 821 120 71 ac
179 821 220 71 uidetur
339 821 160 71 plus
439 821 180 71 aequo
558 821 220 71 diutius
718 821 140 71 nos
798 821 280 71 negligere,
1018 821 140 71 aut
1098 821 260 71 afffictos
1298 821 220 71 alioqui
1457 821 200 71 satis,
1577 821 220 71 molestijs

112 874 249 75 onerare,
299 874 166 75 spes
402 874 269 75 accurrit,
610 874 290 75 faciensque
838 874 249 75 officium
1024 874 187 75 suum,
1149 874 187 75 iubet
1273 874 145 75 nos
1356 874 290 75 longanimes
1563 874 228 75 expectare

120 932 243 77 dominum,
302 932 142 77 qui
383 932 121 77 ut
444 932 142 77 non
525 932 202 77 potest
666 932 202 77 odisse
808 932 243 77 cultorem
990 932 182 77 suum,
1112 932 142 77 ita
1193 932 142 77 non
1274 932 223 77 fallit,
1436 932 142 77 non
1517 932 243 77 mentitur
1679 932 101 77 uel

120 989 116 69 in
178 989 212 69 minimo,
332 989 135 69 qui
409 989 135 69 est
487 989 212 69 aeterna
641 989 212 69 ueritas
795 989 97 69 &
834 989 232 69 bonitas.
1008 989 135 69 Hic
1085 989 135 69 iam
1162 989 212 69 prosunt
1317 989 270 69 scripturae
1529 989 154 69 loci
1626 989 116 69 de
1664 989 116 69 sper

124 1049 337 62 certitudine,
397 1049 105 62 &
440 1049 168 62 quod
545 1049 147 62 non
629 1049 168 62 sunt
734 1049 231 62 confusi
902 1049 147 62 qui
987 1049 274 62 sperarunt
1197 1049 126 62 in
1260 1049 189 62 deum,
1386 1049 231 62 tametsi
1534 1049 252 62 diutissime

105 1096 268 85 auxilium
306 1096 357 85 protraxerit.
596 1096 290 85 Promittit
819 1096 223 85 terram
976 1096 246 85 Chanaan
1155 1096 246 85 dominus
1333 1096 223 85 semini
1490 1096 268 85 Abrahae,
1668 1096 112 85 sed

113 1160 216 74 eandem
264 1160 216 74 tradit
415 1160 323 74 possidendam
674 1160 194 74 demum
804 1160 173 74 post
911 1160 173 74 430.
1019 1160 216 74 annos,
1170 1160 151 74 imo
1256 1160 323 74 circunducit
1515 1160 194 74 prius
1623 1160 151 74 etiam

107 1217 147 70 per
191 1217 252 70 desertum
380 1217 316 70 uastissimum
633 1217 189 70 annis
759 1217 147 70 40.
843 1217 231 70 Liberat
1012 1217 126 70 ex
1075 1217 273 70 Babylone,
1285 1217 147 70 sed
1369 1217 168 70 post
1474 1217 189 70 annos
1601 1217 147 70 7a.
1664 1217 126 70 Exem

119 1279 148 70 pla
203 1279 190 70 huius
330 1279 148 70 rei
414 1279 126 70 in
477 1279 295 70 scripturis
709 1279 253 70 innumera
899 1279 190 70 sunt.
1025 1279 169 70 Quid
1131 1279 169 70 quod
1236 1279 211 70 filium
1384 1279 295 70 unigenitum
1615 1279 126 70 ab
1658 1279 126 70 ini-

114 1335 160 67 tio
206 1335 160 67 mox
297 1335 206 67 mundi
434 1335 320 67 promissum,
686 1335 251 67 exhibet
869 1335 229 67 tandem
1029 1335 137 67 in
1097 1335 183 67 fine
1211 1335 343 67 saeculorum?
1486 1335 274 67 Durandum
1669 1335 114 67 est

112 1392 175 68 ergo
221 1392 262 68 sanctis,
418 1392 328 68 expectandum
680 1392 153 68 hoc
767 1392 306 68 potissimum
1008 1392 240 68 nomine,
1182 1392 175 68 quod
1292 1392 240 68 sallere
1466 1392 153 68 non
1554 1392 218 68 potest
1685 1392 87 68 ue

115 1448 213 58 ritas,
264 1448 170 58 quod
370 1448 192 58 omnes
498 1448 320 58 expectantes
754 1448 192 58 ipsum
882 1448 234 58 seruati
1052 1448 192 58 sund.
1180 1448 213 58 Clamat
1329 1448 213 58 Dauid,
1479 1448 170 58 Inte
1564 1448 213 58 speraue-

113 1492 164 69 runt
216 1492 205 69 patres
360 1492 226 69 nostri,
524 1492 308 69 sperauerunt
771 1492 103 69 &
812 1492 267 69 liberasti
1017 1492 164 69 eos.
1120 1492 164 69 Adte
1222 1492 329 69 clamauerunt,
1489 1492 103 69 &
1531 1492 185 69 salui
1633 1492 144 69 facti

114 1546 184 75 sunt:
236 1546 122 75 in
297 1546 122 75 te
358 1546 326 75 sperauerunt,
623 1546 102 75 &
664 1546 143 75 non
746 1546 163 75 sunt
848 1546 245 75 confusi.
1031 1546 122 75 Et
1093 1546 224 75 iterum,
1256 1546 184 75 Bonus
1378 1546 143 75 est
1460 1546 245 75 dominus,
1623 1546 163 75 beatus

111 1607 150 62 uir
196 1607 150 62 qui
282 1607 214 62 sperat
431 1607 128 62 in
495 1607 150 62 eo.
581 1607 192 62 Item,
709 1607 150 62 Qui
794 1607 278 62 confidunt
1008 1607 128 62 in
1072 1607 214 62 domino
1222 1607 128 62 ut
1286 1607 171 62 mons
1392 1607 192 62 Sion,
1521 1607 150 62 non
1585 1607 192 62 mouebun

114 1667 164 72 tur,
216 1667 144 72 sed
298 1667 308 72 permanebunt
544 1667 123 72 in
605 1667 267 72 aeternum.
811 1667 205 72 Clamat
954 1667 185 72 etiam
1077 1667 205 72 Paulus
1221 1667 123 72 in
1282 1667 164 72 suis
1385 1667 369 72 tentationibus,
1672 1667 103 72 di-

109 1722 173 64 cens
217 1722 130 64 ad
282 1722 238 64 Philip.
455 1722 173 64 Noui
563 1722 173 64 quod
671 1722 281 64 calamitas
888 1722 151 64 mea
974 1722 173 64 mihi
1082 1722 195 64 cedet
1212 1722 130 64 ad
1277 1722 259 64 salutem,
1471 1722 259 64 secundum
1644 1722 130 64 expe

107 1771 283 62 ctationem
325 1771 109 62 &
369 1771 174 62 spem
478 1771 196 62 meam,
609 1771 174 62 quod
718 1771 196 62 nulla
848 1771 131 62 in
914 1771 131 62 re
979 1771 283 62 pudefiam.

183 1829 168 79 Haec
288 1829 231 79 diximus
456 1829 252 79 hucusque
645 1829 126 79 de
708 1829 126 79 eo
771 1829 231 79 quomodo
939 1829 126 79 se
1003 1829 210 79 gerant
1150 1829 126 79 in
1213 1829 357 79 calamitatibus
1507 1829 210 79 uarijs
1633 1829 126 79 fide

100 1882 175 71 les.
209 1882 153 71 Non
297 1882 175 71 enim
406 1882 306 71 despondent
646 1882 240 71 animum,
821 1882 153 71 sed
909 1882 284 71 obfirmant
1127 1882 175 71 sese
1237 1882 197 71 firma
1368 1882 153 71 spe
1455 1882 109 71 &
1499 1882 175 71 mala
1586 1882 175 71 quaeli

104 1942 156 79 bet
193 1942 290 79 patienter
416 1942 290 79 sufferunt
639 1942 334 79 expectantes
906 1942 134 79 in
973 1942 245 79 omnibus
1152 1942 268 79 dominum,
1352 1942 223 79 unicam
1508 1942 223 79 omnium
1642 1942 134 79 fide

106 1999 169 65 lium
211 1999 169 65 spem
317 1999 148 65 His
402 1999 148 65 sub
486 1999 190 65 finem
613 1999 317 65 adiinciemus
866 1999 275 65 generales
1077 1999 232 65 aliquot
1246 1999 380 65 consolationes,
1563 1999 169 65 quae
1647 1999 127 65 spem

100 2057 261 80 fidelium
296 2057 304 80 confirment
535 2057 217 80 magis,
687 2057 369 80 patientiamque
991 2057 130 80 in
1056 2057 196 80 malis
1186 2057 326 80 perferendis
1447 2057 326 80 commendent,
1686 2057 87 80 ac

107 2108 119 65 in
167 2108 218 65 casibus
325 2108 297 65 quibuslibet
563 2108 238 65 afhictos
742 2108 99 65 &
781 2108 218 65 pressos
940 2108 238 65 erigant.

173 2155 266 72 Principio
377 2155 245 72 expendat
561 2155 266 72 afflictus
765 2155 184 72 malis
888 2155 163 72 ante
990 2155 204 72 omnia,
1133 2155 102 72 a
1174 2155 143 72 quo
1256 2155 347 72 proficiscatur
1542 2155 286 72 afflictio.

104 2217 273 65 Affligunt
314 2217 168 65 sane
420 2217 231 65 homines
588 2217 189 65 mali,
714 2217 252 65 affligit
903 2217 295 65 cacodaemon
1135 2217 105 65 &
1177 2217 231 65 morbus,
1345 2217 252 65 affligit
1535 2217 231 65 mundus:
1682 2217 105 65 sed

100 2283 144 59 non
183 2283 164 59 sine
285 2283 164 59 deo,
388 2283 144 59 imo
470 2283 308 59 permittente
717 2283 164 59 deo.
819 2283 185 59 lobum
943 2283 144 59 non
1025 2283 205 59 potuit
1168 2283 205 59 uexare
1312 2283 267 59 sathanas,
1518 2283 144 59 uel
1600 2283 123 59 in
1641 2283 123 59 for-

97 2341 206 62 tunis,
242 2341 144 62 uel
324 2341 124 62 in
386 2341 165 62 ipso
489 2341 248 62 corpore,
675 2341 165 62 nisi
778 2341 309 62 permittente
1026 2341 165 62 deo.
1129 2341 206 62 Clamat
1273 2341 165 62 item
1376 2341 248 62 propheta
1562 2341 206 62 Dauid,
1686 2341 83 62 Tu

101 2392 127 60 es
164 2392 148 60 qui
249 2392 296 60 extraxisti
481 2392 127 60 me
545 2392 127 60 ex
608 2392 190 60 utero
735 2392 211 60 matris
883 2392 190 60 meae,
1010 2392 127 60 in
1073 2392 127 60 te
1137 2392 254 60 confisus
1327 2392 148 60 sum
1412 2392 148 60 cum
1496 2392 190 60 adhuc
1602 2392 169 60 pende-

101 2449 144 68 rem
184 2449 124 68 ab
246 2449 248 68 uberibus
431 2449 206 68 matris
576 2449 186 68 meae:
700 2449 124 68 in
761 2449 124 68 te
823 2449 268 68 coniectus
1030 2449 144 68 sum
1112 2449 103 68 a
1153 2449 206 68 partu.
1298 2449 165 68 Deus
1401 2449 165 68 meus
1504 2449 124 68 es
1566 2449 144 68 tu:
1648 2449 124 68 in
1690 2449 83 68 ma

96 2505 130 71 nu
161 2505 152 71 tua
248 2505 173 71 sunt
356 2505 238 71 tempora
530 2505 173 71 mea.
638 2505 130 71 Et
703 2505 130 71 in
768 2505 282 71 Euangelio
984 2505 195 71 dicit
1114 2505 260 71 dominus,
1309 2505 195 71 Nonne
1439 2505 152 71 duo
1504 2505 260 71 passerculi

94 2564 209 71 minuto
240 2564 167 71 asse
345 2564 251 71 ueneunt,
533 2564 104 71 &
574 2564 167 71 unus
679 2564 125 71 ex
742 2564 188 71 illis
867 2564 146 71 non
950 2564 188 71 cadet
1076 2564 125 71 in
1138 2564 209 71 terram
1285 2564 167 71 sine
1389 2564 188 71 patre
1514 2564 230 71 uestro?
1661 2564 104 71 Ve-

101 2611 169 74 stri
206 2611 169 74 uero
312 2611 190 74 etiam
438 2611 169 74 pili
543 2611 232 74 capitis
712 2611 190 74 omnes
838 2611 253 74 numerati
1028 2611 190 74 sunt.
1154 2611 169 74 Deus
1259 2611 190 74 autem
1386 2611 190 74 cuius
1512 2611 232 74 imperio
1660 2611 105 74 re-

104 2671 215 72 guntur
254 2671 215 72 omnia,
404 2671 193 72 pater
533 2671 172 72 est,
641 2671 150 72 non
727 2671 172 72 modo
834 2671 172 72 deus
942 2671 107 72 &
984 2671 236 72 dominus
1156 2671 301 72 mortalium.
1393 2671 129 72 Et
1457 2671 258 72 uoluntas
1629 2671 129 72 eius

96 2733 219 67 optima
250 2733 110 67 &
293 2733 285 67 salutaris
513 2733 154 67 est
601 2733 307 67 hominibus,
842 2733 132 67 ut
908 2733 154 67 iam
995 2733 154 67 non
1083 2733 197 67 dicam
1215 2733 197 67 ipsum
1346 2733 197 67 omnia
1478 2733 219 67 ordine
1631 2733 110 67 &
1653 2733 110 67 iu-

92 2784 244 77 stissime
275 2784 204 77 agere,
418 2784 163 77 quae
519 2784 183 77 agit.
642 2784 163 77 Quod
743 2784 122 77 si
805 2784 163 77 bona
906 2784 143 77 est
988 2784 244 77 uoluntas
1171 2784 143 77 dei
1253 2784 163 77 erga
1355 2784 163 77 nos,
1456 2784 143 77 non
1538 2784 204 77 potest
1660 2784 102 77 non

99 2845 221 67 optimum
260 2845 161 67 esse
360 2845 201 67 nobis,
501 2845 161 67 quod
602 2845 221 67 euenit,
763 2845 161 67 illo
863 2845 302 67 permittente
1104 2845 141 67 aut
1185 2845 241 67 uolente,
1366 2845 141 67 qui
1446 2845 141 67 nos
1527 2845 181 67 amat.
1627 2845 141 67 Atque

104 2895 128 70 hic
177 2895 238 70 permultum
360 2895 256 70 discrepant
561 2895 91 70 a
597 2895 183 70 filijs
725 2895 146 70 dei,
817 2895 165 70 filij
926 2895 165 70 huius
1036 2895 219 70 saeculi.
1201 2895 110 70 Hi
1255 2895 146 70 enim
1347 2895 110 70 in
1402 2895 311 70 calamitatibus
1639 2895 110 70 suis

107 2952 160 86 sese
207 2952 301 86 consolantes
448 2952 220 86 dicunt,
608 2952 180 86 Feras
728 2952 140 86 non
808 2952 220 86 culpes,
969 2952 160 86 quod
1069 2952 200 86 mutare
1209 2952 140 86 non
1289 2952 200 86 potes.
1429 2952 160 86 Deus
1530 2952 140 86 ita
1610 2952 180 86 uult,
