2288 3632
472 309 145 105 bat
555 309 249 105 sapienti
742 309 228 105 bonoque
908 309 166 105 uiro
1011 309 290 105 mendacium,
1239 309 166 105 modo
1343 309 145 105 ijs
1426 309 249 105 salutare
1613 309 187 105 foret
1737 309 207 105 quorum
1882 309 207 105 gratia
2007 309 124 105 fie-

476 370 170 97 ret.
582 370 149 97 Nec
667 370 213 97 caruit
816 370 298 97 suspicione
1050 370 277 97 Origenici
1263 370 255 97 dogmatis
1455 370 128 97 S.
1519 370 319 97 Hieronymus,
1774 370 255 97 Scripsit
1966 370 170 97 enim
2051 370 85 97 in

478 424 276 92 epistolam
690 424 191 92 Pauli
818 424 127 92 ad
881 424 212 92 Galat,
1030 424 106 92 &
1072 424 212 92 Petrum
1221 424 106 92 &
1263 424 212 92 Paulum
1412 424 149 92 pro
1497 424 234 92 tempore
1667 424 170 92 usos
1773 424 170 92 esse
1879 424 297 92 simulatio¬

480 470 154 105 ne.
568 470 198 105 Verum
700 470 132 105 S.
766 470 308 105 Augustinus
1008 470 132 105 ea
1074 470 132 105 de
1140 470 132 105 re
1206 470 132 105 D.
1272 470 308 105 Hieronymum
1515 470 286 105 admonuit,
1735 470 220 105 negans
1889 470 132 105 in
1933 470 198 105 literis

488 524 225 116 diuinis
651 524 184 116 ullam
773 524 245 116 mendacij
957 524 306 116 suspicionem
1202 524 163 116 esse
1304 524 327 116 recipiendam.
1569 524 122 116 S.
1631 524 163 116 uero
1733 524 204 116 Hiero.
1876 524 163 116 suae
1957 524 184 116 senten-

490 578 152 115 tiae
585 578 209 115 admonet
737 578 190 115 fuisse
869 578 209 115 optimos
1021 578 209 115 quosque
1173 578 209 115 ueteris
1325 578 247 115 ecclesiae
1514 578 303 115 interpretes.
1761 578 228 115 Scriptae
1931 578 152 115 sunt
2007 578 133 115 ultro

487 636 234 104 citroque
662 636 253 104 epistolae
857 636 195 104 doctae
993 636 97 104 &
1032 636 234 104 prolixae
1208 636 117 104 ab
1266 636 234 104 utroque:
1441 636 156 104 quae
1539 636 136 104 cum
1617 636 195 104 extent
1753 636 195 104 hodie,
1890 636 136 104 non
1968 636 136 104 est
2026 636 117 104 quod

495 697 150 99 his
580 697 279 99 inhaeream
795 697 257 99 diutius.
988 697 172 99 Idem
1095 697 236 99 August.
1267 697 172 99 lib.
1374 697 214 99 contra
1524 697 279 99 Mendacium
1739 697 129 99 ad
1803 697 300 99 Consentium
2017 697 129 99 cap-

490 747 130 109 15.
565 747 186 109 Nihil,
695 747 205 109 inquit,
844 747 260 109 iudicandus
1048 747 130 109 est
1123 747 186 109 dicere
1253 747 130 109 qui
1328 747 167 109 dicit
1439 747 186 109 aliqua
1569 747 167 109 iusta
1681 747 149 109 esse
1774 747 242 109 mendacia,
1960 747 149 109 nisi
2034 747 112 109 ali-

494 826 134 88 qua
571 826 173 88 iusta
686 826 154 88 esse
782 826 231 88 peccata,
955 826 115 88 ac
1013 826 134 88 per
1089 826 134 88 hoc
1166 826 192 88 aliqua
1301 826 173 88 iusta
1416 826 154 88 esse
1512 826 154 88 quae
1608 826 211 88 iniusta
1762 826 173 88 sunt.
1877 826 134 88 Quo
1954 826 154 88 quid
2050 826 134 88 ab¬

502 859 215 117 surdius
659 859 156 117 dici
756 859 215 117 potest?
913 859 156 117 Vnde
1010 859 156 117 enim
1108 859 137 117 est
1186 859 254 117 peccatum,
1381 859 156 117 nisi
1479 859 156 117 quia
1577 859 254 117 iustitiae
1772 859 273 117 contrarium
1987 859 156 117 est?
2065 859 78 117 Ea

503 937 162 84 uero
604 937 162 84 quae
705 937 203 84 contra
847 937 182 84 legem
969 937 142 84 dei
1050 937 203 84 fiunt,
1192 937 182 84 iusta
1314 937 162 84 esse
1415 937 142 84 non
1496 937 243 84 possunt.
1679 937 203 84 Dictum
1821 937 142 84 est
1902 937 182 84 autem
2023 937 162 84 deo,

498 984 137 102 Lex
577 984 137 102 tua
655 984 235 102 ueritas:
831 984 117 102 ac
890 984 137 102 per
968 984 137 102 hoc
1046 984 157 102 quod
1144 984 137 102 est
1222 984 196 102 contra
1359 984 254 102 ueritatem
1555 984 196 102 iustum
1692 984 157 102 esse
1790 984 137 102 non
1868 984 215 102 potest.
2025 984 157 102 Quis

496 1042 202 97 autem
630 1042 247 97 dubitet
810 1042 180 97 omne
922 1042 292 97 mendacium
1147 1042 180 97 esse
1259 1042 225 97 contra
1417 1042 315 97 ueritatem?
1664 1042 225 97 Nullum
1821 1042 180 97 ergo
1933 1042 225 97 iustum
2068 1042 90 97 po

511 1085 161 115 test
611 1085 161 115 esse
712 1085 282 115 mendacium.
933 1085 121 115 Et
994 1085 161 115 quae
1094 1085 282 115 sequuntur,
1316 1085 201 115 Rursum
1457 1085 181 115 uisum
1577 1085 141 115 est
1658 1085 181 115 alijs
1779 1085 181 115 uiris
1899 1085 262 115 eruditiss
2081 1085 80 115 Au

504 1142 186 117 gust,
628 1142 248 117 mendacio
814 1142 310 117 obstinatius
1062 1142 206 117 fuisse
1206 1142 268 117 infensum.
1413 1142 165 117 Ergo
1516 1142 145 117 non
1599 1142 206 117 desunt
1743 1142 145 117 qui
1826 1142 206 117 ueluti
1970 1142 186 117 media
2073 1142 83 117 in

502 1199 316 110 gredientes
751 1199 181 110 uia,
864 1199 203 110 istos
1000 1199 249 110 (quorum
1180 1199 294 110 adduximus
1406 1199 271 110 exempla)
1610 1199 158 110 non
1700 1199 181 110 omni
1813 1199 226 110 quidem
1949 1199 203 110 peccato

506 1265 239 94 liberent,
689 1265 129 94 sed
763 1265 147 94 leue
855 1265 202 94 interim
1002 1265 184 94 fuisse
1131 1265 276 94 existiment.
1351 1265 165 94 Certe
1461 1265 110 94 si
1517 1265 129 94 qui
1590 1265 129 94 hic
1664 1265 147 94 sibi
1756 1265 202 94 aliquid
1903 1265 294 94 permiserint,

506 1323 230 104 caueant
673 1323 188 104 tamen
799 1323 376 104 diligentissime
1112 1323 125 104 ne
1175 1323 293 104 affectibus
1405 1323 167 104 suis
1509 1323 209 104 nimium
1655 1323 334 104 permittentes
1906 1323 251 104 officiosum

502 1383 220 105 putent
656 1383 309 105 mendacium,
899 1383 176 105 quod
1009 1383 220 105 reuera
1163 1383 331 105 perniciosum
1428 1383 176 105 est.
1538 1383 242 105 Vltimum
1714 1383 176 105 enim
1824 1383 264 105 mendacij
2001 1383 154 105 genus

511 1427 134 107 est
587 1427 307 107 perniciosum,
837 1427 153 107 quod
932 1427 249 107 uidelicet
1124 1427 326 107 proficiscitur
1392 1427 115 107 ex
1450 1427 172 107 praua
1565 1427 268 107 uoluntate,
1776 1427 96 107 &
1814 1427 192 107 tendit
1948 1427 115 107 in
1987 1427 172 107 detri-

507 1481 212 108 mentum
655 1481 234 108 proximi
825 1481 170 108 tui,
932 1481 191 108 nihil
1059 1481 170 108 male
1165 1481 212 108 meriti
1314 1481 149 108 Hoc
1399 1481 127 108 in
1463 1481 297 108 scripturis
1697 1481 212 108 passim
1845 1481 276 108 damnatur:
2058 1481 106 108 &
2079 1481 85 108 ex

507 1547 228 99 crescit
673 1547 208 99 quidem
819 1547 166 99 eius
923 1547 187 99 culpa
1047 1547 187 99 iuxta
1172 1547 291 99 detrimenti
1400 1547 332 99 quantitatem.
1670 1547 145 99 Nam
1754 1547 395 99 perniciosissime
2065 1547 104 99 men

515 1593 215 106 tiuntur
672 1593 235 106 theologi
848 1593 118 106 ac
907 1593 235 106 doctores
1084 1593 353 106 ecclesiastici,
1377 1593 196 106 utpote
1515 1593 255 106 mendacijs
1710 1593 157 106 suis
1808 1593 157 106 siue
1906 1593 235 106 doctrina
2063 1593 98 106 cor

515 1659 198 97 rupta
647 1659 308 97 perimentes
889 1659 220 97 animas
1043 1659 264 97 hominum,
1241 1659 154 97 sed
1329 1659 110 97 &
1373 1659 242 97 corpora
1549 1659 110 97 &
1593 1659 308 97 facultates
1835 1659 308 97 seductorum
2055 1659 110 97 ex-

520 1702 244 114 ponentes
703 1702 325 114 maledictioni
967 1702 142 114 dei
1048 1702 102 114 &
1089 1702 183 114 mille
1211 1702 285 114 periculis.
1435 1702 142 114 Huc
1516 1702 244 114 pertinet
1699 1702 102 114 &
1740 1702 305 114 hypocrisis,
1984 1702 163 114 quam
2065 1702 102 114 mi-

523 1770 142 99 ris
604 1770 183 99 modis
726 1770 305 99 persequitur
969 1770 102 99 &
1010 1770 244 99 exagitat
1193 1770 223 99 dominus
1355 1770 183 99 Iesus
1477 1770 122 99 in
1538 1770 284 99 euangelio.
1761 1770 203 99 Exerit
1903 1770 183 99 autem
2025 1770 122 99 se
2066 1770 102 99 hy-

516 1826 248 104 pocrisis
702 1826 145 104 non
785 1826 206 104 tantum
929 1826 124 104 in
991 1826 206 104 uerbis
1136 1826 248 104 dolosis,
1322 1826 145 104 sed
1404 1826 186 104 etiam
1528 1826 103 104 &
1569 1826 227 104 amplius
1734 1826 124 104 in
1796 1826 351 104 conuersatione
2065 1826 103 104 ui-

523 1875 148 102 tae
607 1875 190 102 tota,
734 1875 126 102 ut
797 1875 148 102 cum
881 1875 274 102 simulamus
1092 1875 148 102 uel
1176 1875 337 102 dissimulamus
1450 1875 169 102 quae
1556 1875 148 102 non
1640 1875 190 102 sunt,
1767 1875 190 102 atque
1893 1875 148 102 ita
1956 1875 211 102 mentimur

508 1959 181 75 deo,
622 1959 113 75 &
667 1959 204 75 fucum
803 1959 249 75 facimus
984 1959 249 75 proximo
1143 1959 204 75 nostro.

588 1974 178 108 Porro
707 1974 336 108 proscribuntur
984 1974 138 108 hac
1063 1974 158 108 lege
1162 1974 297 108 delationes,
1399 1974 277 108 calumniae,
1616 1974 376 108 obtrectationes,
1933 1974 237 108 susurri,
2111 1974 99 108 &

529 2039 126 100 ex
592 2039 148 100 his
676 2039 211 100 enatae
824 2039 337 100 suspiciones.
1098 2039 274 100 Damnantur
1309 2039 211 100 itaque
1456 2039 295 100 petulantia
1688 2039 105 100 &
1730 2039 126 100 ad
1794 2039 337 100 maledicendum
2047 2039 126 100 appo

517 2098 163 100 sita
619 2098 306 100 instructaue
864 2098 245 100 ingenia.
1047 2098 245 100 Inuenias
1231 2098 163 100 enim
1333 2098 143 100 qui
1415 2098 143 100 non
1496 2098 306 100 reuereantur
1741 2098 265 100 detrahere
1945 2098 225 100 infimis
2088 2098 82 100 et

521 2152 271 103 supremis,
730 2152 250 103 priuatis
917 2152 104 103 &
959 2152 229 103 publico
1126 2152 209 103 munere
1272 2152 292 103 insignibus
1502 2152 271 103 personis:
1710 2152 125 103 in
1773 2152 167 103 quem
1877 2152 167 103 usum
1960 2152 209 103 spargunt

526 2215 210 97 famosos
679 2215 248 97 libellos,
870 2215 287 97 conscribunt
1099 2215 287 97 Pasquillos,
1328 2215 248 97 adduntque
1519 2215 229 97 picturas
1691 2215 325 97 infamatrices.
1959 2215 115 97 Ac
1997 2215 172 97 diserti

520 2258 203 109 quidem
662 2258 162 109 sibi
763 2258 162 109 esse
865 2258 244 109 uidentur
1048 2258 142 109 cum
1129 2258 203 109 amaris
1271 2258 264 109 laedorijs
1474 2258 183 109 omnes
1596 2258 223 109 taxant,
1759 2258 142 109 imo
1840 2258 244 109 effrenis
2002 2258 183 109 linguae

530 2332 290 103 petulantia,
762 2332 309 103 garriendique
1013 2332 290 103 temulentia,
1245 2332 232 103 libertas
1418 2332 213 103 quaedam
1573 2332 155 103 siue
1670 2332 251 103 parrhesia
1863 2332 290 103 appellatur.
2075 2332 97 103 At-

528 2390 137 89 qui
607 2390 216 89 peccant
764 2390 295 89 grauissime,
1000 2390 137 89 qui
1078 2390 118 89 ex
1137 2390 314 89 maledicentia
1392 2390 275 89 uoluptatem
1608 2390 236 89 capiunt,
1785 2390 137 89 hoc
1864 2390 137 89 est
1942 2390 137 89 qui
2001 2390 177 89 circun-

529 2429 205 120 serunt
673 2429 123 120 os
735 2429 205 120 plenum
879 2429 308 120 amaritudine
1125 2429 329 120 maledictione
1392 2429 103 120 &
1433 2429 185 120 dolo:
1557 2429 185 120 sicut
1680 2429 103 120 &
1721 2429 164 120 illi
1824 2429 103 120 a
1865 2429 226 120 peccato
2009 2429 164 120 alieni

523 2485 147 103 non
607 2485 189 103 sunt,
733 2485 210 103 quibus
880 2485 210 103 uolupe
1027 2485 147 103 est
1111 2485 273 103 uenenatam
1321 2485 210 103 audire
1467 2485 378 103 maledicentiam.
1782 2485 189 103 Extra
1908 2485 273 103 calumnias
2097 2485 84 103 ue

518 2552 123 107 ro
580 2552 103 107 &
621 2552 185 107 extra
744 2552 246 107 peccatum
929 2552 226 107 ponimus
1094 2552 329 107 accusationes
1361 2552 226 107 iustas,
1525 2552 164 107 siue
1627 2552 226 107 scripto
1792 2552 164 107 siue
1894 2552 246 107 oratione
2059 2552 123 107 uiua

527 2595 245 118 prolatas
711 2595 123 118 in
772 2595 225 118 medium,
935 2595 164 118 item
1038 2595 347 118 obiurgationes
1324 2595 102 118 &
1365 2595 347 118 castigationes
1651 2595 164 118 quae
1753 2595 184 118 fiunt
1875 2595 204 118 sacris
2019 2595 123 118 in
2059 2595 123 118 con-

529 2656 261 100 tionibus.
730 2656 141 100 Nam
810 2656 141 100 qui
891 2656 181 100 uitia
1011 2656 100 100 &
1051 2656 221 100 errores
1212 2656 141 100 sic
1293 2656 261 100 castigant
1494 2656 121 100 ac
1554 2656 342 100 persequuntur,
1835 2656 141 100 non
1916 2656 181 100 alium
2036 2656 181 100 finem

533 2720 219 101 habent
686 2720 328 101 propositum,
948 2720 175 101 quam
1058 2720 240 101 gloriam
1232 2720 153 101 dei
1320 2720 109 101 &
1364 2720 262 101 animarum
1560 2720 262 101 salutem,
1757 2720 175 101 quae
1866 2720 240 101 omnibus
2019 2720 153 101 modis

526 2764 233 100 cupiunt
695 2764 254 100 promota,
886 2764 148 100 non
971 2764 191 100 autem
1098 2764 275 100 releuatam
1310 2764 191 100 bilem
1437 2764 106 100 &
1479 2764 191 100 satis
1606 2764 212 100 factum
1754 2764 212 100 prauis
1903 2764 318 100 affectibus,

524 2827 249 92 Caeterum
711 2827 228 92 maximum
877 2827 166 92 esse
980 2827 207 92 scelus
1125 2827 290 92 calumniari
1353 2827 104 92 &
1395 2827 269 92 detrahere
1602 2827 269 92 proximis,
1809 2827 207 92 multis
1954 2827 228 92 colligi
2099 2827 83 92 po

533 2881 153 99 test
629 2881 287 99 argumentis.
858 2881 134 99 Vix
935 2881 153 99 enim
1031 2881 172 99 aliud
1145 2881 134 99 est
1222 2881 211 99 uitium,
1375 2881 153 99 quod
1471 2881 134 99 ita
1547 2881 134 99 nos
1624 2881 230 99 deformet
1796 2881 172 99 atque
1911 2881 306 99 obtrectatio.

526 2937 197 99 Coditi
664 2937 158 99 sane
763 2937 178 99 sumus
881 2937 118 99 ad
941 2937 237 99 imaginem
1118 2937 99 99 &
1158 2937 335 99 similitudinem
1434 2937 158 99 dei,
1533 2937 118 99 ut
1592 2937 178 99 simus
1710 2937 178 99 filij
1829 2937 158 99 dei:
1927 2937 118 99 at
1987 2937 118 99 ex
2026 2937 158 99 filijs
