2288 3632
439 333 140 83 res
519 333 140 83 uel
599 333 260 83 personas.
799 333 260 83 Huiusmodi
999 333 160 83 uero
1099 333 260 83 iustitiam
1300 333 240 83 requirit
1480 333 100 83 a
1520 333 160 83 suis
1620 333 280 83 cultoribus
1840 333 180 83 deus,
1960 333 160 83 quae
2040 333 80 83 ex

440 386 176 83 ipso
550 386 198 83 animo
682 386 110 83 &
726 386 264 83 propensa
924 386 286 83 uoluntate
1144 386 242 83 nostra,
1321 386 154 83 non
1409 386 220 83 tantum
1563 386 198 83 opere
1695 386 264 83 externo,
1893 386 242 83 integra
2047 386 66 83 &

448 443 252 84 absoluta
637 443 168 84 sit.
742 443 168 84 Vnde
846 443 126 84 in
909 443 273 84 euangelio
1119 443 189 84 dicit
1245 443 252 84 dominus,
1433 443 168 84 Nisi
1538 443 314 84 abundauerit
1790 443 210 84 uestra
1915 443 210 84 iustitia

441 495 175 92 plus
551 495 175 92 quam
660 495 284 92 scribarum
879 495 109 92 &
923 495 372 92 pharisaeorum,
1229 495 153 92 non
1316 495 328 92 introibitis
1579 495 131 92 in
1645 495 219 92 regnum
1798 495 175 92 dei.
1907 495 263 92 Caeterum

449 562 232 77 quomodo
617 562 316 77 compleantur
870 562 232 77 mandata
1038 562 168 77 dei,
1144 562 105 77 &
1186 562 168 77 quod
1291 562 189 77 fides
1417 562 147 77 sit
1502 562 253 77 absoluta
1691 562 274 77 iustitia,
1880 562 232 77 explicabo

446 608 240 77 sermone
621 608 197 77 alio,
752 608 109 77 &
796 608 175 77 dixi
905 608 240 77 quaedam
1080 608 131 77 in
1146 608 240 77 sermone
1321 608 175 77 quem
1430 608 197 77 habui
1561 608 131 77 de
1627 608 175 77 Vera
1714 608 153 77 fide-

540 677 264 66 Hucusque
738 677 154 66 per
826 677 264 66 Sermones
1025 677 264 66 duodecim
1223 677 264 66 enarraui
1421 677 198 66 decem
1553 677 220 66 capita
1707 677 198 66 legis
1840 677 264 66 moralis,
2016 677 110 66 qua

453 722 238 80 diximus
626 722 195 80 tradi
756 722 195 80 nobis
886 722 259 80 uirtutum
1080 722 238 80 formas,
1253 722 238 80 adeoque
1426 722 195 80 mores
1556 722 238 80 nostros
1729 722 281 80 informari
1923 722 195 80 quomodo

449 778 160 78 hos
540 778 319 78 componamus
791 778 137 78 ad
860 778 319 78 uoluntatem
1111 778 183 78 dei.
1225 778 297 78 Distinxit
1453 778 183 78 ipse
1567 778 228 78 omnium
1727 778 251 78 dominus
1910 778 183 78 deus
2001 778 114 78 hoc

462 845 266 74 negotium
661 845 133 74 in
727 845 177 74 duas
838 845 266 74 tabulas.
1037 845 199 74 Prima
1170 845 266 74 ostendit
1369 845 177 74 quid
1480 845 243 74 homines
1657 845 155 74 deo
1746 845 288 74 debeamus,
1967 845 111 74 &
1989 845 133 74 quo-

458 891 173 78 modo
567 891 173 78 uere
675 891 238 78 colamus
848 891 195 78 deum,
978 891 238 78 Secunda
1151 891 195 78 autem
1280 891 151 78 per
1367 891 151 78 sex
1453 891 281 78 praecepta
1670 891 281 78 exposuit,
1886 891 173 78 quid
1973 891 151 78 quis-

460 948 164 82 que
553 948 258 82 proximo
741 948 164 82 suo
835 948 258 82 debeat,
1023 948 117 82 &
1069 948 258 82 quomodo
1257 948 211 82 omnes
1398 948 258 82 commode
1585 948 328 82 tranquille
1844 948 117 82 &
1867 948 258 82 humaniter

459 1004 267 74 uiuamus.
659 1004 201 74 Iubet
793 1004 178 74 ergo
904 1004 267 74 honorare
1105 1004 290 74 parentes,
1328 1004 111 74 &
1372 1004 201 74 omnes
1506 1004 156 74 eos
1595 1004 156 74 qui
1684 1004 178 74 sunt
1796 1004 111 74 a
1840 1004 156 74 deo
1907 1004 223 74 parentum

456 1071 169 62 loco
562 1071 318 62 constituti.
816 1071 254 62 Prohibet
1006 1071 318 62 homicidium,
1260 1071 106 62 &
1303 1071 191 62 omnem
1430 1071 254 62 iniuriam
1620 1071 169 62 quae
1726 1071 254 62 infertur
1916 1071 191 62 uitae
2022 1071 106 62 ho-

458 1112 186 85 minis
582 1112 310 85 corporique.
830 1112 248 85 Prohibet
1016 1112 227 85 stupra,
1181 1112 268 85 adulteria
1387 1112 103 85 &
1428 1112 268 85 libidines
1635 1112 289 85 nepharias,
1862 1112 248 85 comendat
2027 1112 103 85 con

462 1169 216 75 iugium
614 1169 108 75 &
657 1169 281 75 mundiciam
873 1169 195 75 uitae
1003 1169 432 75 temperantiamque.
1370 1169 259 75 Prohibet
1565 1169 216 75 furta,
1716 1169 216 75 dolos,
1846 1169 281 75 imposturas.

463 1225 254 83 Prohibet
653 1225 275 83 mendacia,
865 1225 190 83 salsa
991 1225 317 83 testimonia,
1245 1225 317 83 cupiditates
1499 1225 211 83 prauas
1647 1225 106 83 &
1689 1225 233 83 noxias.
1858 1225 190 83 lubet
1985 1225 148 83 nos
2048 1225 85 83 ex

453 1296 202 66 animo
587 1296 202 66 amare
722 1296 292 66 proximos,
946 1296 112 66 &
991 1296 157 66 his
1081 1296 314 66 benefacere
1328 1296 247 66 semper.
1508 1296 224 66 Domino
1665 1296 112 66 &
1710 1296 337 66 legislatori
1956 1296 180 66 nostro

460 1361 360 68 sapientissimo
757 1361 148 68 sit
841 1361 170 68 laus
947 1361 106 68 &
990 1361 382 68 gratiarumactio
1308 1361 127 68 in
1350 1361 297 68 sempiternum.

639 1460 93 72 De
686 1460 171 72 legibus
810 1460 109 72 dei
873 1460 311 72 Caeremonialibus,
1137 1460 202 72 praecipue
1292 1460 140 72 autem
1386 1460 93 72 de
1432 1460 233 72 sacerdotio,
1619 1460 124 72 loco
1697 1460 78 72 &
1728 1460 171 72 tempore
1837 1460 124 72 sacro.

1061 1511 449 87 SERMO
1311 1511 200 87 V.

659 1616 113 75 N
705 1616 317 75 partitione
954 1616 204 75 legum
1090 1616 295 75 diuinarum
1316 1616 249 75 proxime
1498 1616 181 75 post
1611 1616 204 75 legem
1747 1616 249 75 moralem
1905 1616 227 75 posuimus

675 1686 190 73 legem
802 1686 381 73 caeremonialem:
1119 1686 169 73 unde
1225 1686 212 73 morali
1373 1686 169 73 lege
1479 1686 148 73 per
1564 1686 212 73 partes
1712 1686 296 73 explicata,
1923 1686 212 73 dicendum

673 1735 166 71 erit
777 1735 207 71 porro,
922 1735 145 71 deo
1005 1735 249 71 iuuante,
1191 1735 124 71 de
1253 1735 166 71 lege
1357 1735 373 71 caeremoniarum.
1668 1735 124 71 Ac
1730 1735 124 71 ne
1792 1735 166 71 quid
1875 1735 249 71 dissimulem

673 1798 247 63 scribunt
859 1798 165 63 alij
962 1798 330 63 Caeremoniae,
1230 1798 165 63 alij
1333 1798 309 63 Cerimoniae:
1580 1798 103 63 &
1622 1798 124 63 de
1683 1798 247 63 uocabulo
1869 1798 144 63 non
1951 1798 165 63 idem
2034 1798 103 63 sen

474 1852 185 66 tiunt
598 1852 206 66 omnes.
742 1852 144 66 Est
824 1852 165 66 enim
927 1852 144 66 qui
1009 1852 123 66 ex
1071 1852 206 66 Seruij
1215 1852 247 66 Sulpitij
1400 1852 267 66 sententia
1606 1852 309 66 caeremonias
1853 1852 103 66 a
1894 1852 226 66 carendo
2038 1852 103 66 di-

467 1901 163 74 ctas
569 1901 163 74 esse
671 1901 306 74 arbitretur.
915 1901 204 74 Festus
1058 1901 204 74 autem,
1201 1901 347 74 Caeremoniarum
1486 1901 245 74 caussam,
1670 1901 224 74 inquit,
1833 1901 163 74 alij
1935 1901 122 74 ab
1976 1901 163 74 oppido

470 1957 196 72 Caere
601 1957 217 72 dictam
753 1957 326 72 existimant.
1014 1957 152 72 Nam
1101 1957 217 72 Liuius
1253 1957 130 72 in
1318 1957 130 72 5.
1383 1957 304 72 commemorat
1622 1957 109 72 a
1666 1957 283 72 Ceretibus
1883 1957 196 72 sacra
1992 1957 152 72 Roma-

473 2011 192 71 norum
601 2011 128 71 in
665 2011 192 71 bello
793 2011 256 71 Gallico,
985 2011 213 71 Gallis
1134 2011 213 71 inquam
1283 2011 341 71 occupantibus
1561 2011 213 71 Romam,
1710 2011 171 71 esse
1817 2011 299 71 asseruata.
2030 2011 107 71 Vn-

471 2078 126 57 de
534 2078 232 57 uidetur
703 2078 126 57 in
766 2078 168 57 eius
871 2078 274 57 beneficij
1081 2078 274 57 memoriam,
1292 2078 189 57 omnem
1418 2078 211 57 cultum
1566 2078 168 57 dei,
1671 2078 105 57 &
1713 2078 189 57 omnes
1839 2078 189 57 ritus
1945 2078 189 57 sacros,

481 2128 313 71 caeremonias
732 2128 167 71 esse
836 2128 313 71 appellatos.
1087 2128 292 71 Vndecunque
1317 2128 167 71 uero
1421 2128 272 71 deriuatum
1630 2128 146 71 sit
1713 2128 292 71 uocabulum,
1943 2128 146 71 nos
2006 2128 146 71 illud

481 2185 120 69 in
541 2185 260 69 praesenti
741 2185 260 69 usurpamus
941 2185 140 69 pro
1021 2185 220 69 actione
1181 2185 180 69 sacra
1302 2185 300 69 sacrorumque
1542 2185 160 69 ritu
1622 2185 320 69 ecclesiastico.

555 2217 168 94 Sunt
660 2217 189 94 autem
786 2217 315 94 Caeremoniae
1037 2217 189 94 ritus
1163 2217 189 94 sacri
1289 2217 189 94 circa
1415 2217 252 94 personas
1604 2217 231 94 sacras,
1771 2217 189 94 locum
1897 2217 168 94 item
2002 2217 105 94 &
2023 2217 126 94 tem-

489 2294 145 80 pus
572 2294 269 80 cultumque
779 2294 207 80 sacrum
923 2294 289 80 uersantes,
1150 2294 145 80 qui
1233 2294 227 80 quomodo
1398 2294 248 80 legitime
1584 2294 207 80 fiant,
1729 2294 186 80 leges
1853 2294 165 80 quae
1935 2294 207 80 uocantur

479 2360 340 59 caeremoniales
759 2360 200 59 exacte
899 2360 220 59 tradunt
1059 2360 180 59 atque
1179 2360 300 59 describunt.
1419 2360 300 59 Caeremoniae
1659 2360 160 59 ergo
1759 2360 240 59 actiones
1939 2360 140 59 uel
1999 2360 140 59 ritus

485 2408 177 72 sunt,
603 2408 157 72 quos
702 2408 216 72 formant
859 2408 177 72 leges
977 2408 157 72 siue
1075 2408 393 72 praescriptiones,
1409 2408 275 72 appellatae
1626 2408 177 72 leges
1744 2408 354 72 caeremoniales.
2019 2408 118 72 Por-

472 2457 123 77 ro
533 2457 266 77 instituit
737 2457 307 77 caeremonias
983 2457 143 77 uel
1064 2457 164 77 Deus
1167 2457 143 77 uel
1248 2457 184 77 Homo.
1371 2457 123 77 Et
1432 2457 164 77 deus
1535 2457 204 77 quidem
1678 2457 266 77 instituit
1882 2457 184 77 alias
2005 2457 123 77 in
2046 2457 102 77 te-

483 2524 259 66 stamento
677 2524 151 66 uel
764 2524 216 66 populo
915 2524 237 66 ueteri,
1087 2524 194 66 alias
1216 2524 151 66 sub
1302 2524 237 66 Christi
1475 2524 216 66 primum
1626 2524 259 66 aduentum
1820 2524 129 66 in
1884 2524 216 66 populo
2014 2524 129 66 noui

484 2573 314 70 testamenti.
735 2573 126 70 De
798 2573 168 70 noui
903 2573 293 70 testamenti
1133 2573 314 70 Caeremonijs
1385 2573 230 70 dicetur
1552 2573 147 70 ubi
1636 2573 209 70 uentum
1783 2573 209 70 fuerit
1930 2573 126 70 ad
1971 2573 168 70 Eccle-

480 2633 167 65 siae
584 2633 104 65 &
626 2633 354 65 Sacramentorum
918 2633 271 65 ecclesiae
1126 2633 354 65 tractationem.
1418 2633 125 65 In
1480 2633 271 65 praesenti
1689 2633 292 65 disseremus
1918 2633 125 65 de
1959 2633 188 65 Veteris

488 2689 197 77 populi
626 2689 138 77 uel
705 2689 275 77 testamenti
921 2689 315 77 Caeremonijs.
1177 2689 138 77 Eae
1255 2689 157 77 sunt
1353 2689 256 77 instituta
1550 2689 138 77 uel
1629 2689 236 77 actiones
1806 2689 138 77 seu
1884 2689 177 77 ritus
1983 2689 157 77 sacro-

485 2753 156 66 rum,
582 2753 195 66 populo
719 2753 254 66 lsraelis,
914 2753 117 66 ab
972 2753 156 66 ipso
1070 2753 137 66 deo
1148 2753 234 66 traditi,
1323 2753 117 66 ad
1382 2753 195 66 tempus
1518 2753 195 66 quidem
1655 2753 332 66 correctionis,
1928 2753 137 66 sed
2006 2753 117 66 ad
2045 2753 98 66 re-

490 2801 328 76 praesentanda
757 2801 287 76 uelandaque
983 2801 144 76 dei
1065 2801 267 76 mysteria,
1270 2801 226 76 denique
1435 2801 123 76 ad
1496 2801 205 76 cultum
1640 2801 144 76 deo
1722 2801 328 76 praestandum,
1989 2801 103 76 &
2030 2801 123 76 ut
2071 2801 82 76 hi

485 2852 238 85 populus
659 2852 152 85 dei
745 2852 325 85 retineretur
1005 2852 130 85 in
1070 2852 281 85 religione
1286 2852 260 85 legitima
1481 2852 108 85 &
1524 2852 281 85 societate
1741 2852 195 85 unius
1871 2852 260 85 corporis
2044 2852 108 85 ec

457 2914 245 73 (clesiastici-

550 2960 192 80 Porro
678 2960 234 80 homines
848 2960 341 80 instituerunt
1125 2960 320 80 Caeremonias
1381 2960 213 80 uarias
1530 2960 107 80 &
1573 2960 341 80 multiplices:
1850 2960 170 80 quod
1935 2960 213 80 fecerunt
