2288 3632
99 311 196 78 gitio,
237 311 216 78 ineestu
394 311 255 78 uidelicet
591 311 236 78 admisso,
767 311 138 78 ius
846 311 157 78 suum
944 311 216 78 amisit.
1101 311 255 78 Successit
1298 311 157 78 ergo
1396 311 157 78 Leui
1494 311 98 78 :
1534 311 138 78 sed
1612 311 98 78 &
1651 311 118 78 is
1691 311 98 78 di-

116 368 238 75 gnitatem
295 368 139 75 eam
374 368 219 75 scelere
533 368 258 75 perdidit,
732 368 159 75 quod
831 368 278 75 Sichimitis
1050 368 219 75 perfide
1209 368 199 75 cladem
1348 368 298 75 intulisset,
1586 368 179 75 atque
1686 368 99 75 pro

117 431 284 68 phanasset
335 431 327 68 sacramentum
597 431 415 68 circuncisionis.
947 431 240 68 Quoniam
1121 431 175 68 uero
1230 431 196 68 eadem
1361 431 218 68 tribus
1514 431 284 68 praeclare
1711 431 87 68 se

112 483 226 71 gessit,
277 483 144 71 non
359 483 165 71 modo
462 483 123 71 in
524 483 267 71 educendis
729 483 206 71 filijs
873 483 206 71 lzrael
1017 483 123 71 ex
1079 483 247 71 Aegypto,
1264 483 144 71 sed
1347 483 123 71 in
1408 483 267 71 puniendis
1593 483 206 71 idolola/

107 526 184 68 tris,
229 526 205 68 uituli
373 526 205 68 inquam
516 526 307 68 cultoribus,
762 526 287 68 sacerdotij
988 526 287 68 functionem
1213 526 143 68 seu
1295 526 287 68 dignitatem
1521 526 143 68 ceu
1582 526 205 68 uirtutis

124 583 244 81 praemium
307 583 244 81 recepit,
490 583 183 81 inque
613 583 183 81 locum
735 583 367 81 primogenitorum
1040 583 244 81 uniuersi
1224 583 224 81 seminis
1387 583 204 81 lzrael
1529 583 224 81 Leuitae
1672 583 122 81 sunt

112 650 256 61 reposit.
304 650 150 61 Sic
389 650 171 61 enim
496 650 256 61 legimus,
689 650 128 61 Et
753 650 150 61 ait
838 650 192 61 Moses
967 650 128 61 ad
1031 650 256 61 Leuitas.
1223 650 299 61 Consecrate
1458 650 192 61 hodie
1586 650 192 61 manus
1693 650 107 61 ue-

117 691 164 76 stras
226 691 183 76 dmino,
354 691 201 76 quisque
500 691 110 76 in
555 691 164 76 filio
665 691 128 76 suo
738 691 91 76 &
774 691 110 76 in
829 691 183 76 fratre
957 691 146 76 suo,
1048 691 110 76 ut
1103 691 164 76 detur
1213 691 164 76 uobis
1322 691 164 76 hodie
1432 691 274 76 benedictio.
1651 691 110 76 Et
1688 691 91 76 ite

117 755 153 63 rum,
212 755 115 63 Et
270 755 229 63 loquutus
442 755 134 63 est
518 755 229 63 domijnus
690 755 115 63 ad
748 755 172 63 Mosen
862 755 210 63 dicens.
1015 755 153 63 Ecce
1111 755 134 63 ego
1187 755 191 63 selegi
1321 755 210 63 Leuitas
1474 755 96 63 e
1512 755 172 63 medio
1608 755 191 63 filiorum

118 803 205 77 lsrael
262 803 144 77 pro
344 803 164 77 omni
447 803 308 77 primogenito
694 803 164 77 quod
796 803 205 77 primum
940 803 246 77 nascitur
1125 803 123 77 in
1186 803 205 77 filijs
1330 803 205 77 lsrael
1474 803 103 77 :
1515 803 103 77 &
1556 803 226 77 Leuitae
1700 803 82 77 e-

103 863 184 77 runt
218 863 184 77 mei.
333 863 184 77 Meum
448 863 161 77 est
540 863 184 77 enim
655 863 184 77 omne
770 863 368 77 primogenitum
1069 863 115 77 a
1115 863 161 77 die
1207 863 161 77 quo
1299 863 276 77 percussi
1506 863 184 77 omne
1598 863 184 77 primo-

114 930 233 66 genitum
283 930 127 66 in
347 930 191 66 terra
474 930 254 66 Aegypti,
665 930 297 66 consecraui
898 930 170 66 mihi
1004 930 170 66 omne
1110 930 339 66 primogenitum
1385 930 127 66 in
1449 930 254 66 lsraele,
1640 930 148 66 &c.
1703 930 85 66 Ex

124 974 134 69 his
200 974 210 69 constat
353 974 249 69 Leuiticam
545 974 191 69 tribum
679 974 287 69 consecratam
908 974 191 69 fuisse
1042 974 268 69 sacerdotio
1252 974 115 69 in
1310 974 230 69 ecclesia
1482 974 249 69 lsraelis.
1654 974 134 69 Porro

116 1032 165 69 haec
219 1032 247 69 dignitas
405 1032 144 69 seu
487 1032 144 69 hoc
570 1032 309 69 ministerium
817 1032 165 69 huic
920 1032 206 69 tribui
1065 1032 330 69 singulariter
1333 1032 309 69 confirmatum
1580 1032 144 69 est
1662 1032 144 69 mox
1724 1032 62 69 a

117 1085 282 74 seditione
334 1085 304 74 Choritica,
573 1085 304 74 Dathanica,
811 1085 369 74 Abyramicaque,
1115 1085 217 74 signum
1267 1085 239 74 aedente
1440 1085 217 74 domino
1592 1085 130 74 in
1635 1085 152 74 uirga

116 1158 244 65 Aaronis,
299 1158 163 65 quae
400 1158 203 65 foruit
543 1158 183 65 inter
665 1158 224 65 undecim
827 1158 244 65 surculos
1010 1158 183 65 sola,
1132 1158 122 65 in
1193 1158 305 65 testimonium
1437 1158 163 65 quod
1539 1158 163 65 deus
1620 1158 163 65 sacer-

122 1195 181 77 dotio
243 1195 262 77 Leuiticam
444 1195 202 77 tribum
585 1195 101 77 &
626 1195 181 77 solam
747 1195 202 77 quidem
888 1195 181 77 illam
1009 1195 323 77 destinasset.
1271 1195 161 77 Ideo
1372 1195 161 77 uero
1472 1195 181 77 eadem
1593 1195 161 77 illa
1674 1195 121 77 uir-

115 1263 122 71 ga
176 1263 102 71 &
217 1263 122 71 in
278 1263 184 71 arcam
400 1263 245 71 reposita
584 1263 143 71 seu
666 1263 265 71 asseruata
870 1263 143 71 est
951 1263 122 71 in
1013 1263 327 71 tabernaculo,
1278 1263 122 71 ne
1339 1263 163 71 post
1441 1263 143 71 hac
1523 1263 204 71 unquam
1645 1263 143 71 aliae

120 1326 206 56 tribus
265 1326 309 56 sacerdotium
512 1326 329 56 affectarent.
779 1326 165 56 Haec
882 1326 206 56 fusius
1026 1326 288 56 exponuntur
1253 1326 206 56 Numeri
1397 1326 144 56 16.
1479 1326 103 56 &
1520 1326 144 56 17.
1602 1326 165 56 cap.

215 1369 163 68 Erat
317 1369 184 68 autem
439 1369 184 68 inter
562 1369 225 68 Leuitas
725 1369 163 68 ordo
827 1369 225 68 certus,
991 1369 184 68 erant
1113 1369 225 68 gradus,
1276 1369 163 68 erat
1379 1369 306 68 distributio
1603 1369 184 68 quaedam

116 1415 125 83 in
179 1415 209 83 partes
325 1415 230 83 certas.
492 1415 334 83 Diducebantur
763 1415 167 83 enim
868 1415 230 83 Leuitae
1035 1415 125 83 in
1097 1415 167 83 tres
1202 1415 271 83 familias,
1410 1415 188 83 nempe
1536 1415 292 83 Cahatitas,

118 1476 294 67 Gersonitas
349 1476 105 67 &
391 1476 294 67 Meraritas:
623 1476 126 67 ac
686 1476 147 67 hae
770 1476 210 67 rursus
917 1476 399 67 distribuebantur
1253 1476 126 67 in
1316 1476 231 67 ordines
1485 1476 252 67 quatuor.
1653 1476 147 67 Prin-

124 1540 185 63 cipio
248 1540 165 63 enim
351 1540 329 63 deligebantur
619 1540 124 63 ex
680 1540 226 63 familia
845 1540 185 63 Cahat
969 1540 288 63 principes,
1195 1540 144 63 qui
1277 1540 350 63 praesidebant:
1566 1540 206 63 deinde
1689 1540 103 63 qui

124 1589 228 65 reliqui
290 1589 187 65 erant
415 1589 187 65 inter
540 1589 291 65 Cahatitas,
768 1589 104 65 &
810 1589 145 65 duo
893 1589 166 65 alij
997 1589 228 65 ordines
1163 1589 291 65 Gersonitae
1391 1589 104 65 &
1433 1589 291 65 Meraritae,
1641 1589 145 65 uelut

123 1654 247 64 subditi
302 1654 337 64 praesidibus
572 1654 292 64 parebant.
797 1654 247 64 Omnibus
977 1654 180 64 enim
1089 1654 360 64 praefulgebat
1381 1654 202 64 Aaron
1516 1654 225 64 summus
1651 1654 135 64 pon-

126 1714 186 62 tifex
250 1714 145 62 cum
333 1714 228 62 lthamar
499 1714 103 62 &
540 1714 228 62 Eleazar
706 1714 228 62 filijs.
871 1714 145 62 Ita
954 1714 166 62 enim
1058 1714 228 62 legimus
1223 1714 207 62 Numeri
1368 1714 124 62 3.
1430 1714 124 62 Et
1492 1714 186 62 dabis
1596 1714 186 62 Leuitas

120 1753 196 82 Aaroni
258 1753 98 82 &
297 1753 196 82 filijs
434 1753 176 82 eius.
552 1753 255 82 Dedititij
747 1753 157 82 enim
845 1753 157 82 sunt
943 1753 118 82 ex
1002 1753 196 82 filijs
1139 1753 216 82 lzrael.
1296 1753 216 82 Aaronem
1453 1753 157 82 uero
1551 1753 98 82 &
1590 1753 196 82 filios
1708 1753 78 82 e-

123 1806 136 77 ius
200 1806 290 77 praeficias,
432 1806 116 77 ut
491 1806 271 77 custodiant
704 1806 290 77 sacerdotium
936 1806 174 77 suum.
1052 1806 213 77 Alienus
1207 1806 116 77 si
1265 1806 290 77 accesserit,
1478 1806 310 77 interficiatur.

117 1876 132 65 Ea
183 1876 132 65 re
249 1876 330 65 praeferebat
513 1876 220 65 summus
667 1876 264 65 sacerdos
865 1876 198 65 Aaron
998 1876 198 65 typum
1130 1876 242 65 Christi
1306 1876 176 65 regi
1416 1876 110 65 &
1460 1876 286 65 pontifici
1658 1876 132 65 uero

123 1919 224 84 optimo
279 1919 246 84 maximo,
458 1919 156 84 cui
547 1919 268 84 subiecti
748 1919 179 84 sunt
860 1919 313 84 Christiani
1106 1919 224 84 omnes,
1263 1919 224 84 quorum
1419 1919 179 84 ipse
1531 1919 224 84 summus
1665 1919 134 84 pon-

132 1982 168 83 tifex
244 1982 93 83 &
282 1982 168 83 caput
393 1982 112 83 in
449 1982 186 83 coelis
561 1982 112 83 est.

186 2047 265 64 Sciendum
385 2047 199 64 autem
517 2047 155 64 est
606 2047 155 64 non
694 2047 199 64 omnes
827 2047 243 64 Leuitas
1004 2047 309 64 inseruisse
1247 2047 354 64 tabernaculo,
1534 2047 199 64 neque
1644 2047 155 64 omnes

125 2094 207 70 ubique
270 2094 145 70 per
353 2094 269 70 uniuersam
559 2094 248 70 lsraelis
745 2094 207 70 terram
890 2094 269 70 docuisse.
1096 2094 207 70 Certae
1241 2094 186 70 erant
1365 2094 186 70 leges
1489 2094 207 70 quinam
1613 2094 186 70 uocandi

121 2146 126 72 ad
184 2146 315 72 ministerium
436 2146 210 72 sacrum
583 2146 126 72 ex
646 2146 252 72 Leuitis,
835 2146 147 72 qui
919 2146 315 72 repellendi.
1170 2146 189 72 Leges
1296 2146 147 72 non
1380 2146 189 72 uacat
1506 2146 147 72 hic
1569 2146 231 72 recensere

131 2203 206 68 omnes.
276 2203 288 68 Praecipuae
502 2203 206 68 extant
646 2203 206 68 Leuit.
790 2203 144 68 21.
873 2203 103 68 &
914 2203 144 68 22.
996 2203 165 68 cap.
1099 2203 206 68 Numeri
1243 2203 124 68 8.
1305 2203 165 68 cap.
1408 2203 288 68 designatur
1634 2203 103 68 &
1655 2203 144 68 aetas

125 2258 207 69 idonea
270 2258 310 69 ministerio,
518 2258 186 69 nempe
642 2258 103 69 a
684 2258 145 69 25.
766 2258 165 69 anno
870 2258 124 69 ad
932 2258 145 69 50.
1014 2258 186 69 usque
1138 2258 207 69 annum.
1283 2258 269 69 Praeterea
1469 2258 331 69 consecrabantur

122 2324 212 63 uocati
270 2324 106 63 &
313 2324 234 63 delecti
483 2324 127 63 ad
546 2324 318 63 ministerium
801 2324 318 63 sacerdotes,
1056 2324 191 63 Ritus
1183 2324 318 63 consecrandi
1438 2324 276 63 copiosior
1629 2324 170 63 opero-

122 2373 224 66 siorque
284 2373 163 66 est,
386 2373 163 66 quam
487 2373 142 66 per
569 2373 284 66 compendium
792 2373 224 66 referre
955 2373 224 66 liceat.
1117 2373 366 66 Significabatur
1422 2373 366 66 consecratione,
1707 2373 81 66 do

125 2427 140 71 nis
205 2427 200 71 uarijs
345 2427 300 71 instructos,
585 2427 100 71 &
625 2427 340 71 conuersatione
905 2427 300 71 sanctissima
1146 2427 260 71 praeditos
1346 2427 160 71 esse
1446 2427 240 71 oportere
1626 2427 140 71 eos
1686 2427 100 71 qui

122 2482 246 84 seruiunt
306 2482 266 84 ecclesiae
510 2482 123 84 in
572 2482 205 84 munere
715 2482 328 84 sacerdotali.
981 2482 143 84 Huc
1063 2482 164 84 enim
1165 2482 123 84 in
1227 2482 205 84 primis
1370 2482 287 84 pertinebat
1595 2482 205 84 unctio
1718 2482 82 84 sa

132 2541 291 72 cerdotalis,
364 2541 174 72 typus
480 2541 194 72 sancti
616 2541 252 72 spiritus,
810 2541 136 72 quo
887 2541 155 72 nisi
984 2541 213 72 imbutus
1139 2541 136 72 sit
1217 2541 233 72 minister
1391 2541 368 72 ecclesiasticus,
1682 2541 116 72 mune

125 2594 118 71 re
184 2594 235 71 sibijpsi
361 2594 118 71 ad
420 2594 255 71 interitum
616 2594 255 71 fungitur.
812 2594 176 71 Porro
929 2594 314 71 sacerdotalis
1184 2594 294 71 consecratio
1419 2594 294 71 describitur
1655 2594 98 71 a
1674 2594 118 71 Mose

131 2658 198 70 Exodi
263 2658 154 70 29.
351 2658 220 70 Leuit.
504 2658 132 70 8.
570 2658 110 70 &
614 2658 220 70 Numeri
768 2658 220 70 octauo
922 2658 242 70 capite.
1097 2658 154 70 Hoc
1185 2658 176 70 loco
1295 2658 329 70 commemorare
1558 2658 242 70 oportet
1712 2658 88 70 e-

129 2706 172 83 tiam
237 2706 237 83 cultum,
409 2706 172 83 siue
517 2706 258 83 uestitum
711 2706 366 83 sacerdotalem.
1013 2706 280 83 Vtebantur
1228 2706 302 83 sacerdotes
1465 2706 194 83 extra
1573 2706 215 83 ministe-

136 2762 158 66 rium
235 2762 218 66 uestitu
394 2762 257 66 politico,
591 2762 119 66 ut
651 2762 257 66 colligere
849 2762 119 66 ex
908 2762 257 66 Ezechiele
1106 2762 238 66 possumus
1284 2762 99 66 :
1324 2762 139 66 sed
1403 2762 119 66 in
1462 2762 277 66 ministerio
1660 2762 139 66 sacra

138 2824 419 67 caeremonialique.
494 2824 167 67 Eius
599 2824 356 67 descriptionem
892 2824 251 67 copiosam
1080 2824 230 67 exhibet
1248 2824 188 67 nobis
1373 2824 188 67 Moses
1499 2824 188 67 Exodi
1604 2824 188 67 uicesi-

127 2892 273 62 mooctauo
332 2892 114 62 &
378 2892 160 62 39.
446 2892 137 62 cap.

198 2943 311 77 Numerantur
442 2943 200 77 nouem
575 2943 244 77 uestium
752 2943 244 77 genera,
930 2943 177 77 alij
1041 2943 177 77 octo
1152 2943 266 77 duntaxat
1351 2943 311 77 recensent,
1573 2943 222 77 Iosephus
