<?xml version="1.0" encoding="UTF-8"?>
<alto xmlns:xsi="http://www.w3.org/2001/XMLSchema-instance"
      xmlns="http://www.loc.gov/standards/alto/ns-v2#"
      xmlns:page="http://schema.primaresearch.org/PAGE/gts/pagecontent/2013-07-15"
      xsi:schemaLocation="http://www.loc.gov/standards/alto/ns-v2# http://www.loc.gov/standards/alto/alto.xsd">
   <Description>
      <MeasurementUnit>pixel</MeasurementUnit>
      <OCRProcessing ID="IdOcr">
         <ocrProcessingStep>
            <processingDateTime>2020-08-08T18:22:55.127-04:00</processingDateTime>
            <processingSoftware>
               <softwareCreator>READ COOP</softwareCreator>
               <softwareName>Transkribus</softwareName>
            </processingSoftware>
         </ocrProcessingStep>
      </OCRProcessing>
   </Description>
   <Tags/>
   <Layout>
      <Page ID="Page1" PHYSICAL_IMG_NR="1" HEIGHT="3632" WIDTH="2288">
         <TopMargin HEIGHT="0" WIDTH="2288" VPOS="0" HPOS="0"/>
         <LeftMargin HEIGHT="3632" WIDTH="0" VPOS="0" HPOS="0"/>
         <RightMargin HEIGHT="3632" WIDTH="0" VPOS="0" HPOS="2288"/>
         <BottomMargin HEIGHT="0" WIDTH="2288" VPOS="3632" HPOS="0"/>
         <PrintSpace HEIGHT="3632" WIDTH="2288" VPOS="0" HPOS="0">
            <TextBlock ID="TextRegion_1592940936396_1329"
                       HEIGHT="2766"
                       WIDTH="1670"
                       VPOS="227"
                       HPOS="123">
               <Shape>
                  <Polygon POINTS="123,227 1793,227 1792,299 1753,2993 123,2993"/>
               </Shape>
               <TextLine ID="r1l3"
                         BASELINE="368"
                         HEIGHT="101"
                         WIDTH="1660"
                         VPOS="267"
                         HPOS="130">
                  <String HEIGHT="101"
                          WIDTH="205"
                          VPOS="267"
                          HPOS="110"
                          CONTENT="quarto"/>
                  <SP HEIGHT="101" WIDTH="20" VPOS="267" HPOS="314"/>
                  <String HEIGHT="101"
                          WIDTH="164"
                          VPOS="267"
                          HPOS="253"
                          CONTENT="loco"/>
                  <SP HEIGHT="101" WIDTH="20" VPOS="267" HPOS="417"/>
                  <String HEIGHT="101"
                          WIDTH="246"
                          VPOS="267"
                          HPOS="355"
                          CONTENT="sequitur"/>
                  <SP HEIGHT="101" WIDTH="20" VPOS="267" HPOS="601"/>
                  <String HEIGHT="101"
                          WIDTH="246"
                          VPOS="267"
                          HPOS="540"
                          CONTENT="exposito"/>
                  <SP HEIGHT="101" WIDTH="20" VPOS="267" HPOS="786"/>
                  <String HEIGHT="101"
                          WIDTH="246"
                          VPOS="267"
                          HPOS="724"
                          CONTENT="planior,"/>
                  <SP HEIGHT="101" WIDTH="20" VPOS="267" HPOS="970"/>
                  <String HEIGHT="101" WIDTH="123" VPOS="267" HPOS="909" CONTENT="Et"/>
                  <SP HEIGHT="101" WIDTH="20" VPOS="267" HPOS="1032"/>
                  <String HEIGHT="101"
                          WIDTH="287"
                          VPOS="267"
                          HPOS="970"
                          CONTENT="misereatur"/>
                  <SP HEIGHT="101" WIDTH="20" VPOS="267" HPOS="1257"/>
                  <String HEIGHT="101"
                          WIDTH="164"
                          VPOS="267"
                          HPOS="1196"
                          CONTENT="tui:"/>
                  <SP HEIGHT="101" WIDTH="20" VPOS="267" HPOS="1360"/>
                  <String HEIGHT="101"
                          WIDTH="205"
                          VPOS="267"
                          HPOS="1298"
                          CONTENT="semper"/>
                  <SP HEIGHT="101" WIDTH="20" VPOS="267" HPOS="1503"/>
                  <String HEIGHT="101"
                          WIDTH="164"
                          VPOS="267"
                          HPOS="1442"
                          CONTENT="tibi"/>
                  <SP HEIGHT="101" WIDTH="20" VPOS="267" HPOS="1606"/>
                  <String HEIGHT="101"
                          WIDTH="143"
                          VPOS="267"
                          HPOS="1544"
                          CONTENT="sit"/>
                  <SP HEIGHT="101" WIDTH="20" VPOS="267" HPOS="1688"/>
                  <String HEIGHT="101"
                          WIDTH="184"
                          VPOS="267"
                          HPOS="1606"
                          CONTENT="clemens"/>
               </TextLine>
               <TextLine ID="r1l4"
                         BASELINE="415"
                         HEIGHT="80"
                         WIDTH="1647"
                         VPOS="335"
                         HPOS="129">
                  <String HEIGHT="80" WIDTH="103" VPOS="335" HPOS="108" CONTENT="&amp;"/>
                  <SP HEIGHT="80" WIDTH="21" VPOS="335" HPOS="211"/>
                  <String HEIGHT="80"
                          WIDTH="268"
                          VPOS="335"
                          HPOS="150"
                          CONTENT="propitius"/>
                  <SP HEIGHT="80" WIDTH="21" VPOS="335" HPOS="417"/>
                  <String HEIGHT="80"
                          WIDTH="226"
                          VPOS="335"
                          HPOS="355"
                          CONTENT="dominus"/>
                  <SP HEIGHT="80" WIDTH="21" VPOS="335" HPOS="582"/>
                  <String HEIGHT="80" WIDTH="124" VPOS="335" HPOS="520" CONTENT="in"/>
                  <SP HEIGHT="80" WIDTH="21" VPOS="335" HPOS="644"/>
                  <String HEIGHT="80"
                          WIDTH="226"
                          VPOS="335"
                          HPOS="582"
                          CONTENT="omnibus"/>
                  <SP HEIGHT="80" WIDTH="21" VPOS="335" HPOS="808"/>
                  <String HEIGHT="80"
                          WIDTH="165"
                          VPOS="335"
                          HPOS="747"
                          CONTENT="tuis"/>
                  <SP HEIGHT="80" WIDTH="21" VPOS="335" HPOS="911"/>
                  <String HEIGHT="80"
                          WIDTH="309"
                          VPOS="335"
                          HPOS="850"
                          CONTENT="institutis,"/>
                  <SP HEIGHT="80" WIDTH="21" VPOS="335" HPOS="1158"/>
                  <String HEIGHT="80"
                          WIDTH="206"
                          VPOS="335"
                          HPOS="1097"
                          CONTENT="dictis"/>
                  <SP HEIGHT="80" WIDTH="21" VPOS="335" HPOS="1302"/>
                  <String HEIGHT="80" WIDTH="103" VPOS="335" HPOS="1241" CONTENT="&amp;"/>
                  <SP HEIGHT="80" WIDTH="21" VPOS="335" HPOS="1344"/>
                  <String HEIGHT="80"
                          WIDTH="226"
                          VPOS="335"
                          HPOS="1282"
                          CONTENT="factis."/>
                  <SP HEIGHT="80" WIDTH="21" VPOS="335" HPOS="1508"/>
                  <String HEIGHT="80"
                          WIDTH="206"
                          VPOS="335"
                          HPOS="1447"
                          CONTENT="Quinto"/>
                  <SP HEIGHT="80" WIDTH="21" VPOS="335" HPOS="1652"/>
                  <String HEIGHT="80"
                          WIDTH="206"
                          VPOS="335"
                          HPOS="1570"
                          CONTENT="sequitur"/>
               </TextLine>
               <TextLine ID="r1l5"
                         BASELINE="476"
                         HEIGHT="85"
                         WIDTH="1658"
                         VPOS="391"
                         HPOS="127">
                  <String HEIGHT="85"
                          WIDTH="202"
                          VPOS="391"
                          HPOS="105"
                          CONTENT="loco,"/>
                  <SP HEIGHT="85" WIDTH="22" VPOS="391" HPOS="306"/>
                  <String HEIGHT="85"
                          WIDTH="269"
                          VPOS="391"
                          HPOS="239"
                          CONTENT="Attollat"/>
                  <SP HEIGHT="85" WIDTH="22" VPOS="391" HPOS="508"/>
                  <String HEIGHT="85"
                          WIDTH="246"
                          VPOS="391"
                          HPOS="441"
                          CONTENT="dominus"/>
                  <SP HEIGHT="85" WIDTH="22" VPOS="391" HPOS="687"/>
                  <String HEIGHT="85"
                          WIDTH="224"
                          VPOS="391"
                          HPOS="620"
                          CONTENT="faciem"/>
                  <SP HEIGHT="85" WIDTH="22" VPOS="391" HPOS="844"/>
                  <String HEIGHT="85"
                          WIDTH="179"
                          VPOS="391"
                          HPOS="777"
                          CONTENT="suam"/>
                  <SP HEIGHT="85" WIDTH="22" VPOS="391" HPOS="956"/>
                  <String HEIGHT="85"
                          WIDTH="202"
                          VPOS="391"
                          HPOS="889"
                          CONTENT="super"/>
                  <SP HEIGHT="85" WIDTH="22" VPOS="391" HPOS="1090"/>
                  <String HEIGHT="85"
                          WIDTH="157"
                          VPOS="391"
                          HPOS="1023"
                          CONTENT="te."/>
                  <SP HEIGHT="85" WIDTH="22" VPOS="391" HPOS="1180"/>
                  <String HEIGHT="85"
                          WIDTH="269"
                          VPOS="391"
                          HPOS="1113"
                          CONTENT="Attollit"/>
                  <SP HEIGHT="85" WIDTH="22" VPOS="391" HPOS="1382"/>
                  <String HEIGHT="85"
                          WIDTH="224"
                          VPOS="391"
                          HPOS="1314"
                          CONTENT="uultum"/>
                  <SP HEIGHT="85" WIDTH="22" VPOS="391" HPOS="1539"/>
                  <String HEIGHT="85"
                          WIDTH="179"
                          VPOS="391"
                          HPOS="1471"
                          CONTENT="suum"/>
                  <SP HEIGHT="85" WIDTH="22" VPOS="391" HPOS="1651"/>
                  <String HEIGHT="85"
                          WIDTH="224"
                          VPOS="391"
                          HPOS="1561"
                          CONTENT="dominus,"/>
               </TextLine>
               <TextLine ID="r1l6"
                         BASELINE="522"
                         HEIGHT="67"
                         WIDTH="1662"
                         VPOS="455"
                         HPOS="118">
                  <String HEIGHT="67"
                          WIDTH="198"
                          VPOS="455"
                          HPOS="98"
                          CONTENT="quando"/>
                  <SP HEIGHT="67" WIDTH="20" VPOS="455" HPOS="296"/>
                  <String HEIGHT="67"
                          WIDTH="237"
                          VPOS="455"
                          HPOS="237"
                          CONTENT="respicit"/>
                  <SP HEIGHT="67" WIDTH="20" VPOS="455" HPOS="474"/>
                  <String HEIGHT="67"
                          WIDTH="158"
                          VPOS="455"
                          HPOS="415"
                          CONTENT="nos,"/>
                  <SP HEIGHT="67" WIDTH="20" VPOS="455" HPOS="573"/>
                  <String HEIGHT="67"
                          WIDTH="218"
                          VPOS="455"
                          HPOS="514"
                          CONTENT="uigilat"/>
                  <SP HEIGHT="67" WIDTH="20" VPOS="455" HPOS="731"/>
                  <String HEIGHT="67"
                          WIDTH="178"
                          VPOS="455"
                          HPOS="672"
                          CONTENT="super"/>
                  <SP HEIGHT="67" WIDTH="20" VPOS="455" HPOS="850"/>
                  <String HEIGHT="67"
                          WIDTH="158"
                          VPOS="455"
                          HPOS="791"
                          CONTENT="nos,"/>
                  <SP HEIGHT="67" WIDTH="20" VPOS="455" HPOS="949"/>
                  <String HEIGHT="67" WIDTH="119" VPOS="455" HPOS="890" CONTENT="et"/>
                  <SP HEIGHT="67" WIDTH="20" VPOS="455" HPOS="1008"/>
                  <String HEIGHT="67"
                          WIDTH="218"
                          VPOS="455"
                          HPOS="949"
                          CONTENT="dirigit"/>
                  <SP HEIGHT="67" WIDTH="20" VPOS="455" HPOS="1167"/>
                  <String HEIGHT="67"
                          WIDTH="158"
                          VPOS="455"
                          HPOS="1107"
                          CONTENT="uias"/>
                  <SP HEIGHT="67" WIDTH="20" VPOS="455" HPOS="1266"/>
                  <String HEIGHT="67"
                          WIDTH="237"
                          VPOS="455"
                          HPOS="1206"
                          CONTENT="nostras."/>
                  <SP HEIGHT="67" WIDTH="20" VPOS="455" HPOS="1444"/>
                  <String HEIGHT="67"
                          WIDTH="198"
                          VPOS="455"
                          HPOS="1384"
                          CONTENT="Vltimo"/>
                  <SP HEIGHT="67" WIDTH="20" VPOS="455" HPOS="1582"/>
                  <String HEIGHT="67"
                          WIDTH="158"
                          VPOS="455"
                          HPOS="1523"
                          CONTENT="loco"/>
                  <SP HEIGHT="67" WIDTH="20" VPOS="455" HPOS="1681"/>
                  <String HEIGHT="67"
                          WIDTH="178"
                          VPOS="455"
                          HPOS="1602"
                          CONTENT="ponitur"/>
               </TextLine>
               <TextLine ID="r1l7"
                         BASELINE="590"
                         HEIGHT="86"
                         WIDTH="1656"
                         VPOS="504"
                         HPOS="124">
                  <String HEIGHT="86"
                          WIDTH="181"
                          VPOS="504"
                          HPOS="101"
                          CONTENT="Pax,"/>
                  <SP HEIGHT="86" WIDTH="23" VPOS="504" HPOS="283"/>
                  <String HEIGHT="86"
                          WIDTH="181"
                          VPOS="504"
                          HPOS="215"
                          CONTENT="quae"/>
                  <SP HEIGHT="86" WIDTH="23" VPOS="504" HPOS="396"/>
                  <String HEIGHT="86" WIDTH="159" VPOS="504" HPOS="328" CONTENT="est"/>
                  <SP HEIGHT="86" WIDTH="23" VPOS="504" HPOS="487"/>
                  <String HEIGHT="86"
                          WIDTH="204"
                          VPOS="504"
                          HPOS="419"
                          CONTENT="salus"/>
                  <SP HEIGHT="86" WIDTH="23" VPOS="504" HPOS="623"/>
                  <String HEIGHT="86" WIDTH="113" VPOS="504" HPOS="555" CONTENT="&amp;"/>
                  <SP HEIGHT="86" WIDTH="23" VPOS="504" HPOS="668"/>
                  <String HEIGHT="86"
                          WIDTH="227"
                          VPOS="504"
                          HPOS="600"
                          CONTENT="summum"/>
                  <SP HEIGHT="86" WIDTH="23" VPOS="504" HPOS="827"/>
                  <String HEIGHT="86"
                          WIDTH="227"
                          VPOS="504"
                          HPOS="759"
                          CONTENT="bonum,"/>
                  <SP HEIGHT="86" WIDTH="23" VPOS="504" HPOS="986"/>
                  <String HEIGHT="86"
                          WIDTH="272"
                          VPOS="504"
                          HPOS="918"
                          CONTENT="quanquam"/>
                  <SP HEIGHT="86" WIDTH="23" VPOS="504" HPOS="1190"/>
                  <String HEIGHT="86" WIDTH="113" VPOS="504" HPOS="1122" CONTENT="&amp;"/>
                  <SP HEIGHT="86" WIDTH="23" VPOS="504" HPOS="1236"/>
                  <String HEIGHT="86"
                          WIDTH="204"
                          VPOS="504"
                          HPOS="1168"
                          CONTENT="bello"/>
                  <SP HEIGHT="86" WIDTH="23" VPOS="504" HPOS="1372"/>
                  <String HEIGHT="86"
                          WIDTH="318"
                          VPOS="504"
                          HPOS="1304"
                          CONTENT="opponatur:"/>
                  <SP HEIGHT="86" WIDTH="23" VPOS="504" HPOS="1621"/>
                  <String HEIGHT="86"
                          WIDTH="159"
                          VPOS="504"
                          HPOS="1553"
                          CONTENT="est"/>
                  <SP HEIGHT="86" WIDTH="23" VPOS="504" HPOS="1712"/>
                  <String HEIGHT="86" WIDTH="113" VPOS="504" HPOS="1644" CONTENT="&amp;"/>
                  <SP HEIGHT="86" WIDTH="23" VPOS="504" HPOS="1757"/>
                  <String HEIGHT="86"
                          WIDTH="113"
                          VPOS="504"
                          HPOS="1667"
                          CONTENT="con"/>
               </TextLine>
               <TextLine ID="r1l8"
                         BASELINE="644"
                         HEIGHT="82"
                         WIDTH="1641"
                         VPOS="562"
                         HPOS="138">
                  <String HEIGHT="82"
                          WIDTH="328"
                          VPOS="562"
                          HPOS="116"
                          CONTENT="scientiarum"/>
                  <SP HEIGHT="82" WIDTH="22" VPOS="562" HPOS="444"/>
                  <String HEIGHT="82"
                          WIDTH="175"
                          VPOS="562"
                          HPOS="379"
                          CONTENT="pax,"/>
                  <SP HEIGHT="82" WIDTH="22" VPOS="562" HPOS="554"/>
                  <String HEIGHT="82"
                          WIDTH="175"
                          VPOS="562"
                          HPOS="488"
                          CONTENT="iuge"/>
                  <SP HEIGHT="82" WIDTH="22" VPOS="562" HPOS="663"/>
                  <String HEIGHT="82"
                          WIDTH="306"
                          VPOS="562"
                          HPOS="597"
                          CONTENT="conuiuium."/>
                  <SP HEIGHT="82" WIDTH="22" VPOS="562" HPOS="904"/>
                  <String HEIGHT="82"
                          WIDTH="175"
                          VPOS="562"
                          HPOS="838"
                          CONTENT="Haec"/>
                  <SP HEIGHT="82" WIDTH="22" VPOS="562" HPOS="1013"/>
                  <String HEIGHT="82"
                          WIDTH="197"
                          VPOS="562"
                          HPOS="948"
                          CONTENT="tanta"/>
                  <SP HEIGHT="82" WIDTH="22" VPOS="562" HPOS="1144"/>
                  <String HEIGHT="82"
                          WIDTH="175"
                          VPOS="562"
                          HPOS="1079"
                          CONTENT="bona"/>
                  <SP HEIGHT="82" WIDTH="22" VPOS="562" HPOS="1254"/>
                  <String HEIGHT="82"
                          WIDTH="372"
                          VPOS="562"
                          HPOS="1188"
                          CONTENT="imprecabantur"/>
                  <SP HEIGHT="82" WIDTH="22" VPOS="562" HPOS="1560"/>
                  <String HEIGHT="82"
                          WIDTH="219"
                          VPOS="562"
                          HPOS="1495"
                          CONTENT="populo"/>
                  <SP HEIGHT="82" WIDTH="22" VPOS="562" HPOS="1713"/>
                  <String HEIGHT="82"
                          WIDTH="153"
                          VPOS="562"
                          HPOS="1626"
                          CONTENT="sacer"/>
               </TextLine>
               <TextLine ID="r1l9"
                         BASELINE="700"
                         HEIGHT="82"
                         WIDTH="1654"
                         VPOS="618"
                         HPOS="129">
                  <String HEIGHT="82"
                          WIDTH="224"
                          VPOS="618"
                          HPOS="107"
                          CONTENT="dotes,"/>
                  <SP HEIGHT="82" WIDTH="22" VPOS="618" HPOS="330"/>
                  <String HEIGHT="82" WIDTH="156" VPOS="618" HPOS="263" CONTENT="qui"/>
                  <SP HEIGHT="82" WIDTH="22" VPOS="618" HPOS="420"/>
                  <String HEIGHT="82"
                          WIDTH="179"
                          VPOS="618"
                          HPOS="353"
                          CONTENT="haud"/>
                  <SP HEIGHT="82" WIDTH="22" VPOS="618" HPOS="531"/>
                  <String HEIGHT="82"
                          WIDTH="201"
                          VPOS="618"
                          HPOS="464"
                          CONTENT="dubie"/>
                  <SP HEIGHT="82" WIDTH="22" VPOS="618" HPOS="665"/>
                  <String HEIGHT="82" WIDTH="112" VPOS="618" HPOS="598" CONTENT="&amp;"/>
                  <SP HEIGHT="82" WIDTH="22" VPOS="618" HPOS="710"/>
                  <String HEIGHT="82"
                          WIDTH="201"
                          VPOS="618"
                          HPOS="643"
                          CONTENT="orare"/>
                  <SP HEIGHT="82" WIDTH="22" VPOS="618" HPOS="844"/>
                  <String HEIGHT="82"
                          WIDTH="246"
                          VPOS="618"
                          HPOS="777"
                          CONTENT="dominum"/>
                  <SP HEIGHT="82" WIDTH="22" VPOS="618" HPOS="1023"/>
                  <String HEIGHT="82"
                          WIDTH="291"
                          VPOS="618"
                          HPOS="956"
                          CONTENT="docebant,"/>
                  <SP HEIGHT="82" WIDTH="22" VPOS="618" HPOS="1247"/>
                  <String HEIGHT="82" WIDTH="112" VPOS="618" HPOS="1180" CONTENT="&amp;"/>
                  <SP HEIGHT="82" WIDTH="22" VPOS="618" HPOS="1291"/>
                  <String HEIGHT="82" WIDTH="134" VPOS="618" HPOS="1224" CONTENT="ad"/>
                  <SP HEIGHT="82" WIDTH="22" VPOS="618" HPOS="1358"/>
                  <String HEIGHT="82"
                          WIDTH="246"
                          VPOS="618"
                          HPOS="1291"
                          CONTENT="sedulas"/>
                  <SP HEIGHT="82" WIDTH="22" VPOS="618" HPOS="1537"/>
                  <String HEIGHT="82"
                          WIDTH="224"
                          VPOS="618"
                          HPOS="1470"
                          CONTENT="preces"/>
                  <SP HEIGHT="82" WIDTH="22" VPOS="618" HPOS="1694"/>
                  <String HEIGHT="82"
                          WIDTH="179"
                          VPOS="618"
                          HPOS="1604"
                          CONTENT="horta"
                          SUBS_TYPE="HypPart1"
                          SUBS_CONTENT="hortabantur."/>
                  <HYP CONTENT="-"/>
               </TextLine>
               <TextLine ID="r1l11"
                         BASELINE="758"
                         HEIGHT="85"
                         WIDTH="1645"
                         VPOS="673"
                         HPOS="129">
                  <String HEIGHT="85"
                          WIDTH="226"
                          VPOS="673"
                          HPOS="108"
                          CONTENT="bantur."
                          SUBS_TYPE="HypPart2"
                          SUBS_CONTENT="hortabantur."/>
                  <SP HEIGHT="85" WIDTH="21" VPOS="673" HPOS="335"/>
                  <String HEIGHT="85"
                          WIDTH="206"
                          VPOS="673"
                          HPOS="273"
                          CONTENT="Extant"/>
                  <SP HEIGHT="85" WIDTH="21" VPOS="673" HPOS="479"/>
                  <String HEIGHT="85" WIDTH="144" VPOS="673" HPOS="417" CONTENT="uel"/>
                  <SP HEIGHT="85" WIDTH="21" VPOS="673" HPOS="561"/>
                  <String HEIGHT="85"
                          WIDTH="185"
                          VPOS="673"
                          HPOS="499"
                          CONTENT="hodie"/>
                  <SP HEIGHT="85" WIDTH="21" VPOS="673" HPOS="684"/>
                  <String HEIGHT="85"
                          WIDTH="206"
                          VPOS="673"
                          HPOS="623"
                          CONTENT="Psalmi"/>
                  <SP HEIGHT="85" WIDTH="21" VPOS="673" HPOS="828"/>
                  <String HEIGHT="85"
                          WIDTH="267"
                          VPOS="673"
                          HPOS="766"
                          CONTENT="compositi"/>
                  <SP HEIGHT="85" WIDTH="21" VPOS="673" HPOS="1034"/>
                  <String HEIGHT="85" WIDTH="103" VPOS="673" HPOS="972" CONTENT="a"/>
                  <SP HEIGHT="85" WIDTH="21" VPOS="673" HPOS="1075"/>
                  <String HEIGHT="85"
                          WIDTH="329"
                          VPOS="673"
                          HPOS="1013"
                          CONTENT="sacerdotibus"/>
                  <SP HEIGHT="85" WIDTH="21" VPOS="673" HPOS="1342"/>
                  <String HEIGHT="85" WIDTH="123" VPOS="673" HPOS="1281" CONTENT="in"/>
                  <SP HEIGHT="85" WIDTH="21" VPOS="673" HPOS="1404"/>
                  <String HEIGHT="85"
                          WIDTH="226"
                          VPOS="673"
                          HPOS="1342"
                          CONTENT="gratiam"/>
                  <SP HEIGHT="85" WIDTH="21" VPOS="673" HPOS="1568"/>
                  <String HEIGHT="85"
                          WIDTH="226"
                          VPOS="673"
                          HPOS="1507"
                          CONTENT="populi."/>
                  <SP HEIGHT="85" WIDTH="21" VPOS="673" HPOS="1733"/>
                  <String HEIGHT="85"
                          WIDTH="123"
                          VPOS="673"
                          HPOS="1651"
                          CONTENT="Post"/>
               </TextLine>
               <TextLine ID="r1l12"
                         BASELINE="798"
                         HEIGHT="61"
                         WIDTH="1637"
                         VPOS="737"
                         HPOS="134">
                  <String HEIGHT="61"
                          WIDTH="182"
                          VPOS="737"
                          HPOS="111"
                          CONTENT="quam"/>
                  <SP HEIGHT="61" WIDTH="23" VPOS="737" HPOS="293"/>
                  <String HEIGHT="61"
                          WIDTH="182"
                          VPOS="737"
                          HPOS="225"
                          CONTENT="enim"/>
                  <SP HEIGHT="61" WIDTH="23" VPOS="737" HPOS="407"/>
                  <String HEIGHT="61"
                          WIDTH="205"
                          VPOS="737"
                          HPOS="339"
                          CONTENT="Dauid"/>
                  <SP HEIGHT="61" WIDTH="23" VPOS="737" HPOS="543"/>
                  <String HEIGHT="61" WIDTH="136" VPOS="737" HPOS="475" CONTENT="in"/>
                  <SP HEIGHT="61" WIDTH="23" VPOS="737" HPOS="611"/>
                  <String HEIGHT="61"
                          WIDTH="250"
                          VPOS="737"
                          HPOS="543"
                          CONTENT="templum"/>
                  <SP HEIGHT="61" WIDTH="23" VPOS="737" HPOS="793"/>
                  <String HEIGHT="61"
                          WIDTH="318"
                          VPOS="737"
                          HPOS="725"
                          CONTENT="induxisset"/>
                  <SP HEIGHT="61" WIDTH="23" VPOS="737" HPOS="1043"/>
                  <String HEIGHT="61"
                          WIDTH="273"
                          VPOS="737"
                          HPOS="975"
                          CONTENT="musicam,"/>
                  <SP HEIGHT="61" WIDTH="23" VPOS="737" HPOS="1248"/>
                  <String HEIGHT="61"
                          WIDTH="227"
                          VPOS="737"
                          HPOS="1180"
                          CONTENT="cantus"/>
                  <SP HEIGHT="61" WIDTH="23" VPOS="737" HPOS="1407"/>
                  <String HEIGHT="61"
                          WIDTH="227"
                          VPOS="737"
                          HPOS="1339"
                          CONTENT="quoque"/>
                  <SP HEIGHT="61" WIDTH="23" VPOS="737" HPOS="1566"/>
                  <String HEIGHT="61" WIDTH="114" VPOS="737" HPOS="1498" CONTENT="&amp;"/>
                  <SP HEIGHT="61" WIDTH="23" VPOS="737" HPOS="1612"/>
                  <String HEIGHT="61"
                          WIDTH="250"
                          VPOS="737"
                          HPOS="1521"
                          CONTENT="musicorum"/>
               </TextLine>
               <TextLine ID="r1l13"
                         BASELINE="863"
                         HEIGHT="72"
                         WIDTH="1653"
                         VPOS="791"
                         HPOS="127">
                  <String HEIGHT="72"
                          WIDTH="392"
                          VPOS="791"
                          HPOS="105"
                          CONTENT="instrumentorum"/>
                  <SP HEIGHT="72" WIDTH="22" VPOS="791" HPOS="497"/>
                  <String HEIGHT="72"
                          WIDTH="218"
                          VPOS="791"
                          HPOS="432"
                          CONTENT="suauis"/>
                  <SP HEIGHT="72" WIDTH="22" VPOS="791" HPOS="649"/>
                  <String HEIGHT="72"
                          WIDTH="283"
                          VPOS="791"
                          HPOS="584"
                          CONTENT="tractatio"/>
                  <SP HEIGHT="72" WIDTH="22" VPOS="791" HPOS="867"/>
                  <String HEIGHT="72"
                          WIDTH="174"
                          VPOS="791"
                          HPOS="801"
                          CONTENT="siue"/>
                  <SP HEIGHT="72" WIDTH="22" VPOS="791" HPOS="975"/>
                  <String HEIGHT="72"
                          WIDTH="305"
                          VPOS="791"
                          HPOS="910"
                          CONTENT="modulatio,"/>
                  <SP HEIGHT="72" WIDTH="22" VPOS="791" HPOS="1215"/>
                  <String HEIGHT="72"
                          WIDTH="174"
                          VPOS="791"
                          HPOS="1149"
                          CONTENT="ipsa"/>
                  <SP HEIGHT="72" WIDTH="22" VPOS="791" HPOS="1323"/>
                  <String HEIGHT="72"
                          WIDTH="218"
                          VPOS="791"
                          HPOS="1258"
                          CONTENT="inquam"/>
                  <SP HEIGHT="72" WIDTH="22" VPOS="791" HPOS="1476"/>
                  <String HEIGHT="72"
                          WIDTH="283"
                          VPOS="791"
                          HPOS="1410"
                          CONTENT="Psalmodia"/>
                  <SP HEIGHT="72" WIDTH="22" VPOS="791" HPOS="1693"/>
                  <String HEIGHT="72"
                          WIDTH="174"
                          VPOS="791"
                          HPOS="1606"
                          CONTENT="coepit"/>
               </TextLine>
               <TextLine ID="r1l14"
                         BASELINE="921"
                         HEIGHT="70"
                         WIDTH="1631"
                         VPOS="851"
                         HPOS="133">
                  <String HEIGHT="70"
                          WIDTH="245"
                          VPOS="851"
                          HPOS="113"
                          CONTENT="numerari"/>
                  <SP HEIGHT="70" WIDTH="20" VPOS="851" HPOS="357"/>
                  <String HEIGHT="70"
                          WIDTH="183"
                          VPOS="851"
                          HPOS="296"
                          CONTENT="inter"/>
                  <SP HEIGHT="70" WIDTH="20" VPOS="851" HPOS="480"/>
                  <String HEIGHT="70"
                          WIDTH="224"
                          VPOS="851"
                          HPOS="418"
                          CONTENT="officia"/>
                  <SP HEIGHT="70" WIDTH="20" VPOS="851" HPOS="643"/>
                  <String HEIGHT="70"
                          WIDTH="306"
                          VPOS="851"
                          HPOS="582"
                          CONTENT="sacerdotum."/>
                  <SP HEIGHT="70" WIDTH="20" VPOS="851" HPOS="887"/>
                  <String HEIGHT="70" WIDTH="122" VPOS="851" HPOS="826" CONTENT="De"/>
                  <SP HEIGHT="70" WIDTH="20" VPOS="851" HPOS="949"/>
                  <String HEIGHT="70"
                          WIDTH="204"
                          VPOS="851"
                          HPOS="887"
                          CONTENT="Musica"/>
                  <SP HEIGHT="70" WIDTH="20" VPOS="851" HPOS="1091"/>
                  <String HEIGHT="70"
                          WIDTH="183"
                          VPOS="851"
                          HPOS="1030"
                          CONTENT="sacra"/>
                  <SP HEIGHT="70" WIDTH="20" VPOS="851" HPOS="1214"/>
                  <String HEIGHT="70"
                          WIDTH="204"
                          VPOS="851"
                          HPOS="1152"
                          CONTENT="multis"/>
                  <SP HEIGHT="70" WIDTH="20" VPOS="851" HPOS="1356"/>
                  <String HEIGHT="70"
                          WIDTH="163"
                          VPOS="851"
                          HPOS="1295"
                          CONTENT="agit"/>
                  <SP HEIGHT="70" WIDTH="20" VPOS="851" HPOS="1458"/>
                  <String HEIGHT="70"
                          WIDTH="183"
                          VPOS="851"
                          HPOS="1397"
                          CONTENT="prior"/>
                  <SP HEIGHT="70" WIDTH="20" VPOS="851" HPOS="1581"/>
                  <String HEIGHT="70"
                          WIDTH="183"
                          VPOS="851"
                          HPOS="1519"
                          CONTENT="liber"/>
                  <SP HEIGHT="70" WIDTH="20" VPOS="851" HPOS="1703"/>
                  <String HEIGHT="70"
                          WIDTH="143"
                          VPOS="851"
                          HPOS="1621"
                          CONTENT="Paral"/>
               </TextLine>
               <TextLine ID="r1l16"
                         BASELINE="986"
                         HEIGHT="77"
                         WIDTH="1647"
                         VPOS="909"
                         HPOS="127">
                  <String HEIGHT="77"
                          WIDTH="235"
                          VPOS="909"
                          HPOS="106"
                          CONTENT="pomenon"/>
                  <SP HEIGHT="77" WIDTH="21" VPOS="909" HPOS="341"/>
                  <String HEIGHT="77" WIDTH="128" VPOS="909" HPOS="277" CONTENT="in"/>
                  <SP HEIGHT="77" WIDTH="21" VPOS="909" HPOS="405"/>
                  <String HEIGHT="77"
                          WIDTH="193"
                          VPOS="909"
                          HPOS="341"
                          CONTENT="rebus"/>
                  <SP HEIGHT="77" WIDTH="21" VPOS="909" HPOS="533"/>
                  <String HEIGHT="77"
                          WIDTH="257"
                          VPOS="909"
                          HPOS="469"
                          CONTENT="Dauidis,"/>
                  <SP HEIGHT="77" WIDTH="21" VPOS="909" HPOS="726"/>
                  <String HEIGHT="77" WIDTH="150" VPOS="909" HPOS="662" CONTENT="ubi"/>
                  <SP HEIGHT="77" WIDTH="21" VPOS="909" HPOS="811"/>
                  <String HEIGHT="77"
                          WIDTH="193"
                          VPOS="909"
                          HPOS="747"
                          CONTENT="etiam"/>
                  <SP HEIGHT="77" WIDTH="21" VPOS="909" HPOS="940"/>
                  <String HEIGHT="77"
                          WIDTH="257"
                          VPOS="909"
                          HPOS="876"
                          CONTENT="traditur"/>
                  <SP HEIGHT="77" WIDTH="21" VPOS="909" HPOS="1132"/>
                  <String HEIGHT="77"
                          WIDTH="171"
                          VPOS="909"
                          HPOS="1068"
                          CONTENT="quod"/>
                  <SP HEIGHT="77" WIDTH="21" VPOS="909" HPOS="1239"/>
                  <String HEIGHT="77"
                          WIDTH="257"
                          VPOS="909"
                          HPOS="1175"
                          CONTENT="cantores"/>
                  <SP HEIGHT="77" WIDTH="21" VPOS="909" HPOS="1432"/>
                  <String HEIGHT="77"
                          WIDTH="171"
                          VPOS="909"
                          HPOS="1368"
                          CONTENT="ipse"/>
                  <SP HEIGHT="77" WIDTH="21" VPOS="909" HPOS="1539"/>
                  <String HEIGHT="77"
                          WIDTH="193"
                          VPOS="909"
                          HPOS="1475"
                          CONTENT="Dauid"/>
                  <SP HEIGHT="77" WIDTH="21" VPOS="909" HPOS="1667"/>
                  <String HEIGHT="77"
                          WIDTH="193"
                          VPOS="909"
                          HPOS="1581"
                          CONTENT="distri"
                          SUBS_TYPE="HypPart1"
                          SUBS_CONTENT="distribuerit"/>
                  <HYP CONTENT="-"/>
               </TextLine>
               <TextLine ID="r1l17"
                         BASELINE="1013"
                         HEIGHT="64"
                         WIDTH="711"
                         VPOS="949"
                         HPOS="127">
                  <String HEIGHT="64"
                          WIDTH="182"
                          VPOS="949"
                          HPOS="109"
                          CONTENT="buerit"
                          SUBS_TYPE="HypPart2"
                          SUBS_CONTENT="distribuerit"/>
                  <SP HEIGHT="64" WIDTH="18" VPOS="949" HPOS="291"/>
                  <String HEIGHT="64" WIDTH="109" VPOS="949" HPOS="236" CONTENT="in"/>
                  <SP HEIGHT="64" WIDTH="18" VPOS="949" HPOS="346"/>
                  <String HEIGHT="64"
                          WIDTH="201"
                          VPOS="949"
                          HPOS="291"
                          CONTENT="classes"/>
                  <SP HEIGHT="64" WIDTH="18" VPOS="949" HPOS="492"/>
                  <String HEIGHT="64" WIDTH="128" VPOS="949" HPOS="437" CONTENT="24."/>
                  <SP HEIGHT="64" WIDTH="18" VPOS="949" HPOS="565"/>
                  <String HEIGHT="64"
                          WIDTH="164"
                          VPOS="949"
                          HPOS="510"
                          CONTENT="idque"/>
                  <SP HEIGHT="64" WIDTH="18" VPOS="949" HPOS="674"/>
                  <String HEIGHT="64" WIDTH="128" VPOS="949" HPOS="619" CONTENT="per"/>
                  <SP HEIGHT="64" WIDTH="18" VPOS="949" HPOS="747"/>
                  <String HEIGHT="64"
                          WIDTH="164"
                          VPOS="949"
                          HPOS="674"
                          CONTENT="sortes."/>
               </TextLine>
               <TextLine ID="line_1592940936498_1332"
                         BASELINE="1077"
                         HEIGHT="71"
                         WIDTH="1596"
                         VPOS="1006"
                         HPOS="195">
                  <String HEIGHT="71"
                          WIDTH="277"
                          VPOS="1006"
                          HPOS="174"
                          CONTENT="Praeterea"/>
                  <SP HEIGHT="71" WIDTH="21" VPOS="1006" HPOS="450"/>
                  <String HEIGHT="71"
                          WIDTH="192"
                          VPOS="1006"
                          HPOS="387"
                          CONTENT="iussi"/>
                  <SP HEIGHT="71" WIDTH="21" VPOS="1006" HPOS="578"/>
                  <String HEIGHT="71"
                          WIDTH="170"
                          VPOS="1006"
                          HPOS="514"
                          CONTENT="sunt"/>
                  <SP HEIGHT="71" WIDTH="21" VPOS="1006" HPOS="684"/>
                  <String HEIGHT="71"
                          WIDTH="298"
                          VPOS="1006"
                          HPOS="621"
                          CONTENT="sacerdotes"/>
                  <SP HEIGHT="71" WIDTH="21" VPOS="1006" HPOS="919"/>
                  <String HEIGHT="71"
                          WIDTH="149"
                          VPOS="1006"
                          HPOS="855"
                          CONTENT="rem"/>
                  <SP HEIGHT="71" WIDTH="21" VPOS="1006" HPOS="1004"/>
                  <String HEIGHT="71"
                          WIDTH="213"
                          VPOS="1006"
                          HPOS="940"
                          CONTENT="facere"/>
                  <SP HEIGHT="71" WIDTH="21" VPOS="1006" HPOS="1153"/>
                  <String HEIGHT="71"
                          WIDTH="255"
                          VPOS="1006"
                          HPOS="1089"
                          CONTENT="diuinam,"/>
                  <SP HEIGHT="71" WIDTH="21" VPOS="1006" HPOS="1344"/>
                  <String HEIGHT="71"
                          WIDTH="340"
                          VPOS="1006"
                          HPOS="1280"
                          CONTENT="administrare"/>
                  <SP HEIGHT="71" WIDTH="21" VPOS="1006" HPOS="1621"/>
                  <String HEIGHT="71"
                          WIDTH="213"
                          VPOS="1006"
                          HPOS="1557"
                          CONTENT="inquam"/>
                  <SP HEIGHT="71" WIDTH="21" VPOS="1006" HPOS="1770"/>
                  <String HEIGHT="71"
                          WIDTH="106"
                          VPOS="1006"
                          HPOS="1685"
                          CONTENT="sa"
                          SUBS_TYPE="HypPart1"
                          SUBS_CONTENT="sacramenta,"/>
                  <HYP CONTENT="-"/>
               </TextLine>
               <TextLine ID="line_1592940936499_1334"
                         BASELINE="1146"
                         HEIGHT="79"
                         WIDTH="1671"
                         VPOS="1067"
                         HPOS="121">
                  <String HEIGHT="79"
                          WIDTH="275"
                          VPOS="1067"
                          HPOS="100"
                          CONTENT="cramenta,"
                          SUBS_TYPE="HypPart2"
                          SUBS_CONTENT="sacramenta,"/>
                  <SP HEIGHT="79" WIDTH="21" VPOS="1067" HPOS="375"/>
                  <String HEIGHT="79" WIDTH="127" VPOS="1067" HPOS="311" CONTENT="ac"/>
                  <SP HEIGHT="79" WIDTH="21" VPOS="1067" HPOS="438"/>
                  <String HEIGHT="79"
                          WIDTH="338"
                          VPOS="1067"
                          HPOS="375"
                          CONTENT="sacrificare."/>
                  <SP HEIGHT="79" WIDTH="21" VPOS="1067" HPOS="713"/>
                  <String HEIGHT="79"
                          WIDTH="381"
                          VPOS="1067"
                          HPOS="650"
                          CONTENT="Circuncidebant"/>
                  <SP HEIGHT="79" WIDTH="21" VPOS="1067" HPOS="1031"/>
                  <String HEIGHT="79"
                          WIDTH="169"
                          VPOS="1067"
                          HPOS="967"
                          CONTENT="enim"/>
                  <SP HEIGHT="79" WIDTH="21" VPOS="1067" HPOS="1136"/>
                  <String HEIGHT="79"
                          WIDTH="317"
                          VPOS="1067"
                          HPOS="1073"
                          CONTENT="insantulos,"/>
                  <SP HEIGHT="79" WIDTH="21" VPOS="1067" HPOS="1390"/>
                  <String HEIGHT="79"
                          WIDTH="212"
                          VPOS="1067"
                          HPOS="1327"
                          CONTENT="pascha"/>
                  <SP HEIGHT="79" WIDTH="21" VPOS="1067" HPOS="1538"/>
                  <String HEIGHT="79"
                          WIDTH="338"
                          VPOS="1067"
                          HPOS="1475"
                          CONTENT="procurabant,"/>
                  <SP HEIGHT="79" WIDTH="21" VPOS="1067" HPOS="1813"/>
                  <String HEIGHT="79" WIDTH="63" VPOS="1067" HPOS="1729" CONTENT="&amp;"/>
               </TextLine>
               <TextLine ID="r1l20"
                         BASELINE="1204"
                         HEIGHT="85"
                         WIDTH="1642"
                         VPOS="1119"
                         HPOS="134">
                  <String HEIGHT="85"
                          WIDTH="284"
                          VPOS="1119"
                          HPOS="114"
                          CONTENT="sacrificia"/>
                  <SP HEIGHT="85" WIDTH="20" VPOS="1119" HPOS="398"/>
                  <String HEIGHT="85"
                          WIDTH="182"
                          VPOS="1119"
                          HPOS="337"
                          CONTENT="uarij"/>
                  <SP HEIGHT="85" WIDTH="20" VPOS="1119" HPOS="519"/>
                  <String HEIGHT="85"
                          WIDTH="223"
                          VPOS="1119"
                          HPOS="458"
                          CONTENT="generis"/>
                  <SP HEIGHT="85" WIDTH="20" VPOS="1119" HPOS="681"/>
                  <String HEIGHT="85"
                          WIDTH="284"
                          VPOS="1119"
                          HPOS="621"
                          CONTENT="offerebant"/>
                  <SP HEIGHT="85" WIDTH="20" VPOS="1119" HPOS="904"/>
                  <String HEIGHT="85"
                          WIDTH="223"
                          VPOS="1119"
                          HPOS="844"
                          CONTENT="domino:"/>
                  <SP HEIGHT="85" WIDTH="20" VPOS="1119" HPOS="1066"/>
                  <String HEIGHT="85"
                          WIDTH="122"
                          VPOS="1119"
                          HPOS="1006"
                          CONTENT="de"/>
                  <SP HEIGHT="85" WIDTH="20" VPOS="1119" HPOS="1127"/>
                  <String HEIGHT="85"
                          WIDTH="203"
                          VPOS="1119"
                          HPOS="1066"
                          CONTENT="quibus"/>
                  <SP HEIGHT="85" WIDTH="20" VPOS="1119" HPOS="1269"/>
                  <String HEIGHT="85"
                          WIDTH="142"
                          VPOS="1119"
                          HPOS="1208"
                          CONTENT="mox"/>
                  <SP HEIGHT="85" WIDTH="20" VPOS="1119" HPOS="1350"/>
                  <String HEIGHT="85"
                          WIDTH="223"
                          VPOS="1119"
                          HPOS="1289"
                          CONTENT="dicemus"/>
                  <SP HEIGHT="85" WIDTH="20" VPOS="1119" HPOS="1512"/>
                  <String HEIGHT="85"
                          WIDTH="142"
                          VPOS="1119"
                          HPOS="1452"
                          CONTENT="suo"/>
                  <SP HEIGHT="85" WIDTH="20" VPOS="1119" HPOS="1594"/>
                  <String HEIGHT="85"
                          WIDTH="182"
                          VPOS="1119"
                          HPOS="1533"
                          CONTENT="loco."/>
                  <SP HEIGHT="85" WIDTH="20" VPOS="1119" HPOS="1715"/>
                  <String HEIGHT="85"
                          WIDTH="122"
                          VPOS="1119"
                          HPOS="1654"
                          CONTENT="Vt"/>
                  <SP HEIGHT="85" WIDTH="20" VPOS="1119" HPOS="1776"/>
                  <String HEIGHT="85" WIDTH="81" VPOS="1119" HPOS="1695" CONTENT="au"/>
               </TextLine>
               <TextLine ID="r1l21"
                         BASELINE="1247"
                         HEIGHT="66"
                         WIDTH="1655"
                         VPOS="1181"
                         HPOS="122">
                  <String HEIGHT="66"
                          WIDTH="143"
                          VPOS="1181"
                          HPOS="102"
                          CONTENT="tem"/>
                  <SP HEIGHT="66" WIDTH="20" VPOS="1181" HPOS="245"/>
                  <String HEIGHT="66"
                          WIDTH="266"
                          VPOS="1181"
                          HPOS="183"
                          CONTENT="commodius"/>
                  <SP HEIGHT="66" WIDTH="20" VPOS="1181" HPOS="449"/>
                  <String HEIGHT="66"
                          WIDTH="368"
                          VPOS="1181"
                          HPOS="388"
                          CONTENT="sacrificaretur"/>
                  <SP HEIGHT="66" WIDTH="20" VPOS="1181" HPOS="755"/>
                  <String HEIGHT="66" WIDTH="102" VPOS="1181" HPOS="694" CONTENT="a"/>
                  <SP HEIGHT="66" WIDTH="20" VPOS="1181" HPOS="796"/>
                  <String HEIGHT="66"
                          WIDTH="347"
                          VPOS="1181"
                          HPOS="735"
                          CONTENT="sacerdotibus,"/>
                  <SP HEIGHT="66" WIDTH="20" VPOS="1181" HPOS="1082"/>
                  <String HEIGHT="66"
                          WIDTH="184"
                          VPOS="1181"
                          HPOS="1021"
                          CONTENT="Dauid"/>
                  <SP HEIGHT="66" WIDTH="20" VPOS="1181" HPOS="1205"/>
                  <String HEIGHT="66"
                          WIDTH="266"
                          VPOS="1181"
                          HPOS="1144"
                          CONTENT="instinctu"/>
                  <SP HEIGHT="66" WIDTH="20" VPOS="1181" HPOS="1409"/>
                  <String HEIGHT="66"
                          WIDTH="204"
                          VPOS="1181"
                          HPOS="1348"
                          CONTENT="sancti"/>
                  <SP HEIGHT="66" WIDTH="20" VPOS="1181" HPOS="1552"/>
                  <String HEIGHT="66"
                          WIDTH="266"
                          VPOS="1181"
                          HPOS="1491"
                          CONTENT="spiritus,"/>
                  <SP HEIGHT="66" WIDTH="20" VPOS="1181" HPOS="1757"/>
                  <String HEIGHT="66"
                          WIDTH="102"
                          VPOS="1181"
                          HPOS="1675"
                          CONTENT="di"
                          SUBS_TYPE="HypPart1"
                          SUBS_CONTENT="diuisit"/>
                  <HYP CONTENT="-"/>
               </TextLine>
               <TextLine ID="r1l22"
                         BASELINE="1302"
                         HEIGHT="57"
                         WIDTH="1645"
                         VPOS="1245"
                         HPOS="131">
                  <String HEIGHT="57"
                          WIDTH="183"
                          VPOS="1245"
                          HPOS="111"
                          CONTENT="uisit"
                          SUBS_TYPE="HypPart2"
                          SUBS_CONTENT="diuisit"/>
                  <SP HEIGHT="57" WIDTH="20" VPOS="1245" HPOS="293"/>
                  <String HEIGHT="57"
                          WIDTH="162"
                          VPOS="1245"
                          HPOS="233"
                          CONTENT="duas"/>
                  <SP HEIGHT="57" WIDTH="20" VPOS="1245" HPOS="395"/>
                  <String HEIGHT="57"
                          WIDTH="264"
                          VPOS="1245"
                          HPOS="334"
                          CONTENT="Eleasaris"/>
                  <SP HEIGHT="57" WIDTH="20" VPOS="1245" HPOS="598"/>
                  <String HEIGHT="57" WIDTH="102" VPOS="1245" HPOS="537" CONTENT="&amp;"/>
                  <SP HEIGHT="57" WIDTH="20" VPOS="1245" HPOS="639"/>
                  <String HEIGHT="57"
                          WIDTH="264"
                          VPOS="1245"
                          HPOS="578"
                          CONTENT="lthamaris"/>
                  <SP HEIGHT="57" WIDTH="20" VPOS="1245" HPOS="842"/>
                  <String HEIGHT="57"
                          WIDTH="244"
                          VPOS="1245"
                          HPOS="781"
                          CONTENT="familias"/>
                  <SP HEIGHT="57" WIDTH="20" VPOS="1245" HPOS="1025"/>
                  <String HEIGHT="57" WIDTH="122" VPOS="1245" HPOS="964" CONTENT="in"/>
                  <SP HEIGHT="57" WIDTH="20" VPOS="1245" HPOS="1086"/>
                  <String HEIGHT="57"
                          WIDTH="183"
                          VPOS="1245"
                          HPOS="1025"
                          CONTENT="uices"/>
                  <SP HEIGHT="57" WIDTH="20" VPOS="1245" HPOS="1207"/>
                  <String HEIGHT="57"
                          WIDTH="142"
                          VPOS="1245"
                          HPOS="1146"
                          CONTENT="24."/>
                  <SP HEIGHT="57" WIDTH="20" VPOS="1245" HPOS="1289"/>
                  <String HEIGHT="57"
                          WIDTH="142"
                          VPOS="1245"
                          HPOS="1228"
                          CONTENT="Per"/>
                  <SP HEIGHT="57" WIDTH="20" VPOS="1245" HPOS="1370"/>
                  <String HEIGHT="57"
                          WIDTH="183"
                          VPOS="1245"
                          HPOS="1309"
                          CONTENT="uices"/>
                  <SP HEIGHT="57" WIDTH="20" VPOS="1245" HPOS="1492"/>
                  <String HEIGHT="57"
                          WIDTH="162"
                          VPOS="1245"
                          HPOS="1431"
                          CONTENT="enim"/>
                  <SP HEIGHT="57" WIDTH="20" VPOS="1245" HPOS="1593"/>
                  <String HEIGHT="57"
                          WIDTH="223"
                          VPOS="1245"
                          HPOS="1532"
                          CONTENT="obibant"/>
                  <SP HEIGHT="57" WIDTH="20" VPOS="1245" HPOS="1756"/>
                  <String HEIGHT="57"
                          WIDTH="102"
                          VPOS="1245"
                          HPOS="1674"
                          CONTENT="mi"
                          SUBS_TYPE="HypPart1"
                          SUBS_CONTENT="ministerium"/>
                  <HYP CONTENT="-"/>
               </TextLine>
               <TextLine ID="r1l23"
                         BASELINE="1360"
                         HEIGHT="62"
                         WIDTH="1656"
                         VPOS="1298"
                         HPOS="128">
                  <String HEIGHT="62"
                          WIDTH="247"
                          VPOS="1298"
                          HPOS="109"
                          CONTENT="nisterium"
                          SUBS_TYPE="HypPart2"
                          SUBS_CONTENT="ministerium"/>
                  <SP HEIGHT="62" WIDTH="19" VPOS="1298" HPOS="356"/>
                  <String HEIGHT="62"
                          WIDTH="209"
                          VPOS="1298"
                          HPOS="299"
                          CONTENT="sacrum,"/>
                  <SP HEIGHT="62" WIDTH="19" VPOS="1298" HPOS="509"/>
                  <String HEIGHT="62"
                          WIDTH="190"
                          VPOS="1298"
                          HPOS="452"
                          CONTENT="sicuti"/>
                  <SP HEIGHT="62" WIDTH="19" VPOS="1298" HPOS="642"/>
                  <String HEIGHT="62"
                          WIDTH="209"
                          VPOS="1298"
                          HPOS="585"
                          CONTENT="copiose"/>
                  <SP HEIGHT="62" WIDTH="19" VPOS="1298" HPOS="794"/>
                  <String HEIGHT="62"
                          WIDTH="247"
                          VPOS="1298"
                          HPOS="737"
                          CONTENT="exponitur"/>
                  <SP HEIGHT="62" WIDTH="19" VPOS="1298" HPOS="985"/>
                  <String HEIGHT="62" WIDTH="114" VPOS="1298" HPOS="927" CONTENT="t."/>
                  <SP HEIGHT="62" WIDTH="19" VPOS="1298" HPOS="1042"/>
                  <String HEIGHT="62"
                          WIDTH="228"
                          VPOS="1298"
                          HPOS="985"
                          CONTENT="Paralip."/>
                  <SP HEIGHT="62" WIDTH="19" VPOS="1298" HPOS="1213"/>
                  <String HEIGHT="62"
                          WIDTH="133"
                          VPOS="1298"
                          HPOS="1156"
                          CONTENT="24."/>
                  <SP HEIGHT="62" WIDTH="19" VPOS="1298" HPOS="1289"/>
                  <String HEIGHT="62"
                          WIDTH="152"
                          VPOS="1298"
                          HPOS="1232"
                          CONTENT="Toto"/>
                  <SP HEIGHT="62" WIDTH="19" VPOS="1298" HPOS="1384"/>
                  <String HEIGHT="62"
                          WIDTH="171"
                          VPOS="1298"
                          HPOS="1327"
                          CONTENT="autem"/>
                  <SP HEIGHT="62" WIDTH="19" VPOS="1298" HPOS="1498"/>
                  <String HEIGHT="62"
                          WIDTH="266"
                          VPOS="1298"
                          HPOS="1441"
                          CONTENT="ministerij"/>
                  <SP HEIGHT="62" WIDTH="19" VPOS="1298" HPOS="1708"/>
                  <String HEIGHT="62"
                          WIDTH="152"
                          VPOS="1298"
                          HPOS="1632"
                          CONTENT="tepore"/>
               </TextLine>
               <TextLine ID="r1l24"
                         BASELINE="1416"
                         HEIGHT="66"
                         WIDTH="1663"
                         VPOS="1350"
                         HPOS="121">
                  <String HEIGHT="66" WIDTH="119" VPOS="1350" HPOS="101" CONTENT="in"/>
                  <SP HEIGHT="66" WIDTH="20" VPOS="1350" HPOS="220"/>
                  <String HEIGHT="66"
                          WIDTH="158"
                          VPOS="1350"
                          HPOS="161"
                          CONTENT="ipso"/>
                  <SP HEIGHT="66" WIDTH="20" VPOS="1350" HPOS="319"/>
                  <String HEIGHT="66"
                          WIDTH="178"
                          VPOS="1350"
                          HPOS="260"
                          CONTENT="teplo"/>
                  <SP HEIGHT="66" WIDTH="20" VPOS="1350" HPOS="438"/>
                  <String HEIGHT="66"
                          WIDTH="356"
                          VPOS="1350"
                          HPOS="378"
                          CONTENT="perseuerabant,"/>
                  <SP HEIGHT="66" WIDTH="20" VPOS="1350" HPOS="735"/>
                  <String HEIGHT="66"
                          WIDTH="218"
                          VPOS="1350"
                          HPOS="675"
                          CONTENT="nuspiam"/>
                  <SP HEIGHT="66" WIDTH="20" VPOS="1350" HPOS="893"/>
                  <String HEIGHT="66"
                          WIDTH="297"
                          VPOS="1350"
                          HPOS="834"
                          CONTENT="egredientes"/>
                  <SP HEIGHT="66" WIDTH="20" VPOS="1350" HPOS="1131"/>
                  <String HEIGHT="66"
                          WIDTH="238"
                          VPOS="1350"
                          HPOS="1071"
                          CONTENT="templum."/>
                  <SP HEIGHT="66" WIDTH="20" VPOS="1350" HPOS="1309"/>
                  <String HEIGHT="66"
                          WIDTH="178"
                          VPOS="1350"
                          HPOS="1249"
                          CONTENT="Erant"/>
                  <SP HEIGHT="66" WIDTH="20" VPOS="1350" HPOS="1428"/>
                  <String HEIGHT="66"
                          WIDTH="158"
                          VPOS="1350"
                          HPOS="1368"
                          CONTENT="enim"/>
                  <SP HEIGHT="66" WIDTH="20" VPOS="1350" HPOS="1527"/>
                  <String HEIGHT="66"
                          WIDTH="317"
                          VPOS="1350"
                          HPOS="1467"
                          CONTENT="habitationes"/>
                  <SP HEIGHT="66" WIDTH="20" VPOS="1350" HPOS="1784"/>
                  <String HEIGHT="66" WIDTH="79" VPOS="1350" HPOS="1705" CONTENT="in"/>
               </TextLine>
               <TextLine ID="r1l25"
                         BASELINE="1476"
                         HEIGHT="77"
                         WIDTH="1654"
                         VPOS="1399"
                         HPOS="128">
                  <String HEIGHT="77"
                          WIDTH="170"
                          VPOS="1399"
                          HPOS="107"
                          CONTENT="ipso"/>
                  <SP HEIGHT="77" WIDTH="21" VPOS="1399" HPOS="276"/>
                  <String HEIGHT="77"
                          WIDTH="212"
                          VPOS="1399"
                          HPOS="213"
                          CONTENT="templo"/>
                  <SP HEIGHT="77" WIDTH="21" VPOS="1399" HPOS="425"/>
                  <String HEIGHT="77"
                          WIDTH="297"
                          VPOS="1399"
                          HPOS="361"
                          CONTENT="extructae,"/>
                  <SP HEIGHT="77" WIDTH="21" VPOS="1399" HPOS="658"/>
                  <String HEIGHT="77"
                          WIDTH="148"
                          VPOS="1399"
                          HPOS="595"
                          CONTENT="pro"/>
                  <SP HEIGHT="77" WIDTH="21" VPOS="1399" HPOS="743"/>
                  <String HEIGHT="77"
                          WIDTH="382"
                          VPOS="1399"
                          HPOS="679"
                          CONTENT="ministrantibus"/>
                  <SP HEIGHT="77" WIDTH="21" VPOS="1399" HPOS="1061"/>
                  <String HEIGHT="77" WIDTH="127" VPOS="1399" HPOS="997" CONTENT="in"/>
                  <SP HEIGHT="77" WIDTH="21" VPOS="1399" HPOS="1125"/>
                  <String HEIGHT="77"
                          WIDTH="170"
                          VPOS="1399"
                          HPOS="1061"
                          CONTENT="uice"/>
                  <SP HEIGHT="77" WIDTH="21" VPOS="1399" HPOS="1231"/>
                  <String HEIGHT="77"
                          WIDTH="170"
                          VPOS="1399"
                          HPOS="1167"
                          CONTENT="sua,"/>
                  <SP HEIGHT="77" WIDTH="21" VPOS="1399" HPOS="1337"/>
                  <String HEIGHT="77"
                          WIDTH="360"
                          VPOS="1399"
                          HPOS="1273"
                          CONTENT="Reuertebantur"/>
                  <SP HEIGHT="77" WIDTH="21" VPOS="1399" HPOS="1634"/>
                  <String HEIGHT="77"
                          WIDTH="191"
                          VPOS="1399"
                          HPOS="1570"
                          CONTENT="domum"/>
                  <SP HEIGHT="77" WIDTH="21" VPOS="1399" HPOS="1761"/>
                  <String HEIGHT="77"
                          WIDTH="106"
                          VPOS="1399"
                          HPOS="1676"
                          CONTENT="ubi"/>
               </TextLine>
               <TextLine ID="r1l26"
                         BASELINE="1537"
                         HEIGHT="74"
                         WIDTH="1650"
                         VPOS="1463"
                         HPOS="123">
                  <String HEIGHT="74"
                          WIDTH="334"
                          VPOS="1463"
                          HPOS="102"
                          CONTENT="expleuissent"/>
                  <SP HEIGHT="74" WIDTH="21" VPOS="1463" HPOS="436"/>
                  <String HEIGHT="74"
                          WIDTH="313"
                          VPOS="1463"
                          HPOS="374"
                          CONTENT="ministerium"/>
                  <SP HEIGHT="74" WIDTH="21" VPOS="1463" HPOS="687"/>
                  <String HEIGHT="74"
                          WIDTH="188"
                          VPOS="1463"
                          HPOS="624"
                          CONTENT="suum."/>
                  <SP HEIGHT="74" WIDTH="21" VPOS="1463" HPOS="812"/>
                  <String HEIGHT="74"
                          WIDTH="146"
                          VPOS="1463"
                          HPOS="750"
                          CONTENT="Huc"/>
                  <SP HEIGHT="74" WIDTH="21" VPOS="1463" HPOS="896"/>
                  <String HEIGHT="74"
                          WIDTH="251"
                          VPOS="1463"
                          HPOS="833"
                          CONTENT="pertinet"/>
                  <SP HEIGHT="74" WIDTH="21" VPOS="1463" HPOS="1084"/>
                  <String HEIGHT="74"
                          WIDTH="167"
                          VPOS="1463"
                          HPOS="1021"
                          CONTENT="quod"/>
                  <SP HEIGHT="74" WIDTH="21" VPOS="1463" HPOS="1188"/>
                  <String HEIGHT="74"
                          WIDTH="292"
                          VPOS="1463"
                          HPOS="1126"
                          CONTENT="sacerdotes"/>
                  <SP HEIGHT="74" WIDTH="21" VPOS="1463" HPOS="1418"/>
                  <String HEIGHT="74"
                          WIDTH="313"
                          VPOS="1463"
                          HPOS="1355"
                          CONTENT="asseruabant"/>
                  <SP HEIGHT="74" WIDTH="21" VPOS="1463" HPOS="1669"/>
                  <String HEIGHT="74"
                          WIDTH="167"
                          VPOS="1463"
                          HPOS="1606"
                          CONTENT="uasa"/>
                  <SP HEIGHT="74" WIDTH="21" VPOS="1463" HPOS="1773"/>
                  <String HEIGHT="74" WIDTH="84" VPOS="1463" HPOS="1689" CONTENT="sa"/>
               </TextLine>
               <TextLine ID="r1l27"
                         BASELINE="1594"
                         HEIGHT="69"
                         WIDTH="1650"
                         VPOS="1525"
                         HPOS="120">
                  <String HEIGHT="69"
                          WIDTH="169"
                          VPOS="1525"
                          HPOS="99"
                          CONTENT="cra,"/>
                  <SP HEIGHT="69" WIDTH="21" VPOS="1525" HPOS="268"/>
                  <String HEIGHT="69"
                          WIDTH="169"
                          VPOS="1525"
                          HPOS="205"
                          CONTENT="quod"/>
                  <SP HEIGHT="69" WIDTH="21" VPOS="1525" HPOS="374"/>
                  <String HEIGHT="69" WIDTH="127" VPOS="1525" HPOS="310" CONTENT="ea"/>
                  <SP HEIGHT="69" WIDTH="21" VPOS="1525" HPOS="437"/>
                  <String HEIGHT="69"
                          WIDTH="296"
                          VPOS="1525"
                          HPOS="374"
                          CONTENT="purgabant:"/>
                  <SP HEIGHT="69" WIDTH="21" VPOS="1525" HPOS="670"/>
                  <String HEIGHT="69"
                          WIDTH="233"
                          VPOS="1525"
                          HPOS="607"
                          CONTENT="alebant"/>
                  <SP HEIGHT="69" WIDTH="21" VPOS="1525" HPOS="839"/>
                  <String HEIGHT="69"
                          WIDTH="233"
                          VPOS="1525"
                          HPOS="776"
                          CONTENT="lumina,"/>
                  <SP HEIGHT="69" WIDTH="21" VPOS="1525" HPOS="1008"/>
                  <String HEIGHT="69"
                          WIDTH="254"
                          VPOS="1525"
                          HPOS="945"
                          CONTENT="ignemque"/>
                  <SP HEIGHT="69" WIDTH="21" VPOS="1525" HPOS="1199"/>
                  <String HEIGHT="69"
                          WIDTH="254"
                          VPOS="1525"
                          HPOS="1135"
                          CONTENT="fouebant"/>
                  <SP HEIGHT="69" WIDTH="21" VPOS="1525" HPOS="1389"/>
                  <String HEIGHT="69"
                          WIDTH="275"
                          VPOS="1525"
                          HPOS="1326"
                          CONTENT="perpetuum"/>
                  <SP HEIGHT="69" WIDTH="21" VPOS="1525" HPOS="1601"/>
                  <String HEIGHT="69" WIDTH="106" VPOS="1525" HPOS="1537" CONTENT=":"/>
                  <SP HEIGHT="69" WIDTH="21" VPOS="1525" HPOS="1643"/>
                  <String HEIGHT="69"
                          WIDTH="212"
                          VPOS="1525"
                          HPOS="1558"
                          CONTENT="breuiter"/>
               </TextLine>
               <TextLine ID="r1l28"
                         BASELINE="1637"
                         HEIGHT="61"
                         WIDTH="1637"
                         VPOS="1576"
                         HPOS="125">
                  <String HEIGHT="61"
                          WIDTH="237"
                          VPOS="1576"
                          HPOS="105"
                          CONTENT="curabant"/>
                  <SP HEIGHT="61" WIDTH="20" VPOS="1576" HPOS="342"/>
                  <String HEIGHT="61"
                          WIDTH="158"
                          VPOS="1576"
                          HPOS="283"
                          CONTENT="illa"/>
                  <SP HEIGHT="61" WIDTH="20" VPOS="1576" HPOS="441"/>
                  <String HEIGHT="61"
                          WIDTH="178"
                          VPOS="1576"
                          HPOS="381"
                          CONTENT="omnia"/>
                  <SP HEIGHT="61" WIDTH="20" VPOS="1576" HPOS="559"/>
                  <String HEIGHT="61"
                          WIDTH="158"
                          VPOS="1576"
                          HPOS="500"
                          CONTENT="quae"/>
                  <SP HEIGHT="61" WIDTH="20" VPOS="1576" HPOS="658"/>
                  <String HEIGHT="61" WIDTH="118" VPOS="1576" HPOS="598" CONTENT="ad"/>
                  <SP HEIGHT="61" WIDTH="20" VPOS="1576" HPOS="717"/>
                  <String HEIGHT="61"
                          WIDTH="138"
                          VPOS="1576"
                          HPOS="658"
                          CONTENT="rem"/>
                  <SP HEIGHT="61" WIDTH="20" VPOS="1576" HPOS="796"/>
                  <String HEIGHT="61"
                          WIDTH="197"
                          VPOS="1576"
                          HPOS="736"
                          CONTENT="sacram"/>
                  <SP HEIGHT="61" WIDTH="20" VPOS="1576" HPOS="934"/>
                  <String HEIGHT="61"
                          WIDTH="256"
                          VPOS="1576"
                          HPOS="874"
                          CONTENT="pertinere"/>
                  <SP HEIGHT="61" WIDTH="20" VPOS="1576" HPOS="1131"/>
                  <String HEIGHT="61"
                          WIDTH="296"
                          VPOS="1576"
                          HPOS="1072"
                          CONTENT="uidebantur,"/>
                  <SP HEIGHT="61" WIDTH="20" VPOS="1576" HPOS="1368"/>
                  <String HEIGHT="61"
                          WIDTH="197"
                          VPOS="1576"
                          HPOS="1308"
                          CONTENT="oleum,"/>
                  <SP HEIGHT="61" WIDTH="20" VPOS="1576" HPOS="1506"/>
                  <String HEIGHT="61"
                          WIDTH="158"
                          VPOS="1576"
                          HPOS="1446"
                          CONTENT="thus"/>
                  <SP HEIGHT="61" WIDTH="20" VPOS="1576" HPOS="1604"/>
                  <String HEIGHT="61" WIDTH="99" VPOS="1576" HPOS="1545" CONTENT="&amp;"/>
                  <SP HEIGHT="61" WIDTH="20" VPOS="1576" HPOS="1644"/>
                  <String HEIGHT="61"
                          WIDTH="197"
                          VPOS="1576"
                          HPOS="1565"
                          CONTENT="similia"
                          SUBS_TYPE="HypPart1"
                          SUBS_CONTENT="similiaPriusquam"/>
                  <HYP CONTENT="-"/>
               </TextLine>
               <TextLine ID="r1l30"
                         BASELINE="1708"
                         HEIGHT="89"
                         WIDTH="1555"
                         VPOS="1619"
                         HPOS="214">
                  <String HEIGHT="89"
                          WIDTH="277"
                          VPOS="1619"
                          HPOS="193"
                          CONTENT="Priusquam"
                          SUBS_TYPE="HypPart2"
                          SUBS_CONTENT="similiaPriusquam"/>
                  <SP HEIGHT="89" WIDTH="21" VPOS="1619" HPOS="470"/>
                  <String HEIGHT="89"
                          WIDTH="170"
                          VPOS="1619"
                          HPOS="406"
                          CONTENT="uero"/>
                  <SP HEIGHT="89" WIDTH="21" VPOS="1619" HPOS="576"/>
                  <String HEIGHT="89"
                          WIDTH="320"
                          VPOS="1619"
                          HPOS="512"
                          CONTENT="extrueretur"/>
                  <SP HEIGHT="89" WIDTH="21" VPOS="1619" HPOS="832"/>
                  <String HEIGHT="89"
                          WIDTH="256"
                          VPOS="1619"
                          HPOS="768"
                          CONTENT="Templum,"/>
                  <SP HEIGHT="89" WIDTH="21" VPOS="1619" HPOS="1023"/>
                  <String HEIGHT="89" WIDTH="107" VPOS="1619" HPOS="960" CONTENT="&amp;"/>
                  <SP HEIGHT="89" WIDTH="21" VPOS="1619" HPOS="1066"/>
                  <String HEIGHT="89"
                          WIDTH="192"
                          VPOS="1619"
                          HPOS="1002"
                          CONTENT="sedes"/>
                  <SP HEIGHT="89" WIDTH="21" VPOS="1619" HPOS="1194"/>
                  <String HEIGHT="89"
                          WIDTH="128"
                          VPOS="1619"
                          HPOS="1130"
                          CONTENT="in"/>
                  <SP HEIGHT="89" WIDTH="21" VPOS="1619" HPOS="1258"/>
                  <String HEIGHT="89"
                          WIDTH="192"
                          VPOS="1619"
                          HPOS="1194"
                          CONTENT="terra"/>
                  <SP HEIGHT="89" WIDTH="21" VPOS="1619" HPOS="1386"/>
                  <String HEIGHT="89"
                          WIDTH="256"
                          VPOS="1619"
                          HPOS="1322"
                          CONTENT="promissa"/>
                  <SP HEIGHT="89" WIDTH="21" VPOS="1619" HPOS="1577"/>
                  <String HEIGHT="89"
                          WIDTH="192"
                          VPOS="1619"
                          HPOS="1513"
                          CONTENT="fixas"/>
                  <SP HEIGHT="89" WIDTH="21" VPOS="1619" HPOS="1705"/>
                  <String HEIGHT="89"
                          WIDTH="149"
                          VPOS="1619"
                          HPOS="1620"
                          CONTENT="lsrae"/>
               </TextLine>
               <TextLine ID="r1l31"
                         BASELINE="1753"
                         HEIGHT="78"
                         WIDTH="1649"
                         VPOS="1675"
                         HPOS="121">
                  <String HEIGHT="78"
                          WIDTH="186"
                          VPOS="1675"
                          HPOS="100"
                          CONTENT="litae"/>
                  <SP HEIGHT="78" WIDTH="21" VPOS="1675" HPOS="286"/>
                  <String HEIGHT="78"
                          WIDTH="268"
                          VPOS="1675"
                          HPOS="224"
                          CONTENT="consecuti"/>
                  <SP HEIGHT="78" WIDTH="21" VPOS="1675" HPOS="492"/>
                  <String HEIGHT="78"
                          WIDTH="227"
                          VPOS="1675"
                          HPOS="430"
                          CONTENT="essent,"/>
                  <SP HEIGHT="78" WIDTH="21" VPOS="1675" HPOS="657"/>
                  <String HEIGHT="78"
                          WIDTH="289"
                          VPOS="1675"
                          HPOS="595"
                          CONTENT="sacerdotes"/>
                  <SP HEIGHT="78" WIDTH="21" VPOS="1675" HPOS="884"/>
                  <String HEIGHT="78"
                          WIDTH="330"
                          VPOS="1675"
                          HPOS="822"
                          CONTENT="tabernaculum"/>
                  <SP HEIGHT="78" WIDTH="21" VPOS="1675" HPOS="1152"/>
                  <String HEIGHT="78"
                          WIDTH="247"
                          VPOS="1675"
                          HPOS="1090"
                          CONTENT="curabant"/>
                  <SP HEIGHT="78" WIDTH="21" VPOS="1675" HPOS="1337"/>
                  <String HEIGHT="78"
                          WIDTH="124"
                          VPOS="1675"
                          HPOS="1275"
                          CONTENT="in"/>
                  <SP HEIGHT="78" WIDTH="21" VPOS="1675" HPOS="1399"/>
                  <String HEIGHT="78"
                          WIDTH="247"
                          VPOS="1675"
                          HPOS="1337"
                          CONTENT="portando"/>
                  <SP HEIGHT="78" WIDTH="21" VPOS="1675" HPOS="1584"/>
                  <String HEIGHT="78"
                          WIDTH="247"
                          VPOS="1675"
                          HPOS="1523"
                          CONTENT="erigendo"/>
                  <SP HEIGHT="78" WIDTH="21" VPOS="1675" HPOS="1770"/>
                  <String HEIGHT="78" WIDTH="82" VPOS="1675" HPOS="1688" CONTENT="ac"/>
               </TextLine>
               <TextLine ID="r1l34"
                         BASELINE="1808"
                         HEIGHT="58"
                         WIDTH="1662"
                         VPOS="1750"
                         HPOS="115">
                  <String HEIGHT="58"
                          WIDTH="298"
                          VPOS="1750"
                          HPOS="94"
                          CONTENT="deponendo."/>
                  <SP HEIGHT="58" WIDTH="21" VPOS="1750" HPOS="392"/>
                  <String HEIGHT="58"
                          WIDTH="213"
                          VPOS="1750"
                          HPOS="328"
                          CONTENT="Numeri"/>
                  <SP HEIGHT="58" WIDTH="21" VPOS="1750" HPOS="541"/>
                  <String HEIGHT="58"
                          WIDTH="170"
                          VPOS="1750"
                          HPOS="477"
                          CONTENT="enim"/>
                  <SP HEIGHT="58" WIDTH="21" VPOS="1750" HPOS="648"/>
                  <String HEIGHT="58" WIDTH="128" VPOS="1750" HPOS="584" CONTENT="3."/>
                  <SP HEIGHT="58" WIDTH="21" VPOS="1750" HPOS="712"/>
                  <String HEIGHT="58"
                          WIDTH="170"
                          VPOS="1750"
                          HPOS="648"
                          CONTENT="cap."/>
                  <SP HEIGHT="58" WIDTH="21" VPOS="1750" HPOS="818"/>
                  <String HEIGHT="58"
                          WIDTH="149"
                          VPOS="1750"
                          HPOS="754"
                          CONTENT="sic"/>
                  <SP HEIGHT="58" WIDTH="21" VPOS="1750" HPOS="903"/>
                  <String HEIGHT="58"
                          WIDTH="256"
                          VPOS="1750"
                          HPOS="839"
                          CONTENT="legimus,"/>
                  <SP HEIGHT="58" WIDTH="21" VPOS="1750" HPOS="1095"/>
                  <String HEIGHT="58"
                          WIDTH="234"
                          VPOS="1750"
                          HPOS="1031"
                          CONTENT="Leuitae"/>
                  <SP HEIGHT="58" WIDTH="21" VPOS="1750" HPOS="1266"/>
                  <String HEIGHT="58"
                          WIDTH="298"
                          VPOS="1750"
                          HPOS="1202"
                          CONTENT="custodient"/>
                  <SP HEIGHT="58" WIDTH="21" VPOS="1750" HPOS="1500"/>
                  <String HEIGHT="58"
                          WIDTH="192"
                          VPOS="1750"
                          HPOS="1436"
                          CONTENT="omnia"/>
                  <SP HEIGHT="58" WIDTH="21" VPOS="1750" HPOS="1628"/>
                  <String HEIGHT="58"
                          WIDTH="234"
                          VPOS="1750"
                          HPOS="1543"
                          CONTENT="instrumen"/>
               </TextLine>
               <TextLine ID="r1l35"
                         BASELINE="1871"
                         HEIGHT="66"
                         WIDTH="1650"
                         VPOS="1805"
                         HPOS="125">
                  <String HEIGHT="66" WIDTH="121" VPOS="1805" HPOS="105" CONTENT="ta"/>
                  <SP HEIGHT="66" WIDTH="20" VPOS="1805" HPOS="226"/>
                  <String HEIGHT="66"
                          WIDTH="241"
                          VPOS="1805"
                          HPOS="165"
                          CONTENT="tentorij"/>
                  <SP HEIGHT="66" WIDTH="20" VPOS="1805" HPOS="407"/>
                  <String HEIGHT="66"
                          WIDTH="382"
                          VPOS="1805"
                          HPOS="346"
                          CONTENT="constitutionis,"/>
                  <SP HEIGHT="66" WIDTH="20" VPOS="1805" HPOS="729"/>
                  <String HEIGHT="66" WIDTH="101" VPOS="1805" HPOS="668" CONTENT="&amp;"/>
                  <SP HEIGHT="66" WIDTH="20" VPOS="1805" HPOS="769"/>
                  <String HEIGHT="66"
                          WIDTH="342"
                          VPOS="1805"
                          HPOS="709"
                          CONTENT="obseruationem"/>
                  <SP HEIGHT="66" WIDTH="20" VPOS="1805" HPOS="1051"/>
                  <String HEIGHT="66"
                          WIDTH="241"
                          VPOS="1805"
                          HPOS="990"
                          CONTENT="filiorum"/>
                  <SP HEIGHT="66" WIDTH="20" VPOS="1805" HPOS="1232"/>
                  <String HEIGHT="66"
                          WIDTH="221"
                          VPOS="1805"
                          HPOS="1171"
                          CONTENT="lsrael,"/>
                  <SP HEIGHT="66" WIDTH="20" VPOS="1805" HPOS="1393"/>
                  <String HEIGHT="66"
                          WIDTH="121"
                          VPOS="1805"
                          HPOS="1332"
                          CONTENT="ut"/>
                  <SP HEIGHT="66" WIDTH="20" VPOS="1805" HPOS="1453"/>
                  <String HEIGHT="66"
                          WIDTH="201"
                          VPOS="1805"
                          HPOS="1393"
                          CONTENT="obeant"/>
                  <SP HEIGHT="66" WIDTH="20" VPOS="1805" HPOS="1594"/>
                  <String HEIGHT="66"
                          WIDTH="262"
                          VPOS="1805"
                          HPOS="1513"
                          CONTENT="ministerium"/>
               </TextLine>
               <TextLine ID="r1l36"
                         BASELINE="1925"
                         HEIGHT="68"
                         WIDTH="1656"
                         VPOS="1857"
                         HPOS="116">
                  <String HEIGHT="68"
                          WIDTH="344"
                          VPOS="1857"
                          HPOS="94"
                          CONTENT="tabernaculi."/>
                  <SP HEIGHT="68" WIDTH="22" VPOS="1857" HPOS="439"/>
                  <String HEIGHT="68"
                          WIDTH="151"
                          VPOS="1857"
                          HPOS="374"
                          CONTENT="Nam"/>
                  <SP HEIGHT="68" WIDTH="22" VPOS="1857" HPOS="525"/>
                  <String HEIGHT="68"
                          WIDTH="344"
                          VPOS="1857"
                          HPOS="460"
                          CONTENT="Tabernaculum"/>
                  <SP HEIGHT="68" WIDTH="22" VPOS="1857" HPOS="804"/>
                  <String HEIGHT="68"
                          WIDTH="151"
                          VPOS="1857"
                          HPOS="740"
                          CONTENT="ita"/>
                  <SP HEIGHT="68" WIDTH="22" VPOS="1857" HPOS="890"/>
                  <String HEIGHT="68"
                          WIDTH="323"
                          VPOS="1857"
                          HPOS="826"
                          CONTENT="constitutum"/>
                  <SP HEIGHT="68" WIDTH="22" VPOS="1857" HPOS="1148"/>
                  <String HEIGHT="68"
                          WIDTH="194"
                          VPOS="1857"
                          HPOS="1084"
                          CONTENT="erat,"/>
                  <SP HEIGHT="68" WIDTH="22" VPOS="1857" HPOS="1277"/>
                  <String HEIGHT="68"
                          WIDTH="129"
                          VPOS="1857"
                          HPOS="1213"
                          CONTENT="ut"/>
                  <SP HEIGHT="68" WIDTH="22" VPOS="1857" HPOS="1342"/>
                  <String HEIGHT="68"
                          WIDTH="215"
                          VPOS="1857"
                          HPOS="1277"
                          CONTENT="posset"/>
                  <SP HEIGHT="68" WIDTH="22" VPOS="1857" HPOS="1492"/>
                  <String HEIGHT="68"
                          WIDTH="129"
                          VPOS="1857"
                          HPOS="1428"
                          CONTENT="ad"/>
                  <SP HEIGHT="68" WIDTH="22" VPOS="1857" HPOS="1557"/>
                  <String HEIGHT="68"
                          WIDTH="301"
                          VPOS="1857"
                          HPOS="1471"
                          CONTENT="profectionem"/>
               </TextLine>
               <TextLine ID="r1l37"
                         BASELINE="1982"
                         HEIGHT="70"
                         WIDTH="1650"
                         VPOS="1912"
                         HPOS="118">
                  <String HEIGHT="70" WIDTH="116" VPOS="1912" HPOS="99" CONTENT="in"/>
                  <SP HEIGHT="70" WIDTH="19" VPOS="1912" HPOS="215"/>
                  <String HEIGHT="70"
                          WIDTH="194"
                          VPOS="1912"
                          HPOS="157"
                          CONTENT="multas"/>
                  <SP HEIGHT="70" WIDTH="19" VPOS="1912" HPOS="351"/>
                  <String HEIGHT="70"
                          WIDTH="233"
                          VPOS="1912"
                          HPOS="293"
                          CONTENT="dissolui"/>
                  <SP HEIGHT="70" WIDTH="19" VPOS="1912" HPOS="526"/>
                  <String HEIGHT="70"
                          WIDTH="214"
                          VPOS="1912"
                          HPOS="467"
                          CONTENT="partes."/>
                  <SP HEIGHT="70" WIDTH="19" VPOS="1912" HPOS="681"/>
                  <String HEIGHT="70"
                          WIDTH="155"
                          VPOS="1912"
                          HPOS="623"
                          CONTENT="Ergo"/>
                  <SP HEIGHT="70" WIDTH="19" VPOS="1912" HPOS="778"/>
                  <String HEIGHT="70"
                          WIDTH="136"
                          VPOS="1912"
                          HPOS="720"
                          CONTENT="cum"/>
                  <SP HEIGHT="70" WIDTH="19" VPOS="1912" HPOS="856"/>
                  <String HEIGHT="70"
                          WIDTH="272"
                          VPOS="1912"
                          HPOS="797"
                          CONTENT="lsraelitae"/>
                  <SP HEIGHT="70" WIDTH="19" VPOS="1912" HPOS="1069"/>
                  <String HEIGHT="70"
                          WIDTH="136"
                          VPOS="1912"
                          HPOS="1011"
                          CONTENT="iam"/>
                  <SP HEIGHT="70" WIDTH="19" VPOS="1912" HPOS="1147"/>
                  <String HEIGHT="70"
                          WIDTH="214"
                          VPOS="1912"
                          HPOS="1089"
                          CONTENT="uellent"/>
                  <SP HEIGHT="70" WIDTH="19" VPOS="1912" HPOS="1302"/>
                  <String HEIGHT="70"
                          WIDTH="194"
                          VPOS="1912"
                          HPOS="1244"
                          CONTENT="mouere"/>
                  <SP HEIGHT="70" WIDTH="19" VPOS="1912" HPOS="1438"/>
                  <String HEIGHT="70"
                          WIDTH="214"
                          VPOS="1912"
                          HPOS="1380"
                          CONTENT="castra,"/>
                  <SP HEIGHT="70" WIDTH="19" VPOS="1912" HPOS="1593"/>
                  <String HEIGHT="70"
                          WIDTH="233"
                          VPOS="1912"
                          HPOS="1535"
                          CONTENT="accessit"/>
                  <SP HEIGHT="70" WIDTH="19" VPOS="1912" HPOS="1768"/>
                  <String HEIGHT="70" WIDTH="78" VPOS="1912" HPOS="1690" CONTENT="Aa"/>
               </TextLine>
               <TextLine ID="r1l38"
                         BASELINE="2029"
                         HEIGHT="61"
                         WIDTH="1647"
                         VPOS="1968"
                         HPOS="115">
                  <String HEIGHT="61" WIDTH="142" VPOS="1968" HPOS="95" CONTENT="ron"/>
                  <SP HEIGHT="61" WIDTH="20" VPOS="1968" HPOS="237"/>
                  <String HEIGHT="61"
                          WIDTH="142"
                          VPOS="1968"
                          HPOS="176"
                          CONTENT="cum"/>
                  <SP HEIGHT="61" WIDTH="20" VPOS="1968" HPOS="318"/>
                  <String HEIGHT="61"
                          WIDTH="224"
                          VPOS="1968"
                          HPOS="257"
                          CONTENT="filijs,"/>
                  <SP HEIGHT="61" WIDTH="20" VPOS="1968" HPOS="481"/>
                  <String HEIGHT="61" WIDTH="102" VPOS="1968" HPOS="420" CONTENT="&amp;"/>
                  <SP HEIGHT="61" WIDTH="20" VPOS="1968" HPOS="522"/>
                  <String HEIGHT="61"
                          WIDTH="183"
                          VPOS="1968"
                          HPOS="461"
                          CONTENT="uelis"/>
                  <SP HEIGHT="61" WIDTH="20" VPOS="1968" HPOS="644"/>
                  <String HEIGHT="61" WIDTH="122" VPOS="1968" HPOS="583" CONTENT="ad"/>
                  <SP HEIGHT="61" WIDTH="20" VPOS="1968" HPOS="705"/>
                  <String HEIGHT="61"
                          WIDTH="142"
                          VPOS="1968"
                          HPOS="644"
                          CONTENT="hoc"/>
                  <SP HEIGHT="61" WIDTH="20" VPOS="1968" HPOS="786"/>
                  <String HEIGHT="61"
                          WIDTH="264"
                          VPOS="1968"
                          HPOS="725"
                          CONTENT="disposits"/>
                  <SP HEIGHT="61" WIDTH="20" VPOS="1968" HPOS="989"/>
                  <String HEIGHT="61"
                          WIDTH="285"
                          VPOS="1968"
                          HPOS="928"
                          CONTENT="inuoluebat"/>
                  <SP HEIGHT="61" WIDTH="20" VPOS="1968" HPOS="1213"/>
                  <String HEIGHT="61"
                          WIDTH="163"
                          VPOS="1968"
                          HPOS="1152"
                          CONTENT="uasa"/>
                  <SP HEIGHT="61" WIDTH="20" VPOS="1968" HPOS="1315"/>
                  <String HEIGHT="61"
                          WIDTH="203"
                          VPOS="1968"
                          HPOS="1254"
                          CONTENT="sacra."/>
                  <SP HEIGHT="61" WIDTH="20" VPOS="1968" HPOS="1457"/>
                  <String HEIGHT="61"
                          WIDTH="224"
                          VPOS="1968"
                          HPOS="1396"
                          CONTENT="Cahitae"/>
                  <SP HEIGHT="61" WIDTH="20" VPOS="1968" HPOS="1620"/>
                  <String HEIGHT="61"
                          WIDTH="224"
                          VPOS="1968"
                          HPOS="1538"
                          CONTENT="portabant"/>
               </TextLine>
               <TextLine ID="r1l39"
                         BASELINE="2099"
                         HEIGHT="76"
                         WIDTH="1637"
                         VPOS="2023"
                         HPOS="122">
                  <String HEIGHT="76"
                          WIDTH="207"
                          VPOS="2023"
                          HPOS="101"
                          CONTENT="arcam,"/>
                  <SP HEIGHT="76" WIDTH="21" VPOS="2023" HPOS="308"/>
                  <String HEIGHT="76"
                          WIDTH="228"
                          VPOS="2023"
                          HPOS="246"
                          CONTENT="mensam,"/>
                  <SP HEIGHT="76" WIDTH="21" VPOS="2023" HPOS="474"/>
                  <String HEIGHT="76"
                          WIDTH="166"
                          VPOS="2023"
                          HPOS="412"
                          CONTENT="aras"/>
                  <SP HEIGHT="76" WIDTH="21" VPOS="2023" HPOS="578"/>
                  <String HEIGHT="76" WIDTH="104" VPOS="2023" HPOS="516" CONTENT="&amp;"/>
                  <SP HEIGHT="76" WIDTH="21" VPOS="2023" HPOS="619"/>
                  <String HEIGHT="76"
                          WIDTH="311"
                          VPOS="2023"
                          HPOS="557"
                          CONTENT="instrumenta"/>
                  <SP HEIGHT="76" WIDTH="21" VPOS="2023" HPOS="868"/>
                  <String HEIGHT="76" WIDTH="124" VPOS="2023" HPOS="806" CONTENT="ad"/>
                  <SP HEIGHT="76" WIDTH="21" VPOS="2023" HPOS="930"/>
                  <String HEIGHT="76"
                          WIDTH="166"
                          VPOS="2023"
                          HPOS="868"
                          CONTENT="ista"/>
                  <SP HEIGHT="76" WIDTH="21" VPOS="2023" HPOS="1034"/>
                  <String HEIGHT="76"
                          WIDTH="332"
                          VPOS="2023"
                          HPOS="972"
                          CONTENT="pertinentia."/>
                  <SP HEIGHT="76" WIDTH="21" VPOS="2023" HPOS="1303"/>
                  <String HEIGHT="76"
                          WIDTH="290"
                          VPOS="2023"
                          HPOS="1241"
                          CONTENT="Gersonitae"/>
                  <SP HEIGHT="76" WIDTH="21" VPOS="2023" HPOS="1531"/>
                  <String HEIGHT="76"
                          WIDTH="249"
                          VPOS="2023"
                          HPOS="1469"
                          CONTENT="curarunt"/>
                  <SP HEIGHT="76" WIDTH="21" VPOS="2023" HPOS="1718"/>
                  <String HEIGHT="76"
                          WIDTH="124"
                          VPOS="2023"
                          HPOS="1635"
                          CONTENT="liga"/>
               </TextLine>
               <TextLine ID="r1l40"
                         BASELINE="2149"
                         HEIGHT="66"
                         WIDTH="1646"
                         VPOS="2083"
                         HPOS="122">
                  <String HEIGHT="66"
                          WIDTH="196"
                          VPOS="2083"
                          HPOS="102"
                          CONTENT="tilia,"/>
                  <SP HEIGHT="66" WIDTH="20" VPOS="2083" HPOS="298"/>
                  <String HEIGHT="66"
                          WIDTH="314"
                          VPOS="2083"
                          HPOS="240"
                          CONTENT="integumenta,"/>
                  <SP HEIGHT="66" WIDTH="20" VPOS="2083" HPOS="553"/>
                  <String HEIGHT="66"
                          WIDTH="196"
                          VPOS="2083"
                          HPOS="494"
                          CONTENT="aulea,"/>
                  <SP HEIGHT="66" WIDTH="20" VPOS="2083" HPOS="690"/>
                  <String HEIGHT="66"
                          WIDTH="235"
                          VPOS="2083"
                          HPOS="631"
                          CONTENT="tapetia,"/>
                  <SP HEIGHT="66" WIDTH="20" VPOS="2083" HPOS="867"/>
                  <String HEIGHT="66"
                          WIDTH="157"
                          VPOS="2083"
                          HPOS="808"
                          CONTENT="uela"/>
                  <SP HEIGHT="66" WIDTH="20" VPOS="2083" HPOS="965"/>
                  <String HEIGHT="66" WIDTH="98" VPOS="2083" HPOS="906" CONTENT="&amp;"/>
                  <SP HEIGHT="66" WIDTH="20" VPOS="2083" HPOS="1004"/>
                  <String HEIGHT="66"
                          WIDTH="196"
                          VPOS="2083"
                          HPOS="945"
                          CONTENT="funes."/>
                  <SP HEIGHT="66" WIDTH="20" VPOS="2083" HPOS="1141"/>
                  <String HEIGHT="66"
                          WIDTH="255"
                          VPOS="2083"
                          HPOS="1082"
                          CONTENT="Meraritae"/>
                  <SP HEIGHT="66" WIDTH="20" VPOS="2083" HPOS="1337"/>
                  <String HEIGHT="66"
                          WIDTH="255"
                          VPOS="2083"
                          HPOS="1278"
                          CONTENT="portabant"/>
                  <SP HEIGHT="66" WIDTH="20" VPOS="2083" HPOS="1533"/>
                  <String HEIGHT="66"
                          WIDTH="216"
                          VPOS="2083"
                          HPOS="1474"
                          CONTENT="duriora"/>
                  <SP HEIGHT="66" WIDTH="20" VPOS="2083" HPOS="1690"/>
                  <String HEIGHT="66"
                          WIDTH="118"
                          VPOS="2083"
                          HPOS="1631"
                          CONTENT="ex"/>
                  <SP HEIGHT="66" WIDTH="20" VPOS="2083" HPOS="1748"/>
                  <String HEIGHT="66"
                          WIDTH="98"
                          VPOS="2083"
                          HPOS="1670"
                          CONTENT="li"
                          SUBS_TYPE="HypPart1"
                          SUBS_CONTENT="ligno"/>
                  <HYP CONTENT="-"/>
               </TextLine>
               <TextLine ID="r1l41"
                         BASELINE="2211"
                         HEIGHT="70"
                         WIDTH="1635"
                         VPOS="2141"
                         HPOS="127">
                  <String HEIGHT="70"
                          WIDTH="135"
                          VPOS="2141"
                          HPOS="108"
                          CONTENT="gno"
                          SUBS_TYPE="HypPart2"
                          SUBS_CONTENT="ligno"/>
                  <SP HEIGHT="70" WIDTH="19" VPOS="2141" HPOS="242"/>
                  <String HEIGHT="70" WIDTH="96" VPOS="2141" HPOS="185" CONTENT="&amp;"/>
                  <SP HEIGHT="70" WIDTH="19" VPOS="2141" HPOS="281"/>
                  <String HEIGHT="70"
                          WIDTH="173"
                          VPOS="2141"
                          HPOS="223"
                          CONTENT="aere,"/>
                  <SP HEIGHT="70" WIDTH="19" VPOS="2141" HPOS="396"/>
                  <String HEIGHT="70"
                          WIDTH="250"
                          VPOS="2141"
                          HPOS="339"
                          CONTENT="columnas,"/>
                  <SP HEIGHT="70" WIDTH="19" VPOS="2141" HPOS="589"/>
                  <String HEIGHT="70"
                          WIDTH="212"
                          VPOS="2141"
                          HPOS="531"
                          CONTENT="uectes,"/>
                  <SP HEIGHT="70" WIDTH="19" VPOS="2141" HPOS="743"/>
                  <String HEIGHT="70"
                          WIDTH="192"
                          VPOS="2141"
                          HPOS="685"
                          CONTENT="palos,"/>
                  <SP HEIGHT="70" WIDTH="19" VPOS="2141" HPOS="877"/>
                  <String HEIGHT="70"
                          WIDTH="231"
                          VPOS="2141"
                          HPOS="819"
                          CONTENT="asseres."/>
                  <SP HEIGHT="70" WIDTH="19" VPOS="2141" HPOS="1050"/>
                  <String HEIGHT="70"
                          WIDTH="154"
                          VPOS="2141"
                          HPOS="993"
                          CONTENT="Quae"/>
                  <SP HEIGHT="70" WIDTH="19" VPOS="2141" HPOS="1146"/>
                  <String HEIGHT="70"
                          WIDTH="135"
                          VPOS="2141"
                          HPOS="1089"
                          CONTENT="qui"/>
                  <SP HEIGHT="70" WIDTH="19" VPOS="2141" HPOS="1223"/>
                  <String HEIGHT="70"
                          WIDTH="231"
                          VPOS="2141"
                          HPOS="1166"
                          CONTENT="exactius"/>
                  <SP HEIGHT="70" WIDTH="19" VPOS="2141" HPOS="1397"/>
                  <String HEIGHT="70"
                          WIDTH="289"
                          VPOS="2141"
                          HPOS="1339"
                          CONTENT="intelligere"/>
                  <SP HEIGHT="70" WIDTH="19" VPOS="2141" HPOS="1627"/>
                  <String HEIGHT="70"
                          WIDTH="192"
                          VPOS="2141"
                          HPOS="1570"
                          CONTENT="cupit,"/>
                  <SP HEIGHT="70" WIDTH="19" VPOS="2141" HPOS="1762"/>
                  <String HEIGHT="70" WIDTH="77" VPOS="2141" HPOS="1685" CONTENT="Ie"/>
               </TextLine>
               <TextLine ID="r1l42"
                         BASELINE="2268"
                         HEIGHT="70"
                         WIDTH="1635"
                         VPOS="2198"
                         HPOS="124">
                  <String HEIGHT="70"
                          WIDTH="143"
                          VPOS="2198"
                          HPOS="104"
                          CONTENT="gat"/>
                  <SP HEIGHT="70" WIDTH="20" VPOS="2198" HPOS="247"/>
                  <String HEIGHT="70" WIDTH="123" VPOS="2198" HPOS="185" CONTENT="3."/>
                  <SP HEIGHT="70" WIDTH="20" VPOS="2198" HPOS="308"/>
                  <String HEIGHT="70" WIDTH="102" VPOS="2198" HPOS="247" CONTENT="&amp;"/>
                  <SP HEIGHT="70" WIDTH="20" VPOS="2198" HPOS="349"/>
                  <String HEIGHT="70" WIDTH="123" VPOS="2198" HPOS="288" CONTENT="4."/>
                  <SP HEIGHT="70" WIDTH="20" VPOS="2198" HPOS="410"/>
                  <String HEIGHT="70"
                          WIDTH="164"
                          VPOS="2198"
                          HPOS="349"
                          CONTENT="cap."/>
                  <SP HEIGHT="70" WIDTH="20" VPOS="2198" HPOS="512"/>
                  <String HEIGHT="70"
                          WIDTH="184"
                          VPOS="2198"
                          HPOS="451"
                          CONTENT="libri"/>
                  <SP HEIGHT="70" WIDTH="20" VPOS="2198" HPOS="635"/>
                  <String HEIGHT="70"
                          WIDTH="286"
                          VPOS="2198"
                          HPOS="574"
                          CONTENT="Numerorum."/>
                  <SP HEIGHT="70" WIDTH="20" VPOS="2198" HPOS="860"/>
                  <String HEIGHT="70"
                          WIDTH="245"
                          VPOS="2198"
                          HPOS="798"
                          CONTENT="Extructo"/>
                  <SP HEIGHT="70" WIDTH="20" VPOS="2198" HPOS="1044"/>
                  <String HEIGHT="70"
                          WIDTH="204"
                          VPOS="2198"
                          HPOS="982"
                          CONTENT="templo"/>
                  <SP HEIGHT="70" WIDTH="20" VPOS="2198" HPOS="1187"/>
                  <String HEIGHT="70"
                          WIDTH="266"
                          VPOS="2198"
                          HPOS="1125"
                          CONTENT="ianitotes"/>
                  <SP HEIGHT="70" WIDTH="20" VPOS="2198" HPOS="1391"/>
                  <String HEIGHT="70"
                          WIDTH="123"
                          VPOS="2198"
                          HPOS="1330"
                          CONTENT="ex"/>
                  <SP HEIGHT="70" WIDTH="20" VPOS="2198" HPOS="1452"/>
                  <String HEIGHT="70"
                          WIDTH="225"
                          VPOS="2198"
                          HPOS="1391"
                          CONTENT="Leuitis"/>
                  <SP HEIGHT="70" WIDTH="20" VPOS="2198" HPOS="1616"/>
                  <String HEIGHT="70"
                          WIDTH="225"
                          VPOS="2198"
                          HPOS="1534"
                          CONTENT="templique"/>
               </TextLine>
               <TextLine ID="r1l44"
                         BASELINE="2309"
                         HEIGHT="63"
                         WIDTH="1645"
                         VPOS="2246"
                         HPOS="124">
                  <String HEIGHT="63"
                          WIDTH="256"
                          VPOS="2246"
                          HPOS="103"
                          CONTENT="custodes"/>
                  <SP HEIGHT="63" WIDTH="21" VPOS="2246" HPOS="359"/>
                  <String HEIGHT="63"
                          WIDTH="256"
                          VPOS="2246"
                          HPOS="295"
                          CONTENT="ordinati"/>
                  <SP HEIGHT="63" WIDTH="21" VPOS="2246" HPOS="551"/>
                  <String HEIGHT="63"
                          WIDTH="192"
                          VPOS="2246"
                          HPOS="487"
                          CONTENT="sunt."/>
                  <SP HEIGHT="63" WIDTH="21" VPOS="2246" HPOS="679"/>
                  <String HEIGHT="63"
                          WIDTH="150"
                          VPOS="2246"
                          HPOS="615"
                          CONTENT="Sed"/>
                  <SP HEIGHT="63" WIDTH="21" VPOS="2246" HPOS="765"/>
                  <String HEIGHT="63" WIDTH="107" VPOS="2246" HPOS="701" CONTENT="&amp;"/>
                  <SP HEIGHT="63" WIDTH="21" VPOS="2246" HPOS="808"/>
                  <String HEIGHT="63"
                          WIDTH="192"
                          VPOS="2246"
                          HPOS="744"
                          CONTENT="Tubae"/>
                  <SP HEIGHT="63" WIDTH="21" VPOS="2246" HPOS="936"/>
                  <String HEIGHT="63"
                          WIDTH="214"
                          VPOS="2246"
                          HPOS="872"
                          CONTENT="quibus"/>
                  <SP HEIGHT="63" WIDTH="21" VPOS="2246" HPOS="1085"/>
                  <String HEIGHT="63"
                          WIDTH="342"
                          VPOS="2246"
                          HPOS="1021"
                          CONTENT="conuocabatur"/>
                  <SP HEIGHT="63" WIDTH="21" VPOS="2246" HPOS="1363"/>
                  <String HEIGHT="63"
                          WIDTH="235"
                          VPOS="2246"
                          HPOS="1299"
                          CONTENT="coetus,"/>
                  <SP HEIGHT="63" WIDTH="21" VPOS="2246" HPOS="1534"/>
                  <String HEIGHT="63"
                          WIDTH="192"
                          VPOS="2246"
                          HPOS="1470"
                          CONTENT="erant"/>
                  <SP HEIGHT="63" WIDTH="21" VPOS="2246" HPOS="1662"/>
                  <String HEIGHT="63"
                          WIDTH="128"
                          VPOS="2246"
                          HPOS="1598"
                          CONTENT="in"/>
                  <SP HEIGHT="63" WIDTH="21" VPOS="2246" HPOS="1726"/>
                  <String HEIGHT="63"
                          WIDTH="128"
                          VPOS="2246"
                          HPOS="1641"
                          CONTENT="mani"/>
               </TextLine>
               <TextLine ID="r1l46"
                         BASELINE="2376"
                         HEIGHT="80"
                         WIDTH="1628"
                         VPOS="2296"
                         HPOS="125">
                  <String HEIGHT="80"
                          WIDTH="144"
                          VPOS="2296"
                          HPOS="104"
                          CONTENT="bus"/>
                  <SP HEIGHT="80" WIDTH="21" VPOS="2296" HPOS="249"/>
                  <String HEIGHT="80"
                          WIDTH="309"
                          VPOS="2296"
                          HPOS="187"
                          CONTENT="sacerdotum."/>
                  <SP HEIGHT="80" WIDTH="21" VPOS="2296" HPOS="496"/>
                  <String HEIGHT="80" WIDTH="124" VPOS="2296" HPOS="434" CONTENT="De"/>
                  <SP HEIGHT="80" WIDTH="21" VPOS="2296" HPOS="558"/>
                  <String HEIGHT="80"
                          WIDTH="144"
                          VPOS="2296"
                          HPOS="496"
                          CONTENT="qua"/>
                  <SP HEIGHT="80" WIDTH="21" VPOS="2296" HPOS="640"/>
                  <String HEIGHT="80" WIDTH="124" VPOS="2296" HPOS="578" CONTENT="re"/>
                  <SP HEIGHT="80" WIDTH="21" VPOS="2296" HPOS="702"/>
                  <String HEIGHT="80"
                          WIDTH="227"
                          VPOS="2296"
                          HPOS="640"
                          CONTENT="legitur"/>
                  <SP HEIGHT="80" WIDTH="21" VPOS="2296" HPOS="867"/>
                  <String HEIGHT="80"
                          WIDTH="165"
                          VPOS="2296"
                          HPOS="805"
                          CONTENT="Num."/>
                  <SP HEIGHT="80" WIDTH="21" VPOS="2296" HPOS="970"/>
                  <String HEIGHT="80"
                          WIDTH="165"
                          VPOS="2296"
                          HPOS="908"
                          CONTENT="cap."/>
                  <SP HEIGHT="80" WIDTH="21" VPOS="2296" HPOS="1073"/>
                  <String HEIGHT="80"
                          WIDTH="144"
                          VPOS="2296"
                          HPOS="1011"
                          CONTENT="10."/>
                  <SP HEIGHT="80" WIDTH="21" VPOS="2296" HPOS="1155"/>
                  <String HEIGHT="80"
                          WIDTH="330"
                          VPOS="2296"
                          HPOS="1094"
                          CONTENT="Adhibebantur"/>
                  <SP HEIGHT="80" WIDTH="21" VPOS="2296" HPOS="1423"/>
                  <String HEIGHT="80"
                          WIDTH="185"
                          VPOS="2296"
                          HPOS="1361"
                          CONTENT="etiam"/>
                  <SP HEIGHT="80" WIDTH="21" VPOS="2296" HPOS="1547"/>
                  <String HEIGHT="80"
                          WIDTH="185"
                          VPOS="2296"
                          HPOS="1485"
                          CONTENT="Bello"/>
                  <SP HEIGHT="80" WIDTH="21" VPOS="2296" HPOS="1671"/>
                  <String HEIGHT="80"
                          WIDTH="165"
                          VPOS="2296"
                          HPOS="1588"
                          CONTENT="sacer"
                          SUBS_TYPE="HypPart1"
                          SUBS_CONTENT="sacerdotes:"/>
                  <HYP CONTENT="-"/>
               </TextLine>
               <TextLine ID="r1l48"
                         BASELINE="2435"
                         HEIGHT="82"
                         WIDTH="1641"
                         VPOS="2353"
                         HPOS="119">
                  <String HEIGHT="82"
                          WIDTH="198"
                          VPOS="2353"
                          HPOS="99"
                          CONTENT="dotes:"
                          SUBS_TYPE="HypPart2"
                          SUBS_CONTENT="sacerdotes:"/>
                  <SP HEIGHT="82" WIDTH="20" VPOS="2353" HPOS="297"/>
                  <String HEIGHT="82"
                          WIDTH="178"
                          VPOS="2353"
                          HPOS="238"
                          CONTENT="sicut"/>
                  <SP HEIGHT="82" WIDTH="20" VPOS="2353" HPOS="416"/>
                  <String HEIGHT="82"
                          WIDTH="198"
                          VPOS="2353"
                          HPOS="356"
                          CONTENT="uidere"/>
                  <SP HEIGHT="82" WIDTH="20" VPOS="2353" HPOS="554"/>
                  <String HEIGHT="82"
                          WIDTH="138"
                          VPOS="2353"
                          HPOS="495"
                          CONTENT="est"/>
                  <SP HEIGHT="82" WIDTH="20" VPOS="2353" HPOS="633"/>
                  <String HEIGHT="82"
                          WIDTH="178"
                          VPOS="2353"
                          HPOS="574"
                          CONTENT="Deut."/>
                  <SP HEIGHT="82" WIDTH="20" VPOS="2353" HPOS="752"/>
                  <String HEIGHT="82"
                          WIDTH="138"
                          VPOS="2353"
                          HPOS="692"
                          CONTENT="20."/>
                  <SP HEIGHT="82" WIDTH="20" VPOS="2353" HPOS="831"/>
                  <String HEIGHT="82"
                          WIDTH="158"
                          VPOS="2353"
                          HPOS="771"
                          CONTENT="cap."/>
                  <SP HEIGHT="82" WIDTH="20" VPOS="2353" HPOS="930"/>
                  <String HEIGHT="82"
                          WIDTH="217"
                          VPOS="2353"
                          HPOS="870"
                          CONTENT="Dominus"/>
                  <SP HEIGHT="82" WIDTH="20" VPOS="2353" HPOS="1088"/>
                  <String HEIGHT="82"
                          WIDTH="158"
                          VPOS="2353"
                          HPOS="1028"
                          CONTENT="enim"/>
                  <SP HEIGHT="82" WIDTH="20" VPOS="2353" HPOS="1187"/>
                  <String HEIGHT="82"
                          WIDTH="198"
                          VPOS="2353"
                          HPOS="1127"
                          CONTENT="noluit"/>
                  <SP HEIGHT="82" WIDTH="20" VPOS="2353" HPOS="1325"/>
                  <String HEIGHT="82"
                          WIDTH="198"
                          VPOS="2353"
                          HPOS="1266"
                          CONTENT="silere"/>
                  <SP HEIGHT="82" WIDTH="20" VPOS="2353" HPOS="1463"/>
                  <String HEIGHT="82"
                          WIDTH="178"
                          VPOS="2353"
                          HPOS="1404"
                          CONTENT="leges"/>
                  <SP HEIGHT="82" WIDTH="20" VPOS="2353" HPOS="1582"/>
                  <String HEIGHT="82"
                          WIDTH="178"
                          VPOS="2353"
                          HPOS="1523"
                          CONTENT="inter"/>
                  <SP HEIGHT="82" WIDTH="20" VPOS="2353" HPOS="1701"/>
                  <String HEIGHT="82"
                          WIDTH="138"
                          VPOS="2353"
                          HPOS="1622"
                          CONTENT="arma,"/>
               </TextLine>
               <TextLine ID="r1l50"
                         BASELINE="2486"
                         HEIGHT="77"
                         WIDTH="1262"
                         VPOS="2409"
                         HPOS="125">
                  <String HEIGHT="77"
                          WIDTH="140"
                          VPOS="2409"
                          HPOS="105"
                          CONTENT="imo"/>
                  <SP HEIGHT="77" WIDTH="20" VPOS="2409" HPOS="245"/>
                  <String HEIGHT="77"
                          WIDTH="260"
                          VPOS="2409"
                          HPOS="185"
                          CONTENT="uictorias"/>
                  <SP HEIGHT="77" WIDTH="20" VPOS="2409" HPOS="446"/>
                  <String HEIGHT="77"
                          WIDTH="200"
                          VPOS="2409"
                          HPOS="385"
                          CONTENT="maxime"/>
                  <SP HEIGHT="77" WIDTH="20" VPOS="2409" HPOS="586"/>
                  <String HEIGHT="77"
                          WIDTH="200"
                          VPOS="2409"
                          HPOS="526"
                          CONTENT="refert"/>
                  <SP HEIGHT="77" WIDTH="20" VPOS="2409" HPOS="726"/>
                  <String HEIGHT="77" WIDTH="120" VPOS="2409" HPOS="666" CONTENT="ad"/>
                  <SP HEIGHT="77" WIDTH="20" VPOS="2409" HPOS="786"/>
                  <String HEIGHT="77"
                          WIDTH="240"
                          VPOS="2409"
                          HPOS="726"
                          CONTENT="pietatem"/>
                  <SP HEIGHT="77" WIDTH="20" VPOS="2409" HPOS="966"/>
                  <String HEIGHT="77"
                          WIDTH="280"
                          VPOS="2409"
                          HPOS="906"
                          CONTENT="studiumque"/>
                  <SP HEIGHT="77" WIDTH="20" VPOS="2409" HPOS="1187"/>
                  <String HEIGHT="77"
                          WIDTH="300"
                          VPOS="2409"
                          HPOS="1127"
                          CONTENT="religionis."/>
                  <SP HEIGHT="77" WIDTH="20" VPOS="2409" HPOS="1427"/>
                  <String HEIGHT="77" WIDTH="40" VPOS="2409" HPOS="1347" CONTENT=""/>
               </TextLine>
               <TextLine ID="line_1592940936506_1336"
                         BASELINE="2541"
                         HEIGHT="79"
                         WIDTH="1573"
                         VPOS="2462"
                         HPOS="197">
                  <String HEIGHT="79"
                          WIDTH="149"
                          VPOS="2462"
                          HPOS="176"
                          CONTENT="His"/>
                  <SP HEIGHT="79" WIDTH="21" VPOS="2462" HPOS="325"/>
                  <String HEIGHT="79"
                          WIDTH="255"
                          VPOS="2462"
                          HPOS="261"
                          CONTENT="accessit"/>
                  <SP HEIGHT="79" WIDTH="21" VPOS="2462" HPOS="516"/>
                  <String HEIGHT="79" WIDTH="106" VPOS="2462" HPOS="452" CONTENT="&amp;"/>
                  <SP HEIGHT="79" WIDTH="21" VPOS="2462" HPOS="558"/>
                  <String HEIGHT="79"
                          WIDTH="191"
                          VPOS="2462"
                          HPOS="495"
                          CONTENT="aliud"/>
                  <SP HEIGHT="79" WIDTH="21" VPOS="2462" HPOS="686"/>
                  <String HEIGHT="79"
                          WIDTH="255"
                          VPOS="2462"
                          HPOS="622"
                          CONTENT="officium"/>
                  <SP HEIGHT="79" WIDTH="21" VPOS="2462" HPOS="877"/>
                  <String HEIGHT="79"
                          WIDTH="340"
                          VPOS="2462"
                          HPOS="813"
                          CONTENT="sacerdotale,"/>
                  <SP HEIGHT="79" WIDTH="21" VPOS="2462" HPOS="1154"/>
                  <String HEIGHT="79"
                          WIDTH="191"
                          VPOS="2462"
                          HPOS="1090"
                          CONTENT="nempe"/>
                  <SP HEIGHT="79" WIDTH="21" VPOS="2462" HPOS="1281"/>
                  <String HEIGHT="79"
                          WIDTH="255"
                          VPOS="2462"
                          HPOS="1217"
                          CONTENT="iudicare"/>
                  <SP HEIGHT="79" WIDTH="21" VPOS="2462" HPOS="1472"/>
                  <String HEIGHT="79"
                          WIDTH="191"
                          VPOS="2462"
                          HPOS="1409"
                          CONTENT="inter"/>
                  <SP HEIGHT="79" WIDTH="21" VPOS="2462" HPOS="1600"/>
                  <String HEIGHT="79"
                          WIDTH="234"
                          VPOS="2462"
                          HPOS="1536"
                          CONTENT="caussam"/>
                  <SP HEIGHT="79" WIDTH="21" VPOS="2462" HPOS="1770"/>
                  <String HEIGHT="79" WIDTH="106" VPOS="2462" HPOS="1706" CONTENT="&amp;"/>
                  <SP HEIGHT="79" WIDTH="21" VPOS="2462" HPOS="1813"/>
                  <String HEIGHT="79" WIDTH="43" VPOS="2462" HPOS="1727" CONTENT=""/>
               </TextLine>
               <TextLine ID="r1l53"
                         BASELINE="2590"
                         HEIGHT="72"
                         WIDTH="1643"
                         VPOS="2518"
                         HPOS="116">
                  <String HEIGHT="72"
                          WIDTH="259"
                          VPOS="2518"
                          HPOS="94"
                          CONTENT="caussam,"/>
                  <SP HEIGHT="72" WIDTH="22" VPOS="2518" HPOS="354"/>
                  <String HEIGHT="72"
                          WIDTH="195"
                          VPOS="2518"
                          HPOS="289"
                          CONTENT="inter"/>
                  <SP HEIGHT="72" WIDTH="22" VPOS="2518" HPOS="484"/>
                  <String HEIGHT="72"
                          WIDTH="216"
                          VPOS="2518"
                          HPOS="419"
                          CONTENT="mundum"/>
                  <SP HEIGHT="72" WIDTH="22" VPOS="2518" HPOS="635"/>
                  <String HEIGHT="72" WIDTH="108" VPOS="2518" HPOS="570" CONTENT="&amp;"/>
                  <SP HEIGHT="72" WIDTH="22" VPOS="2518" HPOS="678"/>
                  <String HEIGHT="72"
                          WIDTH="281"
                          VPOS="2518"
                          HPOS="613"
                          CONTENT="immundum."/>
                  <SP HEIGHT="72" WIDTH="22" VPOS="2518" HPOS="894"/>
                  <String HEIGHT="72"
                          WIDTH="259"
                          VPOS="2518"
                          HPOS="829"
                          CONTENT="Vtrunque"/>
                  <SP HEIGHT="72" WIDTH="22" VPOS="2518" HPOS="1089"/>
                  <String HEIGHT="72"
                          WIDTH="216"
                          VPOS="2518"
                          HPOS="1024"
                          CONTENT="fusius"/>
                  <SP HEIGHT="72" WIDTH="22" VPOS="2518" HPOS="1240"/>
                  <String HEIGHT="72"
                          WIDTH="324"
                          VPOS="2518"
                          HPOS="1175"
                          CONTENT="describitur"/>
                  <SP HEIGHT="72" WIDTH="22" VPOS="2518" HPOS="1500"/>
                  <String HEIGHT="72"
                          WIDTH="195"
                          VPOS="2518"
                          HPOS="1435"
                          CONTENT="Deut."/>
                  <SP HEIGHT="72" WIDTH="22" VPOS="2518" HPOS="1629"/>
                  <String HEIGHT="72"
                          WIDTH="151"
                          VPOS="2518"
                          HPOS="1564"
                          CONTENT="17."/>
                  <SP HEIGHT="72" WIDTH="22" VPOS="2518" HPOS="1716"/>
                  <String HEIGHT="72" WIDTH="108" VPOS="2518" HPOS="1651" CONTENT="&amp;"/>
                  <SP HEIGHT="72" WIDTH="22" VPOS="2518" HPOS="1759"/>
                  <String HEIGHT="72" WIDTH="86" VPOS="2518" HPOS="1673" CONTENT="Le"/>
               </TextLine>
               <TextLine ID="r1l54"
                         BASELINE="2650"
                         HEIGHT="68"
                         WIDTH="1639"
                         VPOS="2582"
                         HPOS="120">
                  <String HEIGHT="68"
                          WIDTH="158"
                          VPOS="2582"
                          HPOS="100"
                          CONTENT="uit."/>
                  <SP HEIGHT="68" WIDTH="20" VPOS="2582" HPOS="258"/>
                  <String HEIGHT="68"
                          WIDTH="138"
                          VPOS="2582"
                          HPOS="199"
                          CONTENT="13."/>
                  <SP HEIGHT="68" WIDTH="20" VPOS="2582" HPOS="337"/>
                  <String HEIGHT="68" WIDTH="99" VPOS="2582" HPOS="278" CONTENT="&amp;"/>
                  <SP HEIGHT="68" WIDTH="20" VPOS="2582" HPOS="377"/>
                  <String HEIGHT="68"
                          WIDTH="138"
                          VPOS="2582"
                          HPOS="317"
                          CONTENT="14."/>
                  <SP HEIGHT="68" WIDTH="20" VPOS="2582" HPOS="456"/>
                  <String HEIGHT="68"
                          WIDTH="138"
                          VPOS="2582"
                          HPOS="396"
                          CONTENT="Nam"/>
                  <SP HEIGHT="68" WIDTH="20" VPOS="2582" HPOS="535"/>
                  <String HEIGHT="68"
                          WIDTH="197"
                          VPOS="2582"
                          HPOS="475"
                          CONTENT="exorta"/>
                  <SP HEIGHT="68" WIDTH="20" VPOS="2582" HPOS="673"/>
                  <String HEIGHT="68"
                          WIDTH="197"
                          VPOS="2582"
                          HPOS="614"
                          CONTENT="caussa"/>
                  <SP HEIGHT="68" WIDTH="20" VPOS="2582" HPOS="811"/>
                  <String HEIGHT="68"
                          WIDTH="197"
                          VPOS="2582"
                          HPOS="752"
                          CONTENT="aliqua"/>
                  <SP HEIGHT="68" WIDTH="20" VPOS="2582" HPOS="949"/>
                  <String HEIGHT="68"
                          WIDTH="336"
                          VPOS="2582"
                          HPOS="890"
                          CONTENT="difficiliore,"/>
                  <SP HEIGHT="68" WIDTH="20" VPOS="2582" HPOS="1226"/>
                  <String HEIGHT="68"
                          WIDTH="296"
                          VPOS="2582"
                          HPOS="1167"
                          CONTENT="referebatur"/>
                  <SP HEIGHT="68" WIDTH="20" VPOS="2582" HPOS="1463"/>
                  <String HEIGHT="68"
                          WIDTH="118"
                          VPOS="2582"
                          HPOS="1404"
                          CONTENT="ea"/>
                  <SP HEIGHT="68" WIDTH="20" VPOS="2582" HPOS="1522"/>
                  <String HEIGHT="68"
                          WIDTH="118"
                          VPOS="2582"
                          HPOS="1463"
                          CONTENT="ad"/>
                  <SP HEIGHT="68" WIDTH="20" VPOS="2582" HPOS="1581"/>
                  <String HEIGHT="68"
                          WIDTH="257"
                          VPOS="2582"
                          HPOS="1502"
                          CONTENT="metropolim:"/>
               </TextLine>
               <TextLine ID="r1l55"
                         BASELINE="2715"
                         HEIGHT="81"
                         WIDTH="1637"
                         VPOS="2634"
                         HPOS="120">
                  <String HEIGHT="81" WIDTH="96" VPOS="2634" HPOS="101" CONTENT="&amp;"/>
                  <SP HEIGHT="81" WIDTH="19" VPOS="2634" HPOS="197"/>
                  <String HEIGHT="81" WIDTH="116" VPOS="2634" HPOS="139" CONTENT="si"/>
                  <SP HEIGHT="81" WIDTH="19" VPOS="2634" HPOS="255"/>
                  <String HEIGHT="81"
                          WIDTH="154"
                          VPOS="2634"
                          HPOS="197"
                          CONTENT="quis"/>
                  <SP HEIGHT="81" WIDTH="19" VPOS="2634" HPOS="351"/>
                  <String HEIGHT="81" WIDTH="116" VPOS="2634" HPOS="293" CONTENT="de"/>
                  <SP HEIGHT="81" WIDTH="19" VPOS="2634" HPOS="409"/>
                  <String HEIGHT="81"
                          WIDTH="173"
                          VPOS="2634"
                          HPOS="351"
                          CONTENT="lepra"/>
                  <SP HEIGHT="81" WIDTH="19" VPOS="2634" HPOS="524"/>
                  <String HEIGHT="81"
                          WIDTH="212"
                          VPOS="2634"
                          HPOS="467"
                          CONTENT="fuisset"/>
                  <SP HEIGHT="81" WIDTH="19" VPOS="2634" HPOS="679"/>
                  <String HEIGHT="81"
                          WIDTH="270"
                          VPOS="2634"
                          HPOS="621"
                          CONTENT="suspectus,"/>
                  <SP HEIGHT="81" WIDTH="19" VPOS="2634" HPOS="890"/>
                  <String HEIGHT="81"
                          WIDTH="270"
                          VPOS="2634"
                          HPOS="833"
                          CONTENT="iudicabant"/>
                  <SP HEIGHT="81" WIDTH="19" VPOS="2634" HPOS="1102"/>
                  <String HEIGHT="81"
                          WIDTH="116"
                          VPOS="2634"
                          HPOS="1044"
                          CONTENT="de"/>
                  <SP HEIGHT="81" WIDTH="19" VPOS="2634" HPOS="1160"/>
                  <String HEIGHT="81"
                          WIDTH="193"
                          VPOS="2634"
                          HPOS="1102"
                          CONTENT="morbo,"/>
                  <SP HEIGHT="81" WIDTH="19" VPOS="2634" HPOS="1295"/>
                  <String HEIGHT="81"
                          WIDTH="173"
                          VPOS="2634"
                          HPOS="1237"
                          CONTENT="iuxta"/>
                  <SP HEIGHT="81" WIDTH="19" VPOS="2634" HPOS="1410"/>
                  <String HEIGHT="81"
                          WIDTH="173"
                          VPOS="2634"
                          HPOS="1353"
                          CONTENT="leges"/>
                  <SP HEIGHT="81" WIDTH="19" VPOS="2634" HPOS="1526"/>
                  <String HEIGHT="81"
                          WIDTH="327"
                          VPOS="2634"
                          HPOS="1468"
                          CONTENT="praescriptas,"/>
                  <SP HEIGHT="81" WIDTH="19" VPOS="2634" HPOS="1796"/>
                  <String HEIGHT="81" WIDTH="39" VPOS="2634" HPOS="1718" CONTENT=""/>
               </TextLine>
               <TextLine ID="r1l56"
                         BASELINE="2768"
                         HEIGHT="83"
                         WIDTH="1643"
                         VPOS="2685"
                         HPOS="113">
                  <String HEIGHT="83"
                          WIDTH="246"
                          VPOS="2685"
                          HPOS="92"
                          CONTENT="Leuitici"/>
                  <SP HEIGHT="83" WIDTH="21" VPOS="2685" HPOS="339"/>
                  <String HEIGHT="83"
                          WIDTH="308"
                          VPOS="2685"
                          HPOS="277"
                          CONTENT="sacerdotes."/>
                  <SP HEIGHT="83" WIDTH="21" VPOS="2685" HPOS="585"/>
                  <String HEIGHT="83" WIDTH="123" VPOS="2685" HPOS="524" CONTENT="Et"/>
                  <SP HEIGHT="83" WIDTH="21" VPOS="2685" HPOS="647"/>
                  <String HEIGHT="83"
                          WIDTH="246"
                          VPOS="2685"
                          HPOS="585"
                          CONTENT="hactenus"/>
                  <SP HEIGHT="83" WIDTH="21" VPOS="2685" HPOS="832"/>
                  <String HEIGHT="83"
                          WIDTH="205"
                          VPOS="2685"
                          HPOS="770"
                          CONTENT="quidem"/>
                  <SP HEIGHT="83" WIDTH="21" VPOS="2685" HPOS="976"/>
                  <String HEIGHT="83" WIDTH="123" VPOS="2685" HPOS="914" CONTENT="in"/>
                  <SP HEIGHT="83" WIDTH="21" VPOS="2685" HPOS="1037"/>
                  <String HEIGHT="83"
                          WIDTH="205"
                          VPOS="2685"
                          HPOS="976"
                          CONTENT="arctum"/>
                  <SP HEIGHT="83" WIDTH="21" VPOS="2685" HPOS="1181"/>
                  <String HEIGHT="83"
                          WIDTH="288"
                          VPOS="2685"
                          HPOS="1119"
                          CONTENT="constrinxi"/>
                  <SP HEIGHT="83" WIDTH="21" VPOS="2685" HPOS="1407"/>
                  <String HEIGHT="83"
                          WIDTH="308"
                          VPOS="2685"
                          HPOS="1345"
                          CONTENT="sacerdotale"/>
                  <SP HEIGHT="83" WIDTH="21" VPOS="2685" HPOS="1653"/>
                  <String HEIGHT="83"
                          WIDTH="185"
                          VPOS="2685"
                          HPOS="1571"
                          CONTENT="ueteris"/>
               </TextLine>
               <TextLine ID="r1l57"
                         BASELINE="2819"
                         HEIGHT="66"
                         WIDTH="1647"
                         VPOS="2753"
                         HPOS="115">
                  <String HEIGHT="66"
                          WIDTH="217"
                          VPOS="2753"
                          HPOS="93"
                          CONTENT="populi"/>
                  <SP HEIGHT="66" WIDTH="22" VPOS="2753" HPOS="310"/>
                  <String HEIGHT="66"
                          WIDTH="282"
                          VPOS="2753"
                          HPOS="245"
                          CONTENT="officium,"/>
                  <SP HEIGHT="66" WIDTH="22" VPOS="2753" HPOS="527"/>
                  <String HEIGHT="66"
                          WIDTH="303"
                          VPOS="2753"
                          HPOS="462"
                          CONTENT="potissimas"/>
                  <SP HEIGHT="66" WIDTH="22" VPOS="2753" HPOS="765"/>
                  <String HEIGHT="66"
                          WIDTH="217"
                          VPOS="2753"
                          HPOS="700"
                          CONTENT="tantum"/>
                  <SP HEIGHT="66" WIDTH="22" VPOS="2753" HPOS="917"/>
                  <String HEIGHT="66"
                          WIDTH="217"
                          VPOS="2753"
                          HPOS="852"
                          CONTENT="partes"/>
                  <SP HEIGHT="66" WIDTH="22" VPOS="2753" HPOS="1069"/>
                  <String HEIGHT="66"
                          WIDTH="347"
                          VPOS="2753"
                          HPOS="1004"
                          CONTENT="commemorans."/>
                  <SP HEIGHT="66" WIDTH="22" VPOS="2753" HPOS="1350"/>
                  <String HEIGHT="66"
                          WIDTH="152"
                          VPOS="2753"
                          HPOS="1285"
                          CONTENT="lam"/>
                  <SP HEIGHT="66" WIDTH="22" VPOS="2753" HPOS="1437"/>
                  <String HEIGHT="66"
                          WIDTH="130"
                          VPOS="2753"
                          HPOS="1372"
                          CONTENT="ut"/>
                  <SP HEIGHT="66" WIDTH="22" VPOS="2753" HPOS="1502"/>
                  <String HEIGHT="66"
                          WIDTH="303"
                          VPOS="2753"
                          HPOS="1437"
                          CONTENT="sacerdotes"/>
                  <SP HEIGHT="66" WIDTH="22" VPOS="2753" HPOS="1740"/>
                  <String HEIGHT="66"
                          WIDTH="108"
                          VPOS="2753"
                          HPOS="1654"
                          CONTENT="ec"
                          SUBS_TYPE="HypPart1"
                          SUBS_CONTENT="ecclesiae"/>
                  <HYP CONTENT="-"/>
               </TextLine>
               <TextLine ID="line_1592940936509_1338"
                         BASELINE="2884"
                         HEIGHT="71"
                         WIDTH="1646"
                         VPOS="2813"
                         HPOS="119">
                  <String HEIGHT="71"
                          WIDTH="211"
                          VPOS="2813"
                          HPOS="100"
                          CONTENT="clesiae"
                          SUBS_TYPE="HypPart2"
                          SUBS_CONTENT="ecclesiae"/>
                  <SP HEIGHT="71" WIDTH="19" VPOS="2813" HPOS="310"/>
                  <String HEIGHT="71"
                          WIDTH="306"
                          VPOS="2813"
                          HPOS="253"
                          CONTENT="lzraeliticae"/>
                  <SP HEIGHT="71" WIDTH="19" VPOS="2813" HPOS="559"/>
                  <String HEIGHT="71"
                          WIDTH="325"
                          VPOS="2813"
                          HPOS="502"
                          CONTENT="inseruiebant,"/>
                  <SP HEIGHT="71" WIDTH="19" VPOS="2813" HPOS="827"/>
                  <String HEIGHT="71"
                          WIDTH="134"
                          VPOS="2813"
                          HPOS="770"
                          CONTENT="ita"/>
                  <SP HEIGHT="71" WIDTH="19" VPOS="2813" HPOS="904"/>
                  <String HEIGHT="71"
                          WIDTH="230"
                          VPOS="2813"
                          HPOS="846"
                          CONTENT="uiuebant"/>
                  <SP HEIGHT="71" WIDTH="19" VPOS="2813" HPOS="1076"/>
                  <String HEIGHT="71"
                          WIDTH="115"
                          VPOS="2813"
                          HPOS="1019"
                          CONTENT="ex"/>
                  <SP HEIGHT="71" WIDTH="19" VPOS="2813" HPOS="1133"/>
                  <String HEIGHT="71"
                          WIDTH="249"
                          VPOS="2813"
                          HPOS="1076"
                          CONTENT="ecclesiae"/>
                  <SP HEIGHT="71" WIDTH="19" VPOS="2813" HPOS="1325"/>
                  <String HEIGHT="71"
                          WIDTH="268"
                          VPOS="2813"
                          HPOS="1267"
                          CONTENT="reditibus."/>
                  <SP HEIGHT="71" WIDTH="19" VPOS="2813" HPOS="1535"/>
                  <String HEIGHT="71"
                          WIDTH="191"
                          VPOS="2813"
                          HPOS="1478"
                          CONTENT="Certas"/>
                  <SP HEIGHT="71" WIDTH="19" VPOS="2813" HPOS="1669"/>
                  <String HEIGHT="71"
                          WIDTH="153"
                          VPOS="2813"
                          HPOS="1612"
                          CONTENT="enim"/>
                  <SP HEIGHT="71" WIDTH="19" VPOS="2813" HPOS="1765"/>
                  <String HEIGHT="71" WIDTH="77" VPOS="2813" HPOS="1688" CONTENT="ha"/>
               </TextLine>
               <TextLine ID="line_1592940936510_1340"
                         BASELINE="2928"
                         HEIGHT="74"
                         WIDTH="1647"
                         VPOS="2854"
                         HPOS="118">
                  <String HEIGHT="74"
                          WIDTH="292"
                          VPOS="2854"
                          HPOS="97"
                          CONTENT="bitationes"/>
                  <SP HEIGHT="74" WIDTH="21" VPOS="2854" HPOS="389"/>
                  <String HEIGHT="74" WIDTH="104" VPOS="2854" HPOS="326" CONTENT="&amp;"/>
                  <SP HEIGHT="74" WIDTH="21" VPOS="2854" HPOS="431"/>
                  <String HEIGHT="74"
                          WIDTH="292"
                          VPOS="2854"
                          HPOS="368"
                          CONTENT="uectigalia"/>
                  <SP HEIGHT="74" WIDTH="21" VPOS="2854" HPOS="660"/>
                  <String HEIGHT="74"
                          WIDTH="188"
                          VPOS="2854"
                          HPOS="598"
                          CONTENT="certa"/>
                  <SP HEIGHT="74" WIDTH="21" VPOS="2854" HPOS="785"/>
                  <String HEIGHT="74" WIDTH="125" VPOS="2854" HPOS="723" CONTENT="hi"/>
                  <SP HEIGHT="74" WIDTH="21" VPOS="2854" HPOS="848"/>
                  <String HEIGHT="74"
                          WIDTH="292"
                          VPOS="2854"
                          HPOS="785"
                          CONTENT="destinauit"/>
                  <SP HEIGHT="74" WIDTH="21" VPOS="2854" HPOS="1077"/>
                  <String HEIGHT="74"
                          WIDTH="125"
                          VPOS="2854"
                          HPOS="1014"
                          CONTENT="in"/>
                  <SP HEIGHT="74" WIDTH="21" VPOS="2854" HPOS="1140"/>
                  <String HEIGHT="74"
                          WIDTH="188"
                          VPOS="2854"
                          HPOS="1077"
                          CONTENT="terra"/>
                  <SP HEIGHT="74" WIDTH="21" VPOS="2854" HPOS="1265"/>
                  <String HEIGHT="74"
                          WIDTH="250"
                          VPOS="2854"
                          HPOS="1202"
                          CONTENT="promissa"/>
                  <SP HEIGHT="74" WIDTH="21" VPOS="2854" HPOS="1452"/>
                  <String HEIGHT="74"
                          WIDTH="250"
                          VPOS="2854"
                          HPOS="1390"
                          CONTENT="dominus."/>
                  <SP HEIGHT="74" WIDTH="21" VPOS="2854" HPOS="1640"/>
                  <String HEIGHT="74"
                          WIDTH="146"
                          VPOS="2854"
                          HPOS="1577"
                          CONTENT="Nam"/>
                  <SP HEIGHT="74" WIDTH="21" VPOS="2854" HPOS="1723"/>
                  <String HEIGHT="74"
                          WIDTH="125"
                          VPOS="2854"
                          HPOS="1640"
                          CONTENT="desi"/>
               </TextLine>
               <TextLine ID="line_1592940936511_1342"
                         BASELINE="3007"
                         HEIGHT="97"
                         WIDTH="1645"
                         VPOS="2910"
                         HPOS="119">
                  <String HEIGHT="97"
                          WIDTH="206"
                          VPOS="2910"
                          HPOS="98"
                          CONTENT="gnauit"/>
                  <SP HEIGHT="97" WIDTH="21" VPOS="2910" HPOS="304"/>
                  <String HEIGHT="97"
                          WIDTH="185"
                          VPOS="2910"
                          HPOS="242"
                          CONTENT="urbes"/>
                  <SP HEIGHT="97" WIDTH="21" VPOS="2910" HPOS="427"/>
                  <String HEIGHT="97"
                          WIDTH="144"
                          VPOS="2910"
                          HPOS="366"
                          CONTENT="per"/>
                  <SP HEIGHT="97" WIDTH="21" VPOS="2910" HPOS="510"/>
                  <String HEIGHT="97"
                          WIDTH="185"
                          VPOS="2910"
                          HPOS="448"
                          CONTENT="totum"/>
                  <SP HEIGHT="97" WIDTH="21" VPOS="2910" HPOS="633"/>
                  <String HEIGHT="97"
                          WIDTH="206"
                          VPOS="2910"
                          HPOS="571"
                          CONTENT="terrae"/>
                  <SP HEIGHT="97" WIDTH="21" VPOS="2910" HPOS="777"/>
                  <String HEIGHT="97"
                          WIDTH="329"
                          VPOS="2910"
                          HPOS="715"
                          CONTENT="lzraeliticae"/>
                  <SP HEIGHT="97" WIDTH="21" VPOS="2910" HPOS="1044"/>
                  <String HEIGHT="97"
                          WIDTH="206"
                          VPOS="2910"
                          HPOS="983"
                          CONTENT="orbem,"/>
                  <SP HEIGHT="97" WIDTH="21" VPOS="2910" HPOS="1188"/>
                  <String HEIGHT="97"
                          WIDTH="411"
                          VPOS="2910"
                          HPOS="1127"
                          CONTENT="quadragintaocto,"/>
                  <SP HEIGHT="97" WIDTH="21" VPOS="2910" HPOS="1538"/>
                  <String HEIGHT="97"
                          WIDTH="123"
                          VPOS="2910"
                          HPOS="1476"
                          CONTENT="ex"/>
                  <SP HEIGHT="97" WIDTH="21" VPOS="2910" HPOS="1600"/>
                  <String HEIGHT="97"
                          WIDTH="206"
                          VPOS="2910"
                          HPOS="1538"
                          CONTENT="quibus"/>
                  <SP HEIGHT="97" WIDTH="21" VPOS="2910" HPOS="1743"/>
                  <String HEIGHT="97"
                          WIDTH="103"
                          VPOS="2910"
                          HPOS="1661"
                          CONTENT="fex"/>
               </TextLine>
            </TextBlock>
         </PrintSpace>
      </Page>
   </Layout>
</alto>
