<?xml version="1.0" encoding="UTF-8"?>
<alto xmlns:xsi="http://www.w3.org/2001/XMLSchema-instance"
      xmlns="http://www.loc.gov/standards/alto/ns-v2#"
      xmlns:page="http://schema.primaresearch.org/PAGE/gts/pagecontent/2013-07-15"
      xsi:schemaLocation="http://www.loc.gov/standards/alto/ns-v2# http://www.loc.gov/standards/alto/alto.xsd">
   <Description>
      <MeasurementUnit>pixel</MeasurementUnit>
      <OCRProcessing ID="IdOcr">
         <ocrProcessingStep>
            <processingDateTime>2020-08-08T18:22:55.517-04:00</processingDateTime>
            <processingSoftware>
               <softwareCreator>READ COOP</softwareCreator>
               <softwareName>Transkribus</softwareName>
            </processingSoftware>
         </ocrProcessingStep>
      </OCRProcessing>
   </Description>
   <Tags/>
   <Layout>
      <Page ID="Page1" PHYSICAL_IMG_NR="1" HEIGHT="3632" WIDTH="2288">
         <TopMargin HEIGHT="0" WIDTH="2288" VPOS="0" HPOS="0"/>
         <LeftMargin HEIGHT="3632" WIDTH="0" VPOS="0" HPOS="0"/>
         <RightMargin HEIGHT="3632" WIDTH="0" VPOS="0" HPOS="2288"/>
         <BottomMargin HEIGHT="0" WIDTH="2288" VPOS="3632" HPOS="0"/>
         <PrintSpace HEIGHT="3632" WIDTH="2288" VPOS="0" HPOS="0">
            <TextBlock ID="TextRegion_1592941024284_1379"
                       HEIGHT="2813"
                       WIDTH="1668"
                       VPOS="266"
                       HPOS="138">
               <Shape>
                  <Polygon POINTS="138,266 1806,266 1806,329 1779,3079 138,3079"/>
               </Shape>
               <TextLine ID="r1l3"
                         BASELINE="393"
                         HEIGHT="76"
                         WIDTH="1660"
                         VPOS="317"
                         HPOS="144">
                  <String HEIGHT="76" WIDTH="140" VPOS="317" HPOS="121" CONTENT="ut"/>
                  <SP HEIGHT="76" WIDTH="23" VPOS="317" HPOS="261"/>
                  <String HEIGHT="76"
                          WIDTH="187"
                          VPOS="317"
                          HPOS="191"
                          CONTENT="modo"/>
                  <SP HEIGHT="76" WIDTH="23" VPOS="317" HPOS="378"/>
                  <String HEIGHT="76"
                          WIDTH="257"
                          VPOS="317"
                          HPOS="308"
                          CONTENT="diximus"/>
                  <SP HEIGHT="76" WIDTH="23" VPOS="317" HPOS="565"/>
                  <String HEIGHT="76" WIDTH="140" VPOS="317" HPOS="495" CONTENT="in"/>
                  <SP HEIGHT="76" WIDTH="23" VPOS="317" HPOS="635"/>
                  <String HEIGHT="76"
                          WIDTH="257"
                          VPOS="317"
                          HPOS="565"
                          CONTENT="Sanctum"/>
                  <SP HEIGHT="76" WIDTH="23" VPOS="317" HPOS="822"/>
                  <String HEIGHT="76"
                          WIDTH="304"
                          VPOS="317"
                          HPOS="752"
                          CONTENT="sanctorum"/>
                  <SP HEIGHT="76" WIDTH="23" VPOS="317" HPOS="1056"/>
                  <String HEIGHT="76" WIDTH="117" VPOS="317" HPOS="986" CONTENT="&amp;"/>
                  <SP HEIGHT="76" WIDTH="23" VPOS="317" HPOS="1103"/>
                  <String HEIGHT="76"
                          WIDTH="281"
                          VPOS="317"
                          HPOS="1032"
                          CONTENT="sanctum."/>
                  <SP HEIGHT="76" WIDTH="23" VPOS="317" HPOS="1313"/>
                  <String HEIGHT="76" WIDTH="140" VPOS="317" HPOS="1243" CONTENT="In"/>
                  <SP HEIGHT="76" WIDTH="23" VPOS="317" HPOS="1383"/>
                  <String HEIGHT="76"
                          WIDTH="234"
                          VPOS="317"
                          HPOS="1313"
                          CONTENT="Sactum"/>
                  <SP HEIGHT="76" WIDTH="23" VPOS="317" HPOS="1547"/>
                  <String HEIGHT="76"
                          WIDTH="304"
                          VPOS="317"
                          HPOS="1477"
                          CONTENT="sanctorum"/>
                  <SP HEIGHT="76" WIDTH="23" VPOS="317" HPOS="1781"/>
                  <String HEIGHT="76"
                          WIDTH="117"
                          VPOS="317"
                          HPOS="1687"
                          CONTENT="non"/>
               </TextLine>
               <TextLine ID="line_1592941024374_1382"
                         BASELINE="445"
                         HEIGHT="67"
                         WIDTH="1668"
                         VPOS="378"
                         HPOS="147">
                  <String HEIGHT="67"
                          WIDTH="371"
                          VPOS="378"
                          HPOS="126"
                          CONTENT="ingrediebatur,"/>
                  <SP HEIGHT="67" WIDTH="21" VPOS="378" HPOS="497"/>
                  <String HEIGHT="67"
                          WIDTH="165"
                          VPOS="378"
                          HPOS="435"
                          CONTENT="nisi"/>
                  <SP HEIGHT="67" WIDTH="21" VPOS="378" HPOS="600"/>
                  <String HEIGHT="67"
                          WIDTH="185"
                          VPOS="378"
                          HPOS="538"
                          CONTENT="semel"/>
                  <SP HEIGHT="67" WIDTH="21" VPOS="378" HPOS="724"/>
                  <String HEIGHT="67" WIDTH="124" VPOS="378" HPOS="662" CONTENT="in"/>
                  <SP HEIGHT="67" WIDTH="21" VPOS="378" HPOS="785"/>
                  <String HEIGHT="67"
                          WIDTH="165"
                          VPOS="378"
                          HPOS="724"
                          CONTENT="anno"/>
                  <SP HEIGHT="67" WIDTH="21" VPOS="378" HPOS="888"/>
                  <String HEIGHT="67"
                          WIDTH="206"
                          VPOS="378"
                          HPOS="827"
                          CONTENT="summus"/>
                  <SP HEIGHT="67" WIDTH="21" VPOS="378" HPOS="1032"/>
                  <String HEIGHT="67"
                          WIDTH="268"
                          VPOS="378"
                          HPOS="971"
                          CONTENT="Pontifex."/>
                  <SP HEIGHT="67" WIDTH="21" VPOS="378" HPOS="1238"/>
                  <String HEIGHT="67" WIDTH="124" VPOS="378" HPOS="1177" CONTENT="In"/>
                  <SP HEIGHT="67" WIDTH="21" VPOS="378" HPOS="1300"/>
                  <String HEIGHT="67"
                          WIDTH="165"
                          VPOS="378"
                          HPOS="1238"
                          CONTENT="ipso"/>
                  <SP HEIGHT="67" WIDTH="21" VPOS="378" HPOS="1403"/>
                  <String HEIGHT="67"
                          WIDTH="247"
                          VPOS="378"
                          HPOS="1341"
                          CONTENT="reposita"/>
                  <SP HEIGHT="67" WIDTH="21" VPOS="378" HPOS="1588"/>
                  <String HEIGHT="67"
                          WIDTH="165"
                          VPOS="378"
                          HPOS="1527"
                          CONTENT="erat"/>
                  <SP HEIGHT="67" WIDTH="21" VPOS="378" HPOS="1691"/>
                  <String HEIGHT="67"
                          WIDTH="165"
                          VPOS="378"
                          HPOS="1630"
                          CONTENT="Arca"/>
                  <SP HEIGHT="67" WIDTH="21" VPOS="378" HPOS="1794"/>
                  <String HEIGHT="67"
                          WIDTH="103"
                          VPOS="378"
                          HPOS="1712"
                          CONTENT="foe"/>
               </TextLine>
               <TextLine ID="line_1592941024375_1384"
                         BASELINE="519"
                         HEIGHT="87"
                         WIDTH="1664"
                         VPOS="432"
                         HPOS="151">
                  <String HEIGHT="87"
                          WIDTH="183"
                          VPOS="432"
                          HPOS="131"
                          CONTENT="deris"/>
                  <SP HEIGHT="87" WIDTH="20" VPOS="432" HPOS="313"/>
                  <String HEIGHT="87"
                          WIDTH="203"
                          VPOS="432"
                          HPOS="252"
                          CONTENT="domini"/>
                  <SP HEIGHT="87" WIDTH="20" VPOS="432" HPOS="455"/>
                  <String HEIGHT="87"
                          WIDTH="203"
                          VPOS="432"
                          HPOS="395"
                          CONTENT="nostri"/>
                  <SP HEIGHT="87" WIDTH="20" VPOS="432" HPOS="597"/>
                  <String HEIGHT="87"
                          WIDTH="183"
                          VPOS="432"
                          HPOS="537"
                          CONTENT="inter"/>
                  <SP HEIGHT="87" WIDTH="20" VPOS="432" HPOS="719"/>
                  <String HEIGHT="87"
                          WIDTH="244"
                          VPOS="432"
                          HPOS="658"
                          CONTENT="Cherubim"/>
                  <SP HEIGHT="87" WIDTH="20" VPOS="432" HPOS="902"/>
                  <String HEIGHT="87" WIDTH="101" VPOS="432" HPOS="841" CONTENT=":"/>
                  <SP HEIGHT="87" WIDTH="20" VPOS="432" HPOS="942"/>
                  <String HEIGHT="87" WIDTH="142" VPOS="432" HPOS="882" CONTENT="cui"/>
                  <SP HEIGHT="87" WIDTH="20" VPOS="432" HPOS="1024"/>
                  <String HEIGHT="87"
                          WIDTH="162"
                          VPOS="432"
                          HPOS="963"
                          CONTENT="alij"/>
                  <SP HEIGHT="87" WIDTH="20" VPOS="432" HPOS="1125"/>
                  <String HEIGHT="87" WIDTH="122" VPOS="432" HPOS="1064" CONTENT="ex"/>
                  <SP HEIGHT="87" WIDTH="20" VPOS="432" HPOS="1186"/>
                  <String HEIGHT="87"
                          WIDTH="304"
                          VPOS="432"
                          HPOS="1125"
                          CONTENT="authoritate"/>
                  <SP HEIGHT="87" WIDTH="20" VPOS="432" HPOS="1429"/>
                  <String HEIGHT="87"
                          WIDTH="284"
                          VPOS="432"
                          HPOS="1369"
                          CONTENT="apostolica"/>
                  <SP HEIGHT="87" WIDTH="20" VPOS="432" HPOS="1653"/>
                  <String HEIGHT="87"
                          WIDTH="244"
                          VPOS="432"
                          HPOS="1571"
                          CONTENT="coniungunt"/>
               </TextLine>
               <TextLine ID="line_1592941024377_1386"
                         BASELINE="556"
                         HEIGHT="62"
                         WIDTH="1664"
                         VPOS="494"
                         HPOS="150">
                  <String HEIGHT="62"
                          WIDTH="291"
                          VPOS="494"
                          HPOS="129"
                          CONTENT="thuribulum"/>
                  <SP HEIGHT="62" WIDTH="21" VPOS="494" HPOS="420"/>
                  <String HEIGHT="62"
                          WIDTH="229"
                          VPOS="494"
                          HPOS="358"
                          CONTENT="aureum."/>
                  <SP HEIGHT="62" WIDTH="21" VPOS="494" HPOS="587"/>
                  <String HEIGHT="62"
                          WIDTH="166"
                          VPOS="494"
                          HPOS="524"
                          CONTENT="Sunt"/>
                  <SP HEIGHT="62" WIDTH="21" VPOS="494" HPOS="691"/>
                  <String HEIGHT="62"
                          WIDTH="166"
                          VPOS="494"
                          HPOS="628"
                          CONTENT="alij"/>
                  <SP HEIGHT="62" WIDTH="21" VPOS="494" HPOS="795"/>
                  <String HEIGHT="62"
                          WIDTH="187"
                          VPOS="494"
                          HPOS="732"
                          CONTENT="tamem"/>
                  <SP HEIGHT="62" WIDTH="21" VPOS="494" HPOS="920"/>
                  <String HEIGHT="62" WIDTH="146" VPOS="494" HPOS="857" CONTENT="qui"/>
                  <SP HEIGHT="62" WIDTH="21" VPOS="494" HPOS="1003"/>
                  <String HEIGHT="62" WIDTH="146" VPOS="494" HPOS="940" CONTENT="per"/>
                  <SP HEIGHT="62" WIDTH="21" VPOS="494" HPOS="1086"/>
                  <String HEIGHT="62"
                          WIDTH="291"
                          VPOS="494"
                          HPOS="1024"
                          CONTENT="Suuestoton"/>
                  <SP HEIGHT="62" WIDTH="21" VPOS="494" HPOS="1315"/>
                  <String HEIGHT="62"
                          WIDTH="146"
                          VPOS="494"
                          HPOS="1252"
                          CONTENT="non"/>
                  <SP HEIGHT="62" WIDTH="21" VPOS="494" HPOS="1398"/>
                  <String HEIGHT="62"
                          WIDTH="291"
                          VPOS="494"
                          HPOS="1336"
                          CONTENT="thuribulum"/>
                  <SP HEIGHT="62" WIDTH="21" VPOS="494" HPOS="1627"/>
                  <String HEIGHT="62"
                          WIDTH="146"
                          VPOS="494"
                          HPOS="1564"
                          CONTENT="sed"/>
                  <SP HEIGHT="62" WIDTH="21" VPOS="494" HPOS="1710"/>
                  <String HEIGHT="62"
                          WIDTH="208"
                          VPOS="494"
                          HPOS="1648"
                          CONTENT="altare"/>
                  <SP HEIGHT="62" WIDTH="21" VPOS="494" HPOS="1856"/>
                  <String HEIGHT="62" WIDTH="42" VPOS="494" HPOS="1772" CONTENT=""/>
               </TextLine>
               <TextLine ID="r1l7"
                         BASELINE="614"
                         HEIGHT="73"
                         WIDTH="1647"
                         VPOS="541"
                         HPOS="148">
                  <String HEIGHT="73"
                          WIDTH="238"
                          VPOS="541"
                          HPOS="128"
                          CONTENT="suffitus"/>
                  <SP HEIGHT="73" WIDTH="20" VPOS="541" HPOS="366"/>
                  <String HEIGHT="73"
                          WIDTH="317"
                          VPOS="541"
                          HPOS="307"
                          CONTENT="intelligunt."/>
                  <SP HEIGHT="73" WIDTH="20" VPOS="541" HPOS="624"/>
                  <String HEIGHT="73" WIDTH="119" VPOS="541" HPOS="565" CONTENT="Hi"/>
                  <SP HEIGHT="73" WIDTH="20" VPOS="541" HPOS="684"/>
                  <String HEIGHT="73" WIDTH="119" VPOS="541" HPOS="624" CONTENT="si"/>
                  <SP HEIGHT="73" WIDTH="20" VPOS="541" HPOS="743"/>
                  <String HEIGHT="73" WIDTH="139" VPOS="541" HPOS="684" CONTENT="non"/>
                  <SP HEIGHT="73" WIDTH="20" VPOS="541" HPOS="823"/>
                  <String HEIGHT="73"
                          WIDTH="278"
                          VPOS="541"
                          HPOS="763"
                          CONTENT="falluntur,"/>
                  <SP HEIGHT="73" WIDTH="20" VPOS="541" HPOS="1041"/>
                  <String HEIGHT="73"
                          WIDTH="218"
                          VPOS="541"
                          HPOS="981"
                          CONTENT="apparet"/>
                  <SP HEIGHT="73" WIDTH="20" VPOS="541" HPOS="1200"/>
                  <String HEIGHT="73"
                          WIDTH="198"
                          VPOS="541"
                          HPOS="1140"
                          CONTENT="altare"/>
                  <SP HEIGHT="73" WIDTH="20" VPOS="541" HPOS="1339"/>
                  <String HEIGHT="73"
                          WIDTH="198"
                          VPOS="541"
                          HPOS="1279"
                          CONTENT="aureum"/>
                  <SP HEIGHT="73" WIDTH="20" VPOS="541" HPOS="1478"/>
                  <String HEIGHT="73" WIDTH="119" VPOS="541" HPOS="1418" CONTENT="eo"/>
                  <SP HEIGHT="73" WIDTH="20" VPOS="541" HPOS="1537"/>
                  <String HEIGHT="73"
                          WIDTH="238"
                          VPOS="541"
                          HPOS="1478"
                          CONTENT="tempore,"/>
                  <SP HEIGHT="73" WIDTH="20" VPOS="541" HPOS="1716"/>
                  <String HEIGHT="73"
                          WIDTH="139"
                          VPOS="541"
                          HPOS="1656"
                          CONTENT="quo"/>
                  <SP HEIGHT="73" WIDTH="20" VPOS="541" HPOS="1795"/>
                  <String HEIGHT="73" WIDTH="79" VPOS="541" HPOS="1716" CONTENT="il"/>
               </TextLine>
               <TextLine ID="r1l8"
                         BASELINE="679"
                         HEIGHT="78"
                         WIDTH="1657"
                         VPOS="601"
                         HPOS="141">
                  <String HEIGHT="78" WIDTH="118" VPOS="601" HPOS="121" CONTENT="la"/>
                  <SP HEIGHT="78" WIDTH="20" VPOS="601" HPOS="240"/>
                  <String HEIGHT="78"
                          WIDTH="256"
                          VPOS="601"
                          HPOS="180"
                          CONTENT="scribebat"/>
                  <SP HEIGHT="78" WIDTH="20" VPOS="601" HPOS="437"/>
                  <String HEIGHT="78"
                          WIDTH="276"
                          VPOS="601"
                          HPOS="378"
                          CONTENT="apostolus,"/>
                  <SP HEIGHT="78" WIDTH="20" VPOS="601" HPOS="654"/>
                  <String HEIGHT="78"
                          WIDTH="178"
                          VPOS="601"
                          HPOS="595"
                          CONTENT="intra"/>
                  <SP HEIGHT="78" WIDTH="20" VPOS="601" HPOS="772"/>
                  <String HEIGHT="78"
                          WIDTH="178"
                          VPOS="601"
                          HPOS="713"
                          CONTENT="uelum"/>
                  <SP HEIGHT="78" WIDTH="20" VPOS="601" HPOS="891"/>
                  <String HEIGHT="78"
                          WIDTH="237"
                          VPOS="601"
                          HPOS="831"
                          CONTENT="stetisse"/>
                  <SP HEIGHT="78" WIDTH="20" VPOS="601" HPOS="1068"/>
                  <String HEIGHT="78" WIDTH="118" VPOS="601" HPOS="1009" CONTENT="in"/>
                  <SP HEIGHT="78" WIDTH="20" VPOS="601" HPOS="1127"/>
                  <String HEIGHT="78"
                          WIDTH="197"
                          VPOS="601"
                          HPOS="1068"
                          CONTENT="adyto."/>
                  <SP HEIGHT="78" WIDTH="20" VPOS="601" HPOS="1265"/>
                  <String HEIGHT="78"
                          WIDTH="237"
                          VPOS="601"
                          HPOS="1206"
                          CONTENT="Caeterum"/>
                  <SP HEIGHT="78" WIDTH="20" VPOS="601" HPOS="1443"/>
                  <String HEIGHT="78"
                          WIDTH="217"
                          VPOS="601"
                          HPOS="1384"
                          CONTENT="constat"/>
                  <SP HEIGHT="78" WIDTH="20" VPOS="601" HPOS="1601"/>
                  <String HEIGHT="78" WIDTH="118" VPOS="601" HPOS="1542" CONTENT="ex"/>
                  <SP HEIGHT="78" WIDTH="20" VPOS="601" HPOS="1660"/>
                  <String HEIGHT="78"
                          WIDTH="158"
                          VPOS="601"
                          HPOS="1601"
                          CONTENT="cap."/>
                  <SP HEIGHT="78" WIDTH="20" VPOS="601" HPOS="1759"/>
                  <String HEIGHT="78"
                          WIDTH="118"
                          VPOS="601"
                          HPOS="1680"
                          CONTENT="Exo"
                          SUBS_TYPE="HypPart1"
                          SUBS_CONTENT="Exodi"/>
                  <HYP CONTENT="-"/>
               </TextLine>
               <TextLine ID="r1l9"
                         BASELINE="739"
                         HEIGHT="81"
                         WIDTH="1648"
                         VPOS="658"
                         HPOS="150">
                  <String HEIGHT="81"
                          WIDTH="119"
                          VPOS="658"
                          HPOS="130"
                          CONTENT="di"
                          SUBS_TYPE="HypPart2"
                          SUBS_CONTENT="Exodi"/>
                  <SP HEIGHT="81" WIDTH="20" VPOS="658" HPOS="249"/>
                  <String HEIGHT="81" WIDTH="139" VPOS="658" HPOS="190" CONTENT="40."/>
                  <SP HEIGHT="81" WIDTH="20" VPOS="658" HPOS="329"/>
                  <String HEIGHT="81" WIDTH="119" VPOS="658" HPOS="269" CONTENT="ab"/>
                  <SP HEIGHT="81" WIDTH="20" VPOS="658" HPOS="388"/>
                  <String HEIGHT="81"
                          WIDTH="199"
                          VPOS="658"
                          HPOS="329"
                          CONTENT="initio"/>
                  <SP HEIGHT="81" WIDTH="20" VPOS="658" HPOS="527"/>
                  <String HEIGHT="81"
                          WIDTH="199"
                          VPOS="658"
                          HPOS="468"
                          CONTENT="altare"/>
                  <SP HEIGHT="81" WIDTH="20" VPOS="658" HPOS="666"/>
                  <String HEIGHT="81"
                          WIDTH="199"
                          VPOS="658"
                          HPOS="607"
                          CONTENT="aureum"/>
                  <SP HEIGHT="81" WIDTH="20" VPOS="658" HPOS="805"/>
                  <String HEIGHT="81"
                          WIDTH="218"
                          VPOS="658"
                          HPOS="746"
                          CONTENT="(sicuti"/>
                  <SP HEIGHT="81" WIDTH="20" VPOS="658" HPOS="964"/>
                  <String HEIGHT="81" WIDTH="139" VPOS="658" HPOS="905" CONTENT="mox"/>
                  <SP HEIGHT="81" WIDTH="20" VPOS="658" HPOS="1043"/>
                  <String HEIGHT="81"
                          WIDTH="278"
                          VPOS="658"
                          HPOS="984"
                          CONTENT="subijciam)"/>
                  <SP HEIGHT="81" WIDTH="20" VPOS="658" HPOS="1262"/>
                  <String HEIGHT="81"
                          WIDTH="278"
                          VPOS="658"
                          HPOS="1202"
                          CONTENT="collocatum"/>
                  <SP HEIGHT="81" WIDTH="20" VPOS="658" HPOS="1480"/>
                  <String HEIGHT="81"
                          WIDTH="238"
                          VPOS="658"
                          HPOS="1421"
                          CONTENT="stetisse"/>
                  <SP HEIGHT="81" WIDTH="20" VPOS="658" HPOS="1659"/>
                  <String HEIGHT="81" WIDTH="119" VPOS="658" HPOS="1599" CONTENT="in"/>
                  <SP HEIGHT="81" WIDTH="20" VPOS="658" HPOS="1719"/>
                  <String HEIGHT="81"
                          WIDTH="159"
                          VPOS="658"
                          HPOS="1639"
                          CONTENT="sancto"/>
               </TextLine>
               <TextLine ID="r1l10"
                         BASELINE="794"
                         HEIGHT="70"
                         WIDTH="1652"
                         VPOS="724"
                         HPOS="148">
                  <String HEIGHT="70"
                          WIDTH="174"
                          VPOS="724"
                          HPOS="126"
                          CONTENT="ante"/>
                  <SP HEIGHT="70" WIDTH="22" VPOS="724" HPOS="300"/>
                  <String HEIGHT="70"
                          WIDTH="217"
                          VPOS="724"
                          HPOS="235"
                          CONTENT="uelum."/>
                  <SP HEIGHT="70" WIDTH="22" VPOS="724" HPOS="452"/>
                  <String HEIGHT="70" WIDTH="152" VPOS="724" HPOS="387" CONTENT="Nec"/>
                  <SP HEIGHT="70" WIDTH="22" VPOS="724" HPOS="539"/>
                  <String HEIGHT="70"
                          WIDTH="261"
                          VPOS="724"
                          HPOS="474"
                          CONTENT="diuersum"/>
                  <SP HEIGHT="70" WIDTH="22" VPOS="724" HPOS="735"/>
                  <String HEIGHT="70"
                          WIDTH="239"
                          VPOS="724"
                          HPOS="670"
                          CONTENT="uidetur"/>
                  <SP HEIGHT="70" WIDTH="22" VPOS="724" HPOS="909"/>
                  <String HEIGHT="70"
                          WIDTH="239"
                          VPOS="724"
                          HPOS="844"
                          CONTENT="colligi"/>
                  <SP HEIGHT="70" WIDTH="22" VPOS="724" HPOS="1083"/>
                  <String HEIGHT="70"
                          WIDTH="196"
                          VPOS="724"
                          HPOS="1017"
                          CONTENT="posse"/>
                  <SP HEIGHT="70" WIDTH="22" VPOS="724" HPOS="1213"/>
                  <String HEIGHT="70" WIDTH="130" VPOS="724" HPOS="1148" CONTENT="ex"/>
                  <SP HEIGHT="70" WIDTH="22" VPOS="724" HPOS="1278"/>
                  <String HEIGHT="70" WIDTH="130" VPOS="724" HPOS="1213" CONTENT="1."/>
                  <SP HEIGHT="70" WIDTH="22" VPOS="724" HPOS="1344"/>
                  <String HEIGHT="70"
                          WIDTH="174"
                          VPOS="724"
                          HPOS="1278"
                          CONTENT="cap."/>
                  <SP HEIGHT="70" WIDTH="22" VPOS="724" HPOS="1452"/>
                  <String HEIGHT="70"
                          WIDTH="283"
                          VPOS="724"
                          HPOS="1387"
                          CONTENT="Euangelij"/>
                  <SP HEIGHT="70" WIDTH="22" VPOS="724" HPOS="1670"/>
                  <String HEIGHT="70"
                          WIDTH="217"
                          VPOS="724"
                          HPOS="1583"
                          CONTENT="secundum"/>
               </TextLine>
               <TextLine ID="r1l11"
                         BASELINE="832"
                         HEIGHT="65"
                         WIDTH="1655"
                         VPOS="767"
                         HPOS="142">
                  <String HEIGHT="65"
                          WIDTH="207"
                          VPOS="767"
                          HPOS="121"
                          CONTENT="Lucam."/>
                  <SP HEIGHT="65" WIDTH="21" VPOS="767" HPOS="328"/>
                  <String HEIGHT="65"
                          WIDTH="186"
                          VPOS="767"
                          HPOS="266"
                          CONTENT="Porro"/>
                  <SP HEIGHT="65" WIDTH="21" VPOS="767" HPOS="452"/>
                  <String HEIGHT="65"
                          WIDTH="166"
                          VPOS="767"
                          HPOS="390"
                          CONTENT="arca"/>
                  <SP HEIGHT="65" WIDTH="21" VPOS="767" HPOS="556"/>
                  <String HEIGHT="65"
                          WIDTH="248"
                          VPOS="767"
                          HPOS="494"
                          CONTENT="foederis"/>
                  <SP HEIGHT="65" WIDTH="21" VPOS="767" HPOS="742"/>
                  <String HEIGHT="65" WIDTH="145" VPOS="767" HPOS="680" CONTENT="non"/>
                  <SP HEIGHT="65" WIDTH="21" VPOS="767" HPOS="825"/>
                  <String HEIGHT="65"
                          WIDTH="269"
                          VPOS="767"
                          HPOS="763"
                          CONTENT="apparebat"/>
                  <SP HEIGHT="65" WIDTH="21" VPOS="767" HPOS="1032"/>
                  <String HEIGHT="65"
                          WIDTH="166"
                          VPOS="767"
                          HPOS="970"
                          CONTENT="ulli"/>
                  <SP HEIGHT="65" WIDTH="21" VPOS="767" HPOS="1135"/>
                  <String HEIGHT="65"
                          WIDTH="290"
                          VPOS="767"
                          HPOS="1073"
                          CONTENT="mortalium,"/>
                  <SP HEIGHT="65" WIDTH="21" VPOS="767" HPOS="1363"/>
                  <String HEIGHT="65"
                          WIDTH="166"
                          VPOS="767"
                          HPOS="1301"
                          CONTENT="nisi"/>
                  <SP HEIGHT="65" WIDTH="21" VPOS="767" HPOS="1466"/>
                  <String HEIGHT="65"
                          WIDTH="166"
                          VPOS="767"
                          HPOS="1404"
                          CONTENT="soli"/>
                  <SP HEIGHT="65" WIDTH="21" VPOS="767" HPOS="1569"/>
                  <String HEIGHT="65"
                          WIDTH="269"
                          VPOS="767"
                          HPOS="1507"
                          CONTENT="sacerdoti"/>
                  <SP HEIGHT="65" WIDTH="21" VPOS="767" HPOS="1776"/>
                  <String HEIGHT="65"
                          WIDTH="103"
                          VPOS="767"
                          HPOS="1694"
                          CONTENT="se"
                          SUBS_TYPE="HypPart1"
                          SUBS_CONTENT="semel"/>
                  <HYP CONTENT="-"/>
               </TextLine>
               <TextLine ID="r1l12"
                         BASELINE="912"
                         HEIGHT="87"
                         WIDTH="1639"
                         VPOS="825"
                         HPOS="151">
                  <String HEIGHT="87"
                          WIDTH="153"
                          VPOS="825"
                          HPOS="129"
                          CONTENT="mel"
                          SUBS_TYPE="HypPart2"
                          SUBS_CONTENT="semel"/>
                  <SP HEIGHT="87" WIDTH="22" VPOS="825" HPOS="282"/>
                  <String HEIGHT="87" WIDTH="131" VPOS="825" HPOS="217" CONTENT="in"/>
                  <SP HEIGHT="87" WIDTH="22" VPOS="825" HPOS="348"/>
                  <String HEIGHT="87"
                          WIDTH="175"
                          VPOS="825"
                          HPOS="282"
                          CONTENT="anno"/>
                  <SP HEIGHT="87" WIDTH="22" VPOS="825" HPOS="457"/>
                  <String HEIGHT="87"
                          WIDTH="262"
                          VPOS="825"
                          HPOS="391"
                          CONTENT="incensum"/>
                  <SP HEIGHT="87" WIDTH="22" VPOS="825" HPOS="654"/>
                  <String HEIGHT="87"
                          WIDTH="284"
                          VPOS="825"
                          HPOS="588"
                          CONTENT="inferenti"/>
                  <SP HEIGHT="87" WIDTH="22" VPOS="825" HPOS="872"/>
                  <String HEIGHT="87"
                          WIDTH="262"
                          VPOS="825"
                          HPOS="807"
                          CONTENT="oraculo."/>
                  <SP HEIGHT="87" WIDTH="22" VPOS="825" HPOS="1069"/>
                  <String HEIGHT="87"
                          WIDTH="153"
                          VPOS="825"
                          HPOS="1003"
                          CONTENT="Nam"/>
                  <SP HEIGHT="87" WIDTH="22" VPOS="825" HPOS="1156"/>
                  <String HEIGHT="87"
                          WIDTH="350"
                          VPOS="825"
                          HPOS="1091"
                          CONTENT="recondebatur"/>
                  <SP HEIGHT="87" WIDTH="22" VPOS="825" HPOS="1440"/>
                  <String HEIGHT="87"
                          WIDTH="175"
                          VPOS="825"
                          HPOS="1375"
                          CONTENT="Velo"/>
                  <SP HEIGHT="87" WIDTH="22" VPOS="825" HPOS="1550"/>
                  <String HEIGHT="87"
                          WIDTH="219"
                          VPOS="825"
                          HPOS="1484"
                          CONTENT="primo,"/>
                  <SP HEIGHT="87" WIDTH="22" VPOS="825" HPOS="1703"/>
                  <String HEIGHT="87"
                          WIDTH="175"
                          VPOS="825"
                          HPOS="1615"
                          CONTENT="uecti"
                          SUBS_TYPE="HypPart1"
                          SUBS_CONTENT="uectibus,"/>
                  <HYP CONTENT="-"/>
               </TextLine>
               <TextLine ID="r1l13"
                         BASELINE="964"
                         HEIGHT="85"
                         WIDTH="1666"
                         VPOS="879"
                         HPOS="138">
                  <String HEIGHT="85"
                          WIDTH="169"
                          VPOS="879"
                          HPOS="117"
                          CONTENT="bus,"
                          SUBS_TYPE="HypPart2"
                          SUBS_CONTENT="uectibus,"/>
                  <SP HEIGHT="85" WIDTH="21" VPOS="879" HPOS="286"/>
                  <String HEIGHT="85"
                          WIDTH="211"
                          VPOS="879"
                          HPOS="222"
                          CONTENT="quibus"/>
                  <SP HEIGHT="85" WIDTH="21" VPOS="879" HPOS="433"/>
                  <String HEIGHT="85"
                          WIDTH="295"
                          VPOS="879"
                          HPOS="370"
                          CONTENT="ferebatur,"/>
                  <SP HEIGHT="85" WIDTH="21" VPOS="879" HPOS="665"/>
                  <String HEIGHT="85"
                          WIDTH="253"
                          VPOS="879"
                          HPOS="602"
                          CONTENT="nonnihil"/>
                  <SP HEIGHT="85" WIDTH="21" VPOS="879" HPOS="855"/>
                  <String HEIGHT="85"
                          WIDTH="359"
                          VPOS="879"
                          HPOS="792"
                          CONTENT="prominentibus"/>
                  <SP HEIGHT="85" WIDTH="21" VPOS="879" HPOS="1150"/>
                  <String HEIGHT="85" WIDTH="127" VPOS="879" HPOS="1087" CONTENT="in"/>
                  <SP HEIGHT="85" WIDTH="21" VPOS="879" HPOS="1214"/>
                  <String HEIGHT="85"
                          WIDTH="232"
                          VPOS="879"
                          HPOS="1150"
                          CONTENT="sancto,"/>
                  <SP HEIGHT="85" WIDTH="21" VPOS="879" HPOS="1382"/>
                  <String HEIGHT="85"
                          WIDTH="274"
                          VPOS="879"
                          HPOS="1319"
                          CONTENT="obscurius"/>
                  <SP HEIGHT="85" WIDTH="21" VPOS="879" HPOS="1593"/>
                  <String HEIGHT="85"
                          WIDTH="211"
                          VPOS="879"
                          HPOS="1530"
                          CONTENT="tamen,"/>
                  <SP HEIGHT="85" WIDTH="21" VPOS="879" HPOS="1741"/>
                  <String HEIGHT="85"
                          WIDTH="148"
                          VPOS="879"
                          HPOS="1656"
                          CONTENT="forte"/>
               </TextLine>
               <TextLine ID="r1l14"
                         BASELINE="1020"
                         HEIGHT="88"
                         WIDTH="1650"
                         VPOS="932"
                         HPOS="145">
                  <String HEIGHT="88"
                          WIDTH="236"
                          VPOS="932"
                          HPOS="124"
                          CONTENT="impulsu"/>
                  <SP HEIGHT="88" WIDTH="21" VPOS="932" HPOS="359"/>
                  <String HEIGHT="88"
                          WIDTH="193"
                          VPOS="932"
                          HPOS="295"
                          CONTENT="ueli,"/>
                  <SP HEIGHT="88" WIDTH="21" VPOS="932" HPOS="488"/>
                  <String HEIGHT="88" WIDTH="129" VPOS="932" HPOS="424" CONTENT="in"/>
                  <SP HEIGHT="88" WIDTH="21" VPOS="932" HPOS="552"/>
                  <String HEIGHT="88" WIDTH="150" VPOS="932" HPOS="488" CONTENT="quo"/>
                  <SP HEIGHT="88" WIDTH="21" VPOS="932" HPOS="638"/>
                  <String HEIGHT="88"
                          WIDTH="236"
                          VPOS="932"
                          HPOS="574"
                          CONTENT="uectium"/>
                  <SP HEIGHT="88" WIDTH="21" VPOS="932" HPOS="809"/>
                  <String HEIGHT="88"
                          WIDTH="236"
                          VPOS="932"
                          HPOS="745"
                          CONTENT="extrema"/>
                  <SP HEIGHT="88" WIDTH="21" VPOS="932" HPOS="981"/>
                  <String HEIGHT="88"
                          WIDTH="193"
                          VPOS="932"
                          HPOS="916"
                          CONTENT="quasi"/>
                  <SP HEIGHT="88" WIDTH="21" VPOS="932" HPOS="1109"/>
                  <String HEIGHT="88"
                          WIDTH="193"
                          VPOS="932"
                          HPOS="1045"
                          CONTENT="ubera"/>
                  <SP HEIGHT="88" WIDTH="21" VPOS="932" HPOS="1238"/>
                  <String HEIGHT="88"
                          WIDTH="150"
                          VPOS="932"
                          HPOS="1174"
                          CONTENT="uel"/>
                  <SP HEIGHT="88" WIDTH="21" VPOS="932" HPOS="1324"/>
                  <String HEIGHT="88"
                          WIDTH="214"
                          VPOS="932"
                          HPOS="1259"
                          CONTENT="tubera"/>
                  <SP HEIGHT="88" WIDTH="21" VPOS="932" HPOS="1474"/>
                  <String HEIGHT="88"
                          WIDTH="343"
                          VPOS="932"
                          HPOS="1409"
                          CONTENT="exprimebant,"/>
                  <SP HEIGHT="88" WIDTH="21" VPOS="932" HPOS="1752"/>
                  <String HEIGHT="88"
                          WIDTH="129"
                          VPOS="932"
                          HPOS="1666"
                          CONTENT="quae"/>
               </TextLine>
               <TextLine ID="r1l15"
                         BASELINE="1073"
                         HEIGHT="71"
                         WIDTH="1648"
                         VPOS="1002"
                         HPOS="145">
                  <String HEIGHT="71"
                          WIDTH="220"
                          VPOS="1002"
                          HPOS="123"
                          CONTENT="quidem"/>
                  <SP HEIGHT="71" WIDTH="22" VPOS="1002" HPOS="343"/>
                  <String HEIGHT="71" WIDTH="132" VPOS="1002" HPOS="277" CONTENT="in"/>
                  <SP HEIGHT="71" WIDTH="22" VPOS="1002" HPOS="409"/>
                  <String HEIGHT="71"
                          WIDTH="176"
                          VPOS="1002"
                          HPOS="343"
                          CONTENT="ipso"/>
                  <SP HEIGHT="71" WIDTH="22" VPOS="1002" HPOS="519"/>
                  <String HEIGHT="71"
                          WIDTH="220"
                          VPOS="1002"
                          HPOS="453"
                          CONTENT="sancto"/>
                  <SP HEIGHT="71" WIDTH="22" VPOS="1002" HPOS="672"/>
                  <String HEIGHT="71"
                          WIDTH="242"
                          VPOS="1002"
                          HPOS="606"
                          CONTENT="propius"/>
                  <SP HEIGHT="71" WIDTH="22" VPOS="1002" HPOS="848"/>
                  <String HEIGHT="71"
                          WIDTH="220"
                          VPOS="1002"
                          HPOS="782"
                          CONTENT="stanti"/>
                  <SP HEIGHT="71" WIDTH="22" VPOS="1002" HPOS="1002"/>
                  <String HEIGHT="71"
                          WIDTH="352"
                          VPOS="1002"
                          HPOS="936"
                          CONTENT="cernebantur,"/>
                  <SP HEIGHT="71" WIDTH="22" VPOS="1002" HPOS="1288"/>
                  <String HEIGHT="71"
                          WIDTH="264"
                          VPOS="1002"
                          HPOS="1222"
                          CONTENT="remotius"/>
                  <SP HEIGHT="71" WIDTH="22" VPOS="1002" HPOS="1485"/>
                  <String HEIGHT="71"
                          WIDTH="154"
                          VPOS="1002"
                          HPOS="1419"
                          CONTENT="non"/>
                  <SP HEIGHT="71" WIDTH="22" VPOS="1002" HPOS="1573"/>
                  <String HEIGHT="71"
                          WIDTH="198"
                          VPOS="1002"
                          HPOS="1507"
                          CONTENT="item."/>
                  <SP HEIGHT="71" WIDTH="22" VPOS="1002" HPOS="1705"/>
                  <String HEIGHT="71"
                          WIDTH="154"
                          VPOS="1002"
                          HPOS="1639"
                          CONTENT="Nam"/>
                  <SP HEIGHT="71" WIDTH="22" VPOS="1002" HPOS="1793"/>
                  <String HEIGHT="71"
                          WIDTH="88"
                          VPOS="1002"
                          HPOS="1705"
                          CONTENT="3"
                          SUBS_TYPE="HypPart1"
                          SUBS_CONTENT="3Reg."/>
                  <HYP CONTENT="-"/>
               </TextLine>
               <TextLine ID="r1l16"
                         BASELINE="1118"
                         HEIGHT="75"
                         WIDTH="1641"
                         VPOS="1043"
                         HPOS="149">
                  <String HEIGHT="75"
                          WIDTH="158"
                          VPOS="1043"
                          HPOS="129"
                          CONTENT="Reg."
                          SUBS_TYPE="HypPart2"
                          SUBS_CONTENT="3Reg."/>
                  <SP HEIGHT="75" WIDTH="20" VPOS="1043" HPOS="287"/>
                  <String HEIGHT="75" WIDTH="99" VPOS="1043" HPOS="228" CONTENT="."/>
                  <SP HEIGHT="75" WIDTH="20" VPOS="1043" HPOS="327"/>
                  <String HEIGHT="75"
                          WIDTH="158"
                          VPOS="1043"
                          HPOS="268"
                          CONTENT="cap."/>
                  <SP HEIGHT="75" WIDTH="20" VPOS="1043" HPOS="426"/>
                  <String HEIGHT="75"
                          WIDTH="138"
                          VPOS="1043"
                          HPOS="366"
                          CONTENT="ita"/>
                  <SP HEIGHT="75" WIDTH="20" VPOS="1043" HPOS="505"/>
                  <String HEIGHT="75"
                          WIDTH="198"
                          VPOS="1043"
                          HPOS="446"
                          CONTENT="legis,"/>
                  <SP HEIGHT="75" WIDTH="20" VPOS="1043" HPOS="643"/>
                  <String HEIGHT="75"
                          WIDTH="237"
                          VPOS="1043"
                          HPOS="584"
                          CONTENT="Fecerunt"/>
                  <SP HEIGHT="75" WIDTH="20" VPOS="1043" HPOS="821"/>
                  <String HEIGHT="75"
                          WIDTH="198"
                          VPOS="1043"
                          HPOS="762"
                          CONTENT="quoque"/>
                  <SP HEIGHT="75" WIDTH="20" VPOS="1043" HPOS="960"/>
                  <String HEIGHT="75" WIDTH="119" VPOS="1043" HPOS="900" CONTENT="ut"/>
                  <SP HEIGHT="75" WIDTH="20" VPOS="1043" HPOS="1019"/>
                  <String HEIGHT="75"
                          WIDTH="297"
                          VPOS="1043"
                          HPOS="960"
                          CONTENT="prominerent"/>
                  <SP HEIGHT="75" WIDTH="20" VPOS="1043" HPOS="1256"/>
                  <String HEIGHT="75"
                          WIDTH="217"
                          VPOS="1043"
                          HPOS="1197"
                          CONTENT="uectes,"/>
                  <SP HEIGHT="75" WIDTH="20" VPOS="1043" HPOS="1414"/>
                  <String HEIGHT="75"
                          WIDTH="138"
                          VPOS="1043"
                          HPOS="1355"
                          CONTENT="ita"/>
                  <SP HEIGHT="75" WIDTH="20" VPOS="1043" HPOS="1493"/>
                  <String HEIGHT="75"
                          WIDTH="119"
                          VPOS="1043"
                          HPOS="1434"
                          CONTENT="ut"/>
                  <SP HEIGHT="75" WIDTH="20" VPOS="1043" HPOS="1553"/>
                  <String HEIGHT="75"
                          WIDTH="277"
                          VPOS="1043"
                          HPOS="1493"
                          CONTENT="uiderentur"/>
                  <SP HEIGHT="75" WIDTH="20" VPOS="1043" HPOS="1770"/>
                  <String HEIGHT="75"
                          WIDTH="99"
                          VPOS="1043"
                          HPOS="1691"
                          CONTENT="ca"
                          SUBS_TYPE="HypPart1"
                          SUBS_CONTENT="capita"/>
                  <HYP CONTENT="-"/>
               </TextLine>
               <TextLine ID="r1l17"
                         BASELINE="1191"
                         HEIGHT="82"
                         WIDTH="1650"
                         VPOS="1109"
                         HPOS="139">
                  <String HEIGHT="82"
                          WIDTH="174"
                          VPOS="1109"
                          HPOS="117"
                          CONTENT="pita"
                          SUBS_TYPE="HypPart2"
                          SUBS_CONTENT="capita"/>
                  <SP HEIGHT="82" WIDTH="22" VPOS="1109" HPOS="291"/>
                  <String HEIGHT="82"
                          WIDTH="239"
                          VPOS="1109"
                          HPOS="226"
                          CONTENT="uectium"/>
                  <SP HEIGHT="82" WIDTH="22" VPOS="1109" HPOS="465"/>
                  <String HEIGHT="82" WIDTH="130" VPOS="1109" HPOS="400" CONTENT="de"/>
                  <SP HEIGHT="82" WIDTH="22" VPOS="1109" HPOS="530"/>
                  <String HEIGHT="82"
                          WIDTH="217"
                          VPOS="1109"
                          HPOS="465"
                          CONTENT="sancto"/>
                  <SP HEIGHT="82" WIDTH="22" VPOS="1109" HPOS="682"/>
                  <String HEIGHT="82"
                          WIDTH="174"
                          VPOS="1109"
                          HPOS="617"
                          CONTENT="ante"/>
                  <SP HEIGHT="82" WIDTH="22" VPOS="1109" HPOS="790"/>
                  <String HEIGHT="82"
                          WIDTH="239"
                          VPOS="1109"
                          HPOS="725"
                          CONTENT="adytum,"/>
                  <SP HEIGHT="82" WIDTH="22" VPOS="1109" HPOS="964"/>
                  <String HEIGHT="82"
                          WIDTH="195"
                          VPOS="1109"
                          HPOS="899"
                          CONTENT="foris"/>
                  <SP HEIGHT="82" WIDTH="22" VPOS="1109" HPOS="1094"/>
                  <String HEIGHT="82"
                          WIDTH="195"
                          VPOS="1109"
                          HPOS="1029"
                          CONTENT="autem"/>
                  <SP HEIGHT="82" WIDTH="22" VPOS="1109" HPOS="1225"/>
                  <String HEIGHT="82"
                          WIDTH="152"
                          VPOS="1109"
                          HPOS="1159"
                          CONTENT="non"/>
                  <SP HEIGHT="82" WIDTH="22" VPOS="1109" HPOS="1311"/>
                  <String HEIGHT="82"
                          WIDTH="326"
                          VPOS="1109"
                          HPOS="1246"
                          CONTENT="uidebantur."/>
                  <SP HEIGHT="82" WIDTH="22" VPOS="1109" HPOS="1572"/>
                  <String HEIGHT="82"
                          WIDTH="239"
                          VPOS="1109"
                          HPOS="1507"
                          CONTENT="Sanctum"/>
                  <SP HEIGHT="82" WIDTH="22" VPOS="1109" HPOS="1746"/>
                  <String HEIGHT="82"
                          WIDTH="130"
                          VPOS="1109"
                          HPOS="1659"
                          CONTENT="pate"/>
               </TextLine>
               <TextLine ID="r1l18"
                         BASELINE="1246"
                         HEIGHT="81"
                         WIDTH="1646"
                         VPOS="1165"
                         HPOS="151">
                  <String HEIGHT="81"
                          WIDTH="141"
                          VPOS="1165"
                          HPOS="131"
                          CONTENT="bat"/>
                  <SP HEIGHT="81" WIDTH="20" VPOS="1165" HPOS="271"/>
                  <String HEIGHT="81"
                          WIDTH="241"
                          VPOS="1165"
                          HPOS="211"
                          CONTENT="quotidie"/>
                  <SP HEIGHT="81" WIDTH="20" VPOS="1165" HPOS="452"/>
                  <String HEIGHT="81"
                          WIDTH="321"
                          VPOS="1165"
                          HPOS="392"
                          CONTENT="sacerdotibus"/>
                  <SP HEIGHT="81" WIDTH="20" VPOS="1165" HPOS="713"/>
                  <String HEIGHT="81"
                          WIDTH="141"
                          VPOS="1165"
                          HPOS="653"
                          CONTENT="per"/>
                  <SP HEIGHT="81" WIDTH="20" VPOS="1165" HPOS="793"/>
                  <String HEIGHT="81"
                          WIDTH="181"
                          VPOS="1165"
                          HPOS="733"
                          CONTENT="uices"/>
                  <SP HEIGHT="81" WIDTH="20" VPOS="1165" HPOS="914"/>
                  <String HEIGHT="81"
                          WIDTH="181"
                          VPOS="1165"
                          HPOS="854"
                          CONTENT="sacra"/>
                  <SP HEIGHT="81" WIDTH="20" VPOS="1165" HPOS="1034"/>
                  <String HEIGHT="81"
                          WIDTH="321"
                          VPOS="1165"
                          HPOS="974"
                          CONTENT="facientibus,"/>
                  <SP HEIGHT="81" WIDTH="20" VPOS="1165" HPOS="1295"/>
                  <String HEIGHT="81"
                          WIDTH="141"
                          VPOS="1165"
                          HPOS="1235"
                          CONTENT="seu"/>
                  <SP HEIGHT="81" WIDTH="20" VPOS="1165" HPOS="1375"/>
                  <String HEIGHT="81"
                          WIDTH="381"
                          VPOS="1165"
                          HPOS="1315"
                          CONTENT="ministrantibus."/>
                  <SP HEIGHT="81" WIDTH="20" VPOS="1165" HPOS="1697"/>
                  <String HEIGHT="81"
                          WIDTH="120"
                          VPOS="1165"
                          HPOS="1636"
                          CONTENT="In"/>
                  <SP HEIGHT="81" WIDTH="20" VPOS="1165" HPOS="1757"/>
                  <String HEIGHT="81"
                          WIDTH="120"
                          VPOS="1165"
                          HPOS="1677"
                          CONTENT="ipso"/>
               </TextLine>
               <TextLine ID="r1l19"
                         BASELINE="1297"
                         HEIGHT="75"
                         WIDTH="1642"
                         VPOS="1222"
                         HPOS="149">
                  <String HEIGHT="75"
                          WIDTH="208"
                          VPOS="1222"
                          HPOS="128"
                          CONTENT="posita"/>
                  <SP HEIGHT="75" WIDTH="21" VPOS="1222" HPOS="336"/>
                  <String HEIGHT="75"
                          WIDTH="166"
                          VPOS="1222"
                          HPOS="274"
                          CONTENT="erat"/>
                  <SP HEIGHT="75" WIDTH="21" VPOS="1222" HPOS="440"/>
                  <String HEIGHT="75"
                          WIDTH="166"
                          VPOS="1222"
                          HPOS="378"
                          CONTENT="ante"/>
                  <SP HEIGHT="75" WIDTH="21" VPOS="1222" HPOS="544"/>
                  <String HEIGHT="75"
                          WIDTH="187"
                          VPOS="1222"
                          HPOS="482"
                          CONTENT="uelum"/>
                  <SP HEIGHT="75" WIDTH="21" VPOS="1222" HPOS="669"/>
                  <String HEIGHT="75"
                          WIDTH="187"
                          VPOS="1222"
                          HPOS="606"
                          CONTENT="Mensa"/>
                  <SP HEIGHT="75" WIDTH="21" VPOS="1222" HPOS="793"/>
                  <String HEIGHT="75"
                          WIDTH="187"
                          VPOS="1222"
                          HPOS="731"
                          CONTENT="aurea"/>
                  <SP HEIGHT="75" WIDTH="21" VPOS="1222" HPOS="918"/>
                  <String HEIGHT="75"
                          WIDTH="229"
                          VPOS="1222"
                          HPOS="856"
                          CONTENT="panibus"/>
                  <SP HEIGHT="75" WIDTH="21" VPOS="1222" HPOS="1084"/>
                  <String HEIGHT="75"
                          WIDTH="333"
                          VPOS="1222"
                          HPOS="1022"
                          CONTENT="propositonis"/>
                  <SP HEIGHT="75" WIDTH="21" VPOS="1222" HPOS="1355"/>
                  <String HEIGHT="75"
                          WIDTH="291"
                          VPOS="1222"
                          HPOS="1292"
                          CONTENT="instructa,"/>
                  <SP HEIGHT="75" WIDTH="21" VPOS="1222" HPOS="1583"/>
                  <String HEIGHT="75"
                          WIDTH="125"
                          VPOS="1222"
                          HPOS="1521"
                          CONTENT="in"/>
                  <SP HEIGHT="75" WIDTH="21" VPOS="1222" HPOS="1646"/>
                  <String HEIGHT="75"
                          WIDTH="187"
                          VPOS="1222"
                          HPOS="1583"
                          CONTENT="parte"/>
                  <SP HEIGHT="75" WIDTH="21" VPOS="1222" HPOS="1770"/>
                  <String HEIGHT="75"
                          WIDTH="104"
                          VPOS="1222"
                          HPOS="1687"
                          CONTENT="in"
                          SUBS_TYPE="HypPart1"
                          SUBS_CONTENT="inquam"/>
                  <HYP CONTENT="-"/>
               </TextLine>
               <TextLine ID="r1l20"
                         BASELINE="1352"
                         HEIGHT="66"
                         WIDTH="1654"
                         VPOS="1286"
                         HPOS="139">
                  <String HEIGHT="66"
                          WIDTH="170"
                          VPOS="1286"
                          HPOS="118"
                          CONTENT="quam"
                          SUBS_TYPE="HypPart2"
                          SUBS_CONTENT="inquam"/>
                  <SP HEIGHT="66" WIDTH="21" VPOS="1286" HPOS="287"/>
                  <String HEIGHT="66"
                          WIDTH="276"
                          VPOS="1286"
                          HPOS="224"
                          CONTENT="australi:"/>
                  <SP HEIGHT="66" WIDTH="21" VPOS="1286" HPOS="499"/>
                  <String HEIGHT="66" WIDTH="127" VPOS="1286" HPOS="436" CONTENT="ex"/>
                  <SP HEIGHT="66" WIDTH="21" VPOS="1286" HPOS="563"/>
                  <String HEIGHT="66"
                          WIDTH="254"
                          VPOS="1286"
                          HPOS="499"
                          CONTENT="opposito"/>
                  <SP HEIGHT="66" WIDTH="21" VPOS="1286" HPOS="754"/>
                  <String HEIGHT="66"
                          WIDTH="191"
                          VPOS="1286"
                          HPOS="690"
                          CONTENT="autem"/>
                  <SP HEIGHT="66" WIDTH="21" VPOS="1286" HPOS="881"/>
                  <String HEIGHT="66" WIDTH="127" VPOS="1286" HPOS="818" CONTENT="in"/>
                  <SP HEIGHT="66" WIDTH="21" VPOS="1286" HPOS="945"/>
                  <String HEIGHT="66"
                          WIDTH="212"
                          VPOS="1286"
                          HPOS="881"
                          CONTENT="latere"/>
                  <SP HEIGHT="66" WIDTH="21" VPOS="1286" HPOS="1093"/>
                  <String HEIGHT="66"
                          WIDTH="318"
                          VPOS="1286"
                          HPOS="1030"
                          CONTENT="meridionali"/>
                  <SP HEIGHT="66" WIDTH="21" VPOS="1286" HPOS="1348"/>
                  <String HEIGHT="66"
                          WIDTH="382"
                          VPOS="1286"
                          HPOS="1284"
                          CONTENT="conspiciebatur"/>
                  <SP HEIGHT="66" WIDTH="21" VPOS="1286" HPOS="1666"/>
                  <String HEIGHT="66"
                          WIDTH="212"
                          VPOS="1286"
                          HPOS="1581"
                          CONTENT="Candela"
                          SUBS_TYPE="HypPart1"
                          SUBS_CONTENT="Candelabrum"/>
                  <HYP CONTENT="-"/>
               </TextLine>
               <TextLine ID="r1l21"
                         BASELINE="1401"
                         HEIGHT="78"
                         WIDTH="1643"
                         VPOS="1323"
                         HPOS="146">
                  <String HEIGHT="78"
                          WIDTH="169"
                          VPOS="1323"
                          HPOS="125"
                          CONTENT="brum"
                          SUBS_TYPE="HypPart2"
                          SUBS_CONTENT="Candelabrum"/>
                  <SP HEIGHT="78" WIDTH="21" VPOS="1323" HPOS="293"/>
                  <String HEIGHT="78"
                          WIDTH="232"
                          VPOS="1323"
                          HPOS="230"
                          CONTENT="aureum."/>
                  <SP HEIGHT="78" WIDTH="21" VPOS="1323" HPOS="462"/>
                  <String HEIGHT="78"
                          WIDTH="253"
                          VPOS="1323"
                          HPOS="399"
                          CONTENT="Caeterum"/>
                  <SP HEIGHT="78" WIDTH="21" VPOS="1323" HPOS="652"/>
                  <String HEIGHT="78" WIDTH="126" VPOS="1323" HPOS="588" CONTENT="in"/>
                  <SP HEIGHT="78" WIDTH="21" VPOS="1323" HPOS="715"/>
                  <String HEIGHT="78"
                          WIDTH="190"
                          VPOS="1323"
                          HPOS="652"
                          CONTENT="medio"/>
                  <SP HEIGHT="78" WIDTH="21" VPOS="1323" HPOS="841"/>
                  <String HEIGHT="78"
                          WIDTH="190"
                          VPOS="1323"
                          HPOS="778"
                          CONTENT="intra"/>
                  <SP HEIGHT="78" WIDTH="21" VPOS="1323" HPOS="968"/>
                  <String HEIGHT="78"
                          WIDTH="232"
                          VPOS="1323"
                          HPOS="904"
                          CONTENT="utraque"/>
                  <SP HEIGHT="78" WIDTH="21" VPOS="1323" HPOS="1136"/>
                  <String HEIGHT="78"
                          WIDTH="169"
                          VPOS="1323"
                          HPOS="1073"
                          CONTENT="illa"/>
                  <SP HEIGHT="78" WIDTH="21" VPOS="1323" HPOS="1241"/>
                  <String HEIGHT="78"
                          WIDTH="169"
                          VPOS="1323"
                          HPOS="1178"
                          CONTENT="ante"/>
                  <SP HEIGHT="78" WIDTH="21" VPOS="1323" HPOS="1347"/>
                  <String HEIGHT="78"
                          WIDTH="190"
                          VPOS="1323"
                          HPOS="1283"
                          CONTENT="uelum"/>
                  <SP HEIGHT="78" WIDTH="21" VPOS="1323" HPOS="1473"/>
                  <String HEIGHT="78" WIDTH="105" VPOS="1323" HPOS="1410" CONTENT="&amp;"/>
                  <SP HEIGHT="78" WIDTH="21" VPOS="1323" HPOS="1515"/>
                  <String HEIGHT="78"
                          WIDTH="190"
                          VPOS="1323"
                          HPOS="1452"
                          CONTENT="arcam"/>
                  <SP HEIGHT="78" WIDTH="21" VPOS="1323" HPOS="1642"/>
                  <String HEIGHT="78"
                          WIDTH="211"
                          VPOS="1323"
                          HPOS="1578"
                          CONTENT="stabat"/>
                  <SP HEIGHT="78" WIDTH="21" VPOS="1323" HPOS="1789"/>
                  <String HEIGHT="78" WIDTH="84" VPOS="1323" HPOS="1705" CONTENT="Al"/>
               </TextLine>
               <TextLine ID="r1l22"
                         BASELINE="1458"
                         HEIGHT="69"
                         WIDTH="1660"
                         VPOS="1389"
                         HPOS="137">
                  <String HEIGHT="69"
                          WIDTH="172"
                          VPOS="1389"
                          HPOS="115"
                          CONTENT="tare"/>
                  <SP HEIGHT="69" WIDTH="22" VPOS="1389" HPOS="288"/>
                  <String HEIGHT="69"
                          WIDTH="216"
                          VPOS="1389"
                          HPOS="223"
                          CONTENT="aureum"/>
                  <SP HEIGHT="69" WIDTH="22" VPOS="1389" HPOS="439"/>
                  <String HEIGHT="69"
                          WIDTH="323"
                          VPOS="1389"
                          HPOS="374"
                          CONTENT="thymiamatis"/>
                  <SP HEIGHT="69" WIDTH="22" VPOS="1389" HPOS="698"/>
                  <String HEIGHT="69"
                          WIDTH="323"
                          VPOS="1389"
                          HPOS="633"
                          CONTENT="appellatum,"/>
                  <SP HEIGHT="69" WIDTH="22" VPOS="1389" HPOS="956"/>
                  <String HEIGHT="69"
                          WIDTH="172"
                          VPOS="1389"
                          HPOS="892"
                          CONTENT="quod"/>
                  <SP HEIGHT="69" WIDTH="22" VPOS="1389" HPOS="1064"/>
                  <String HEIGHT="69"
                          WIDTH="216"
                          VPOS="1389"
                          HPOS="999"
                          CONTENT="sacris"/>
                  <SP HEIGHT="69" WIDTH="22" VPOS="1389" HPOS="1215"/>
                  <String HEIGHT="69"
                          WIDTH="323"
                          VPOS="1389"
                          HPOS="1150"
                          CONTENT="consecratum"/>
                  <SP HEIGHT="69" WIDTH="22" VPOS="1389" HPOS="1474"/>
                  <String HEIGHT="69"
                          WIDTH="194"
                          VPOS="1389"
                          HPOS="1409"
                          CONTENT="esset"/>
                  <SP HEIGHT="69" WIDTH="22" VPOS="1389" HPOS="1603"/>
                  <String HEIGHT="69"
                          WIDTH="280"
                          VPOS="1389"
                          HPOS="1517"
                          CONTENT="suffimentis"/>
               </TextLine>
               <TextLine ID="r1l23"
                         BASELINE="1523"
                         HEIGHT="80"
                         WIDTH="1650"
                         VPOS="1443"
                         HPOS="146">
                  <String HEIGHT="80"
                          WIDTH="292"
                          VPOS="1443"
                          HPOS="125"
                          CONTENT="adolendis."/>
                  <SP HEIGHT="80" WIDTH="21" VPOS="1443" HPOS="418"/>
                  <String HEIGHT="80" WIDTH="125" VPOS="1443" HPOS="355" CONTENT="In"/>
                  <SP HEIGHT="80" WIDTH="21" VPOS="1443" HPOS="480"/>
                  <String HEIGHT="80"
                          WIDTH="188"
                          VPOS="1443"
                          HPOS="418"
                          CONTENT="Atrio"/>
                  <SP HEIGHT="80" WIDTH="21" VPOS="1443" HPOS="605"/>
                  <String HEIGHT="80"
                          WIDTH="188"
                          VPOS="1443"
                          HPOS="543"
                          CONTENT="autem"/>
                  <SP HEIGHT="80" WIDTH="21" VPOS="1443" HPOS="731"/>
                  <String HEIGHT="80"
                          WIDTH="146"
                          VPOS="1443"
                          HPOS="668"
                          CONTENT="non"/>
                  <SP HEIGHT="80" WIDTH="21" VPOS="1443" HPOS="814"/>
                  <String HEIGHT="80"
                          WIDTH="146"
                          VPOS="1443"
                          HPOS="752"
                          CONTENT="ita"/>
                  <SP HEIGHT="80" WIDTH="21" VPOS="1443" HPOS="898"/>
                  <String HEIGHT="80"
                          WIDTH="209"
                          VPOS="1443"
                          HPOS="835"
                          CONTENT="procul"/>
                  <SP HEIGHT="80" WIDTH="21" VPOS="1443" HPOS="1044"/>
                  <String HEIGHT="80" WIDTH="104" VPOS="1443" HPOS="981" CONTENT="a"/>
                  <SP HEIGHT="80" WIDTH="21" VPOS="1443" HPOS="1086"/>
                  <String HEIGHT="80"
                          WIDTH="167"
                          VPOS="1443"
                          HPOS="1023"
                          CONTENT="uelo"/>
                  <SP HEIGHT="80" WIDTH="21" VPOS="1443" HPOS="1190"/>
                  <String HEIGHT="80"
                          WIDTH="230"
                          VPOS="1443"
                          HPOS="1128"
                          CONTENT="secundo"/>
                  <SP HEIGHT="80" WIDTH="21" VPOS="1443" HPOS="1357"/>
                  <String HEIGHT="80"
                          WIDTH="209"
                          VPOS="1443"
                          HPOS="1295"
                          CONTENT="sancti"/>
                  <SP HEIGHT="80" WIDTH="21" VPOS="1443" HPOS="1504"/>
                  <String HEIGHT="80"
                          WIDTH="272"
                          VPOS="1443"
                          HPOS="1441"
                          CONTENT="apparebat"/>
                  <SP HEIGHT="80" WIDTH="21" VPOS="1443" HPOS="1712"/>
                  <String HEIGHT="80"
                          WIDTH="146"
                          VPOS="1443"
                          HPOS="1650"
                          CONTENT="Ara"/>
                  <SP HEIGHT="80" WIDTH="21" VPOS="1443" HPOS="1796"/>
                  <String HEIGHT="80" WIDTH="84" VPOS="1443" HPOS="1712" CONTENT="ho"/>
               </TextLine>
               <TextLine ID="r1l24"
                         BASELINE="1579"
                         HEIGHT="87"
                         WIDTH="1656"
                         VPOS="1492"
                         HPOS="140">
                  <String HEIGHT="87"
                          WIDTH="349"
                          VPOS="1492"
                          HPOS="118"
                          CONTENT="locaustorum,"/>
                  <SP HEIGHT="87" WIDTH="22" VPOS="1492" HPOS="467"/>
                  <String HEIGHT="87" WIDTH="131" VPOS="1492" HPOS="401" CONTENT="ac"/>
                  <SP HEIGHT="87" WIDTH="22" VPOS="1492" HPOS="532"/>
                  <String HEIGHT="87"
                          WIDTH="196"
                          VPOS="1492"
                          HPOS="467"
                          CONTENT="inter"/>
                  <SP HEIGHT="87" WIDTH="22" VPOS="1492" HPOS="663"/>
                  <String HEIGHT="87"
                          WIDTH="174"
                          VPOS="1492"
                          HPOS="598"
                          CONTENT="aram"/>
                  <SP HEIGHT="87" WIDTH="22" VPOS="1492" HPOS="772"/>
                  <String HEIGHT="87" WIDTH="109" VPOS="1492" HPOS="707" CONTENT="&amp;"/>
                  <SP HEIGHT="87" WIDTH="22" VPOS="1492" HPOS="815"/>
                  <String HEIGHT="87"
                          WIDTH="196"
                          VPOS="1492"
                          HPOS="750"
                          CONTENT="uelum"/>
                  <SP HEIGHT="87" WIDTH="22" VPOS="1492" HPOS="946"/>
                  <String HEIGHT="87"
                          WIDTH="305"
                          VPOS="1492"
                          HPOS="881"
                          CONTENT="collocatum"/>
                  <SP HEIGHT="87" WIDTH="22" VPOS="1492" HPOS="1186"/>
                  <String HEIGHT="87"
                          WIDTH="174"
                          VPOS="1492"
                          HPOS="1121"
                          CONTENT="erat"/>
                  <SP HEIGHT="87" WIDTH="22" VPOS="1492" HPOS="1295"/>
                  <String HEIGHT="87"
                          WIDTH="218"
                          VPOS="1492"
                          HPOS="1229"
                          CONTENT="solium"/>
                  <SP HEIGHT="87" WIDTH="22" VPOS="1492" HPOS="1447"/>
                  <String HEIGHT="87"
                          WIDTH="174"
                          VPOS="1492"
                          HPOS="1382"
                          CONTENT="siue"/>
                  <SP HEIGHT="87" WIDTH="22" VPOS="1492" HPOS="1556"/>
                  <String HEIGHT="87"
                          WIDTH="240"
                          VPOS="1492"
                          HPOS="1491"
                          CONTENT="labrum,"/>
                  <SP HEIGHT="87" WIDTH="22" VPOS="1492" HPOS="1731"/>
                  <String HEIGHT="87" WIDTH="109" VPOS="1492" HPOS="1665" CONTENT="e"/>
                  <SP HEIGHT="87" WIDTH="22" VPOS="1492" HPOS="1774"/>
                  <String HEIGHT="87"
                          WIDTH="109"
                          VPOS="1492"
                          HPOS="1687"
                          CONTENT="quo"/>
               </TextLine>
               <TextLine ID="r1l25"
                         BASELINE="1631"
                         HEIGHT="83"
                         WIDTH="1652"
                         VPOS="1548"
                         HPOS="145">
                  <String HEIGHT="83" WIDTH="127" VPOS="1548" HPOS="124" CONTENT="se"/>
                  <SP HEIGHT="83" WIDTH="21" VPOS="1548" HPOS="251"/>
                  <String HEIGHT="83"
                          WIDTH="275"
                          VPOS="1548"
                          HPOS="187"
                          CONTENT="abluebant"/>
                  <SP HEIGHT="83" WIDTH="21" VPOS="1548" HPOS="463"/>
                  <String HEIGHT="83"
                          WIDTH="318"
                          VPOS="1548"
                          HPOS="399"
                          CONTENT="sacerdotes,"/>
                  <SP HEIGHT="83" WIDTH="21" VPOS="1548" HPOS="717"/>
                  <String HEIGHT="83"
                          WIDTH="148"
                          VPOS="1548"
                          HPOS="653"
                          CONTENT="rem"/>
                  <SP HEIGHT="83" WIDTH="21" VPOS="1548" HPOS="802"/>
                  <String HEIGHT="83"
                          WIDTH="233"
                          VPOS="1548"
                          HPOS="738"
                          CONTENT="facturi"/>
                  <SP HEIGHT="83" WIDTH="21" VPOS="1548" HPOS="971"/>
                  <String HEIGHT="83"
                          WIDTH="233"
                          VPOS="1548"
                          HPOS="907"
                          CONTENT="sacram."/>
                  <SP HEIGHT="83" WIDTH="21" VPOS="1548" HPOS="1140"/>
                  <String HEIGHT="83"
                          WIDTH="127"
                          VPOS="1548"
                          HPOS="1077"
                          CONTENT="Ad"/>
                  <SP HEIGHT="83" WIDTH="21" VPOS="1548" HPOS="1204"/>
                  <String HEIGHT="83"
                          WIDTH="169"
                          VPOS="1548"
                          HPOS="1140"
                          CONTENT="aram"/>
                  <SP HEIGHT="83" WIDTH="21" VPOS="1548" HPOS="1310"/>
                  <String HEIGHT="83"
                          WIDTH="169"
                          VPOS="1548"
                          HPOS="1246"
                          CONTENT="omni"/>
                  <SP HEIGHT="83" WIDTH="21" VPOS="1548" HPOS="1416"/>
                  <String HEIGHT="83"
                          WIDTH="127"
                          VPOS="1548"
                          HPOS="1352"
                          CONTENT="ex"/>
                  <SP HEIGHT="83" WIDTH="21" VPOS="1548" HPOS="1479"/>
                  <String HEIGHT="83"
                          WIDTH="191"
                          VPOS="1548"
                          HPOS="1416"
                          CONTENT="parte"/>
                  <SP HEIGHT="83" WIDTH="21" VPOS="1548" HPOS="1606"/>
                  <String HEIGHT="83"
                          WIDTH="275"
                          VPOS="1548"
                          HPOS="1522"
                          CONTENT="prospectare"/>
               </TextLine>
               <TextLine ID="r1l26"
                         BASELINE="1680"
                         HEIGHT="66"
                         WIDTH="1646"
                         VPOS="1614"
                         HPOS="145">
                  <String HEIGHT="66"
                          WIDTH="248"
                          VPOS="1614"
                          HPOS="122"
                          CONTENT="poterat"/>
                  <SP HEIGHT="66" WIDTH="23" VPOS="1614" HPOS="370"/>
                  <String HEIGHT="66"
                          WIDTH="271"
                          VPOS="1614"
                          HPOS="303"
                          CONTENT="populus,"/>
                  <SP HEIGHT="66" WIDTH="23" VPOS="1614" HPOS="573"/>
                  <String HEIGHT="66"
                          WIDTH="158"
                          VPOS="1614"
                          HPOS="506"
                          CONTENT="qui"/>
                  <SP HEIGHT="66" WIDTH="23" VPOS="1614" HPOS="664"/>
                  <String HEIGHT="66"
                          WIDTH="428"
                          VPOS="1614"
                          HPOS="596"
                          CONTENT="contemplandorum"/>
                  <SP HEIGHT="66" WIDTH="23" VPOS="1614" HPOS="1024"/>
                  <String HEIGHT="66"
                          WIDTH="271"
                          VPOS="1614"
                          HPOS="957"
                          CONTENT="sacrorum"/>
                  <SP HEIGHT="66" WIDTH="23" VPOS="1614" HPOS="1227"/>
                  <String HEIGHT="66"
                          WIDTH="225"
                          VPOS="1614"
                          HPOS="1160"
                          CONTENT="gratia"/>
                  <SP HEIGHT="66" WIDTH="23" VPOS="1614" HPOS="1385"/>
                  <String HEIGHT="66"
                          WIDTH="316"
                          VPOS="1614"
                          HPOS="1317"
                          CONTENT="aduenerat."/>
                  <SP HEIGHT="66" WIDTH="23" VPOS="1614" HPOS="1633"/>
                  <String HEIGHT="66"
                          WIDTH="248"
                          VPOS="1614"
                          HPOS="1543"
                          CONTENT="Huiusmodi"/>
               </TextLine>
               <TextLine ID="r1l27"
                         BASELINE="1751"
                         HEIGHT="80"
                         WIDTH="1643"
                         VPOS="1671"
                         HPOS="145">
                  <String HEIGHT="80"
                          WIDTH="173"
                          VPOS="1671"
                          HPOS="123"
                          CONTENT="uero"/>
                  <SP HEIGHT="80" WIDTH="22" VPOS="1671" HPOS="296"/>
                  <String HEIGHT="80"
                          WIDTH="173"
                          VPOS="1671"
                          HPOS="231"
                          CONTENT="fuit"/>
                  <SP HEIGHT="80" WIDTH="22" VPOS="1671" HPOS="404"/>
                  <String HEIGHT="80"
                          WIDTH="195"
                          VPOS="1671"
                          HPOS="340"
                          CONTENT="locus"/>
                  <SP HEIGHT="80" WIDTH="22" VPOS="1671" HPOS="534"/>
                  <String HEIGHT="80"
                          WIDTH="259"
                          VPOS="1671"
                          HPOS="469"
                          CONTENT="sacrorum"/>
                  <SP HEIGHT="80" WIDTH="22" VPOS="1671" HPOS="729"/>
                  <String HEIGHT="80"
                          WIDTH="195"
                          VPOS="1671"
                          HPOS="664"
                          CONTENT="ipsum"/>
                  <SP HEIGHT="80" WIDTH="22" VPOS="1671" HPOS="858"/>
                  <String HEIGHT="80"
                          WIDTH="216"
                          VPOS="1671"
                          HPOS="794"
                          CONTENT="populi"/>
                  <SP HEIGHT="80" WIDTH="22" VPOS="1671" HPOS="1010"/>
                  <String HEIGHT="80"
                          WIDTH="324"
                          VPOS="1671"
                          HPOS="945"
                          CONTENT="lzraelitici"/>
                  <SP HEIGHT="80" WIDTH="22" VPOS="1671" HPOS="1269"/>
                  <String HEIGHT="80"
                          WIDTH="259"
                          VPOS="1671"
                          HPOS="1204"
                          CONTENT="templum."/>
                  <SP HEIGHT="80" WIDTH="22" VPOS="1671" HPOS="1464"/>
                  <String HEIGHT="80"
                          WIDTH="130"
                          VPOS="1671"
                          HPOS="1399"
                          CONTENT="De"/>
                  <SP HEIGHT="80" WIDTH="22" VPOS="1671" HPOS="1529"/>
                  <String HEIGHT="80"
                          WIDTH="151"
                          VPOS="1671"
                          HPOS="1464"
                          CONTENT="quo"/>
                  <SP HEIGHT="80" WIDTH="22" VPOS="1671" HPOS="1615"/>
                  <String HEIGHT="80"
                          WIDTH="259"
                          VPOS="1671"
                          HPOS="1529"
                          CONTENT="copiosiora"/>
               </TextLine>
               <TextLine ID="r1l28"
                         BASELINE="1791"
                         HEIGHT="73"
                         WIDTH="1123"
                         VPOS="1718"
                         HPOS="140">
                  <String HEIGHT="73" WIDTH="99" VPOS="1718" HPOS="120" CONTENT="&amp;"/>
                  <SP HEIGHT="73" WIDTH="20" VPOS="1718" HPOS="219"/>
                  <String HEIGHT="73"
                          WIDTH="236"
                          VPOS="1718"
                          HPOS="160"
                          CONTENT="pleniora"/>
                  <SP HEIGHT="73" WIDTH="20" VPOS="1718" HPOS="396"/>
                  <String HEIGHT="73"
                          WIDTH="197"
                          VPOS="1718"
                          HPOS="337"
                          CONTENT="leget,"/>
                  <SP HEIGHT="73" WIDTH="20" VPOS="1718" HPOS="534"/>
                  <String HEIGHT="73"
                          WIDTH="138"
                          VPOS="1718"
                          HPOS="475"
                          CONTENT="qui"/>
                  <SP HEIGHT="73" WIDTH="20" VPOS="1718" HPOS="613"/>
                  <String HEIGHT="73"
                          WIDTH="197"
                          VPOS="1718"
                          HPOS="554"
                          CONTENT="uolet,"/>
                  <SP HEIGHT="73" WIDTH="20" VPOS="1718" HPOS="751"/>
                  <String HEIGHT="73"
                          WIDTH="177"
                          VPOS="1718"
                          HPOS="692"
                          CONTENT="Exodi"/>
                  <SP HEIGHT="73" WIDTH="20" VPOS="1718" HPOS="869"/>
                  <String HEIGHT="73"
                          WIDTH="138"
                          VPOS="1718"
                          HPOS="810"
                          CONTENT="26."/>
                  <SP HEIGHT="73" WIDTH="20" VPOS="1718" HPOS="948"/>
                  <String HEIGHT="73"
                          WIDTH="138"
                          VPOS="1718"
                          HPOS="889"
                          CONTENT="27."/>
                  <SP HEIGHT="73" WIDTH="20" VPOS="1718" HPOS="1027"/>
                  <String HEIGHT="73"
                          WIDTH="138"
                          VPOS="1718"
                          HPOS="967"
                          CONTENT="36."/>
                  <SP HEIGHT="73" WIDTH="20" VPOS="1718" HPOS="1105"/>
                  <String HEIGHT="73"
                          WIDTH="138"
                          VPOS="1718"
                          HPOS="1046"
                          CONTENT="38."/>
                  <SP HEIGHT="73" WIDTH="20" VPOS="1718" HPOS="1184"/>
                  <String HEIGHT="73"
                          WIDTH="138"
                          VPOS="1718"
                          HPOS="1125"
                          CONTENT="40."/>
                  <SP HEIGHT="73" WIDTH="20" VPOS="1718" HPOS="1263"/>
                  <String HEIGHT="73" WIDTH="79" VPOS="1718" HPOS="1184" CONTENT="&amp;c"/>
               </TextLine>
               <TextLine ID="line_1592941024384_1388"
                         BASELINE="1840"
                         HEIGHT="69"
                         WIDTH="1561"
                         VPOS="1771"
                         HPOS="241">
                  <String HEIGHT="69"
                          WIDTH="173"
                          VPOS="1771"
                          HPOS="219"
                          CONTENT="Quae"/>
                  <SP HEIGHT="69" WIDTH="22" VPOS="1771" HPOS="393"/>
                  <String HEIGHT="69"
                          WIDTH="195"
                          VPOS="1771"
                          HPOS="328"
                          CONTENT="autem"/>
                  <SP HEIGHT="69" WIDTH="22" VPOS="1771" HPOS="523"/>
                  <String HEIGHT="69"
                          WIDTH="260"
                          VPOS="1771"
                          HPOS="458"
                          CONTENT="hactenus"/>
                  <SP HEIGHT="69" WIDTH="22" VPOS="1771" HPOS="718"/>
                  <String HEIGHT="69"
                          WIDTH="304"
                          VPOS="1771"
                          HPOS="653"
                          CONTENT="protulimus"/>
                  <SP HEIGHT="69" WIDTH="22" VPOS="1771" HPOS="956"/>
                  <String HEIGHT="69" WIDTH="130" VPOS="1771" HPOS="891" CONTENT="de"/>
                  <SP HEIGHT="69" WIDTH="22" VPOS="1771" HPOS="1022"/>
                  <String HEIGHT="69"
                          WIDTH="325"
                          VPOS="1771"
                          HPOS="956"
                          CONTENT="Tabernaculi"/>
                  <SP HEIGHT="69" WIDTH="22" VPOS="1771" HPOS="1282"/>
                  <String HEIGHT="69"
                          WIDTH="304"
                          VPOS="1771"
                          HPOS="1217"
                          CONTENT="structura,"/>
                  <SP HEIGHT="69" WIDTH="22" VPOS="1771" HPOS="1520"/>
                  <String HEIGHT="69"
                          WIDTH="173"
                          VPOS="1771"
                          HPOS="1455"
                          CONTENT="usum"/>
                  <SP HEIGHT="69" WIDTH="22" VPOS="1771" HPOS="1629"/>
                  <String HEIGHT="69"
                          WIDTH="260"
                          VPOS="1771"
                          HPOS="1542"
                          CONTENT="splendidum"/>
               </TextLine>
               <TextLine ID="line_1592941024389_1390"
                         BASELINE="1895"
                         HEIGHT="65"
                         WIDTH="1660"
                         VPOS="1830"
                         HPOS="140">
                  <String HEIGHT="65" WIDTH="106" VPOS="1830" HPOS="119" CONTENT="&amp;"/>
                  <SP HEIGHT="65" WIDTH="21" VPOS="1830" HPOS="225"/>
                  <String HEIGHT="65"
                          WIDTH="404"
                          VPOS="1830"
                          HPOS="161"
                          CONTENT="significationem"/>
                  <SP HEIGHT="65" WIDTH="21" VPOS="1830" HPOS="566"/>
                  <String HEIGHT="65"
                          WIDTH="213"
                          VPOS="1830"
                          HPOS="502"
                          CONTENT="minime"/>
                  <SP HEIGHT="65" WIDTH="21" VPOS="1830" HPOS="715"/>
                  <String HEIGHT="65"
                          WIDTH="255"
                          VPOS="1830"
                          HPOS="651"
                          CONTENT="obscuram"/>
                  <SP HEIGHT="65" WIDTH="21" VPOS="1830" HPOS="906"/>
                  <String HEIGHT="65"
                          WIDTH="234"
                          VPOS="1830"
                          HPOS="842"
                          CONTENT="habent."/>
                  <SP HEIGHT="65" WIDTH="21" VPOS="1830" HPOS="1076"/>
                  <String HEIGHT="65"
                          WIDTH="192"
                          VPOS="1830"
                          HPOS="1013"
                          CONTENT="Vtile"/>
                  <SP HEIGHT="65" WIDTH="21" VPOS="1830" HPOS="1204"/>
                  <String HEIGHT="65"
                          WIDTH="170"
                          VPOS="1830"
                          HPOS="1140"
                          CONTENT="fuit"/>
                  <SP HEIGHT="65" WIDTH="21" VPOS="1830" HPOS="1311"/>
                  <String HEIGHT="65"
                          WIDTH="128"
                          VPOS="1830"
                          HPOS="1247"
                          CONTENT="in"/>
                  <SP HEIGHT="65" WIDTH="21" VPOS="1830" HPOS="1374"/>
                  <String HEIGHT="65"
                          WIDTH="213"
                          VPOS="1830"
                          HPOS="1311"
                          CONTENT="primis"/>
                  <SP HEIGHT="65" WIDTH="21" VPOS="1830" HPOS="1523"/>
                  <String HEIGHT="65"
                          WIDTH="128"
                          VPOS="1830"
                          HPOS="1459"
                          CONTENT="ad"/>
                  <SP HEIGHT="65" WIDTH="21" VPOS="1830" HPOS="1587"/>
                  <String HEIGHT="65"
                          WIDTH="255"
                          VPOS="1830"
                          HPOS="1523"
                          CONTENT="unitatem"/>
                  <SP HEIGHT="65" WIDTH="21" VPOS="1830" HPOS="1779"/>
                  <String HEIGHT="65"
                          WIDTH="106"
                          VPOS="1830"
                          HPOS="1694"
                          CONTENT="fi"
                          SUBS_TYPE="HypPart1"
                          SUBS_CONTENT="fidei"/>
                  <HYP CONTENT="-"/>
               </TextLine>
               <TextLine ID="r1l31"
                         BASELINE="1965"
                         HEIGHT="75"
                         WIDTH="1640"
                         VPOS="1890"
                         HPOS="146">
                  <String HEIGHT="75"
                          WIDTH="153"
                          VPOS="1890"
                          HPOS="124"
                          CONTENT="dei"
                          SUBS_TYPE="HypPart2"
                          SUBS_CONTENT="fidei"/>
                  <SP HEIGHT="75" WIDTH="22" VPOS="1890" HPOS="277"/>
                  <String HEIGHT="75"
                          WIDTH="306"
                          VPOS="1890"
                          HPOS="212"
                          CONTENT="catholices"/>
                  <SP HEIGHT="75" WIDTH="22" VPOS="1890" HPOS="518"/>
                  <String HEIGHT="75"
                          WIDTH="153"
                          VPOS="1890"
                          HPOS="452"
                          CONTENT="tum"/>
                  <SP HEIGHT="75" WIDTH="22" VPOS="1890" HPOS="605"/>
                  <String HEIGHT="75"
                          WIDTH="241"
                          VPOS="1890"
                          HPOS="540"
                          CONTENT="alendam"/>
                  <SP HEIGHT="75" WIDTH="22" VPOS="1890" HPOS="780"/>
                  <String HEIGHT="75"
                          WIDTH="153"
                          VPOS="1890"
                          HPOS="715"
                          CONTENT="tum"/>
                  <SP HEIGHT="75" WIDTH="22" VPOS="1890" HPOS="868"/>
                  <String HEIGHT="75"
                          WIDTH="328"
                          VPOS="1890"
                          HPOS="802"
                          CONTENT="retinendam."/>
                  <SP HEIGHT="75" WIDTH="22" VPOS="1890" HPOS="1130"/>
                  <String HEIGHT="75"
                          WIDTH="153"
                          VPOS="1890"
                          HPOS="1064"
                          CONTENT="Vno"/>
                  <SP HEIGHT="75" WIDTH="22" VPOS="1890" HPOS="1217"/>
                  <String HEIGHT="75"
                          WIDTH="175"
                          VPOS="1890"
                          HPOS="1152"
                          CONTENT="enim"/>
                  <SP HEIGHT="75" WIDTH="22" VPOS="1890" HPOS="1327"/>
                  <String HEIGHT="75"
                          WIDTH="153"
                          VPOS="1890"
                          HPOS="1261"
                          CONTENT="hoc"/>
                  <SP HEIGHT="75" WIDTH="22" VPOS="1890" HPOS="1414"/>
                  <String HEIGHT="75"
                          WIDTH="328"
                          VPOS="1890"
                          HPOS="1349"
                          CONTENT="tabernaculo"/>
                  <SP HEIGHT="75" WIDTH="22" VPOS="1890" HPOS="1677"/>
                  <String HEIGHT="75"
                          WIDTH="153"
                          VPOS="1890"
                          HPOS="1611"
                          CONTENT="ceu"/>
                  <SP HEIGHT="75" WIDTH="22" VPOS="1890" HPOS="1764"/>
                  <String HEIGHT="75"
                          WIDTH="109"
                          VPOS="1890"
                          HPOS="1677"
                          CONTENT="uin"/>
               </TextLine>
               <TextLine ID="r1l32"
                         BASELINE="2015"
                         HEIGHT="70"
                         WIDTH="1641"
                         VPOS="1945"
                         HPOS="145">
                  <String HEIGHT="70"
                          WIDTH="162"
                          VPOS="1945"
                          HPOS="125"
                          CONTENT="culo"/>
                  <SP HEIGHT="70" WIDTH="20" VPOS="1945" HPOS="287"/>
                  <String HEIGHT="70"
                          WIDTH="304"
                          VPOS="1945"
                          HPOS="226"
                          CONTENT="firmissimo,"/>
                  <SP HEIGHT="70" WIDTH="20" VPOS="1945" HPOS="530"/>
                  <String HEIGHT="70"
                          WIDTH="203"
                          VPOS="1945"
                          HPOS="469"
                          CONTENT="primum"/>
                  <SP HEIGHT="70" WIDTH="20" VPOS="1945" HPOS="672"/>
                  <String HEIGHT="70"
                          WIDTH="142"
                          VPOS="1945"
                          HPOS="611"
                          CONTENT="deo"/>
                  <SP HEIGHT="70" WIDTH="20" VPOS="1945" HPOS="753"/>
                  <String HEIGHT="70" WIDTH="101" VPOS="1945" HPOS="692" CONTENT="&amp;"/>
                  <SP HEIGHT="70" WIDTH="20" VPOS="1945" HPOS="793"/>
                  <String HEIGHT="70"
                          WIDTH="162"
                          VPOS="1945"
                          HPOS="733"
                          CONTENT="eius"/>
                  <SP HEIGHT="70" WIDTH="20" VPOS="1945" HPOS="895"/>
                  <String HEIGHT="70"
                          WIDTH="223"
                          VPOS="1945"
                          HPOS="834"
                          CONTENT="cultui,"/>
                  <SP HEIGHT="70" WIDTH="20" VPOS="1945" HPOS="1057"/>
                  <String HEIGHT="70"
                          WIDTH="203"
                          VPOS="1945"
                          HPOS="996"
                          CONTENT="deinde"/>
                  <SP HEIGHT="70" WIDTH="20" VPOS="1945" HPOS="1198"/>
                  <String HEIGHT="70"
                          WIDTH="162"
                          VPOS="1945"
                          HPOS="1138"
                          CONTENT="ipsi"/>
                  <SP HEIGHT="70" WIDTH="20" VPOS="1945" HPOS="1300"/>
                  <String HEIGHT="70"
                          WIDTH="182"
                          VPOS="1945"
                          HPOS="1239"
                          CONTENT="inter"/>
                  <SP HEIGHT="70" WIDTH="20" VPOS="1945" HPOS="1421"/>
                  <String HEIGHT="70"
                          WIDTH="182"
                          VPOS="1945"
                          HPOS="1361"
                          CONTENT="sese,"/>
                  <SP HEIGHT="70" WIDTH="20" VPOS="1945" HPOS="1543"/>
                  <String HEIGHT="70"
                          WIDTH="203"
                          VPOS="1945"
                          HPOS="1482"
                          CONTENT="ueluti"/>
                  <SP HEIGHT="70" WIDTH="20" VPOS="1945" HPOS="1685"/>
                  <String HEIGHT="70"
                          WIDTH="122"
                          VPOS="1945"
                          HPOS="1624"
                          CONTENT="in"/>
                  <SP HEIGHT="70" WIDTH="20" VPOS="1945" HPOS="1745"/>
                  <String HEIGHT="70"
                          WIDTH="122"
                          VPOS="1945"
                          HPOS="1664"
                          CONTENT="unum"/>
               </TextLine>
               <TextLine ID="r1l33"
                         BASELINE="2079"
                         HEIGHT="74"
                         WIDTH="1638"
                         VPOS="2005"
                         HPOS="140">
                  <String HEIGHT="74"
                          WIDTH="213"
                          VPOS="2005"
                          HPOS="119"
                          CONTENT="corpus"/>
                  <SP HEIGHT="74" WIDTH="21" VPOS="2005" HPOS="331"/>
                  <String HEIGHT="74"
                          WIDTH="298"
                          VPOS="2005"
                          HPOS="268"
                          CONTENT="lsraelitae"/>
                  <SP HEIGHT="74" WIDTH="21" VPOS="2005" HPOS="565"/>
                  <String HEIGHT="74"
                          WIDTH="447"
                          VPOS="2005"
                          HPOS="502"
                          CONTENT="constringebantur."/>
                  <SP HEIGHT="74" WIDTH="21" VPOS="2005" HPOS="948"/>
                  <String HEIGHT="74"
                          WIDTH="149"
                          VPOS="2005"
                          HPOS="885"
                          CONTENT="Nam"/>
                  <SP HEIGHT="74" WIDTH="21" VPOS="2005" HPOS="1033"/>
                  <String HEIGHT="74" WIDTH="128" VPOS="2005" HPOS="970" CONTENT="ad"/>
                  <SP HEIGHT="74" WIDTH="21" VPOS="2005" HPOS="1097"/>
                  <String HEIGHT="74"
                          WIDTH="149"
                          VPOS="2005"
                          HPOS="1033"
                          CONTENT="hoc"/>
                  <SP HEIGHT="74" WIDTH="21" VPOS="2005" HPOS="1182"/>
                  <String HEIGHT="74"
                          WIDTH="340"
                          VPOS="2005"
                          HPOS="1119"
                          CONTENT="tabernaculum"/>
                  <SP HEIGHT="74" WIDTH="21" VPOS="2005" HPOS="1459"/>
                  <String HEIGHT="74"
                          WIDTH="191"
                          VPOS="2005"
                          HPOS="1395"
                          CONTENT="totus"/>
                  <SP HEIGHT="74" WIDTH="21" VPOS="2005" HPOS="1587"/>
                  <String HEIGHT="74"
                          WIDTH="234"
                          VPOS="2005"
                          HPOS="1523"
                          CONTENT="populus"/>
                  <SP HEIGHT="74" WIDTH="21" VPOS="2005" HPOS="1757"/>
                  <String HEIGHT="74"
                          WIDTH="106"
                          VPOS="2005"
                          HPOS="1672"
                          CONTENT="col"/>
               </TextLine>
               <TextLine ID="r1l34"
                         BASELINE="2128"
                         HEIGHT="74"
                         WIDTH="1641"
                         VPOS="2054"
                         HPOS="146">
                  <String HEIGHT="74"
                          WIDTH="288"
                          VPOS="2054"
                          HPOS="124"
                          CONTENT="ligebatur"/>
                  <SP HEIGHT="74" WIDTH="22" VPOS="2054" HPOS="412"/>
                  <String HEIGHT="74"
                          WIDTH="244"
                          VPOS="2054"
                          HPOS="346"
                          CONTENT="tanquam"/>
                  <SP HEIGHT="74" WIDTH="22" VPOS="2054" HPOS="590"/>
                  <String HEIGHT="74" WIDTH="133" VPOS="2054" HPOS="523" CONTENT="ad"/>
                  <SP HEIGHT="74" WIDTH="22" VPOS="2054" HPOS="656"/>
                  <String HEIGHT="74"
                          WIDTH="177"
                          VPOS="2054"
                          HPOS="590"
                          CONTENT="unam"/>
                  <SP HEIGHT="74" WIDTH="22" VPOS="2054" HPOS="767"/>
                  <String HEIGHT="74"
                          WIDTH="310"
                          VPOS="2054"
                          HPOS="700"
                          CONTENT="parochiam,"/>
                  <SP HEIGHT="74" WIDTH="22" VPOS="2054" HPOS="1011"/>
                  <String HEIGHT="74"
                          WIDTH="155"
                          VPOS="2054"
                          HPOS="944"
                          CONTENT="sub"/>
                  <SP HEIGHT="74" WIDTH="22" VPOS="2054" HPOS="1100"/>
                  <String HEIGHT="74"
                          WIDTH="200"
                          VPOS="2054"
                          HPOS="1033"
                          CONTENT="unius"/>
                  <SP HEIGHT="74" WIDTH="22" VPOS="2054" HPOS="1233"/>
                  <String HEIGHT="74"
                          WIDTH="155"
                          VPOS="2054"
                          HPOS="1166"
                          CONTENT="dei"/>
                  <SP HEIGHT="74" WIDTH="22" VPOS="2054" HPOS="1321"/>
                  <String HEIGHT="74"
                          WIDTH="244"
                          VPOS="2054"
                          HPOS="1255"
                          CONTENT="cultum."/>
                  <SP HEIGHT="74" WIDTH="22" VPOS="2054" HPOS="1499"/>
                  <String HEIGHT="74"
                          WIDTH="222"
                          VPOS="2054"
                          HPOS="1432"
                          CONTENT="Cumque"/>
                  <SP HEIGHT="74" WIDTH="22" VPOS="2054" HPOS="1654"/>
                  <String HEIGHT="74"
                          WIDTH="222"
                          VPOS="2054"
                          HPOS="1565"
                          CONTENT="degerent"/>
               </TextLine>
               <TextLine ID="r1l35"
                         BASELINE="2184"
                         HEIGHT="72"
                         WIDTH="1631"
                         VPOS="2112"
                         HPOS="141">
                  <String HEIGHT="72" WIDTH="117" VPOS="2112" HPOS="122" CONTENT="in"/>
                  <SP HEIGHT="72" WIDTH="19" VPOS="2112" HPOS="238"/>
                  <String HEIGHT="72"
                          WIDTH="311"
                          VPOS="2112"
                          HPOS="180"
                          CONTENT="tabernaculis"/>
                  <SP HEIGHT="72" WIDTH="19" VPOS="2112" HPOS="490"/>
                  <String HEIGHT="72"
                          WIDTH="175"
                          VPOS="2112"
                          HPOS="432"
                          CONTENT="filij"/>
                  <SP HEIGHT="72" WIDTH="19" VPOS="2112" HPOS="607"/>
                  <String HEIGHT="72"
                          WIDTH="252"
                          VPOS="2112"
                          HPOS="549"
                          CONTENT="lzraelis,"/>
                  <SP HEIGHT="72" WIDTH="19" VPOS="2112" HPOS="801"/>
                  <String HEIGHT="72"
                          WIDTH="194"
                          VPOS="2112"
                          HPOS="743"
                          CONTENT="uoluit"/>
                  <SP HEIGHT="72" WIDTH="19" VPOS="2112" HPOS="937"/>
                  <String HEIGHT="72"
                          WIDTH="175"
                          VPOS="2112"
                          HPOS="879"
                          CONTENT="etiam"/>
                  <SP HEIGHT="72" WIDTH="19" VPOS="2112" HPOS="1054"/>
                  <String HEIGHT="72"
                          WIDTH="155"
                          VPOS="2112"
                          HPOS="995"
                          CONTENT="sibi"/>
                  <SP HEIGHT="72" WIDTH="19" VPOS="2112" HPOS="1151"/>
                  <String HEIGHT="72"
                          WIDTH="214"
                          VPOS="2112"
                          HPOS="1092"
                          CONTENT="dominus"/>
                  <SP HEIGHT="72" WIDTH="19" VPOS="2112" HPOS="1306"/>
                  <String HEIGHT="72"
                          WIDTH="194"
                          VPOS="2112"
                          HPOS="1248"
                          CONTENT="extrui"/>
                  <SP HEIGHT="72" WIDTH="19" VPOS="2112" HPOS="1442"/>
                  <String HEIGHT="72"
                          WIDTH="330"
                          VPOS="2112"
                          HPOS="1384"
                          CONTENT="tabernaculum,"/>
                  <SP HEIGHT="72" WIDTH="19" VPOS="2112" HPOS="1714"/>
                  <String HEIGHT="72" WIDTH="97" VPOS="2112" HPOS="1656" CONTENT="&amp;"/>
                  <SP HEIGHT="72" WIDTH="19" VPOS="2112" HPOS="1753"/>
                  <String HEIGHT="72"
                          WIDTH="97"
                          VPOS="2112"
                          HPOS="1675"
                          CONTENT="hoc"/>
               </TextLine>
               <TextLine ID="r1l36"
                         BASELINE="2242"
                         HEIGHT="72"
                         WIDTH="1631"
                         VPOS="2170"
                         HPOS="146">
                  <String HEIGHT="72" WIDTH="118" VPOS="2170" HPOS="126" CONTENT="in"/>
                  <SP HEIGHT="72" WIDTH="20" VPOS="2170" HPOS="244"/>
                  <String HEIGHT="72"
                          WIDTH="177"
                          VPOS="2170"
                          HPOS="185"
                          CONTENT="medio"/>
                  <SP HEIGHT="72" WIDTH="20" VPOS="2170" HPOS="362"/>
                  <String HEIGHT="72"
                          WIDTH="216"
                          VPOS="2170"
                          HPOS="303"
                          CONTENT="ipsorum"/>
                  <SP HEIGHT="72" WIDTH="20" VPOS="2170" HPOS="519"/>
                  <String HEIGHT="72"
                          WIDTH="275"
                          VPOS="2170"
                          HPOS="460"
                          CONTENT="collocari,"/>
                  <SP HEIGHT="72" WIDTH="20" VPOS="2170" HPOS="736"/>
                  <String HEIGHT="72" WIDTH="118" VPOS="2170" HPOS="677" CONTENT="ut"/>
                  <SP HEIGHT="72" WIDTH="20" VPOS="2170" HPOS="794"/>
                  <String HEIGHT="72"
                          WIDTH="138"
                          VPOS="2170"
                          HPOS="736"
                          CONTENT="uel"/>
                  <SP HEIGHT="72" WIDTH="20" VPOS="2170" HPOS="873"/>
                  <String HEIGHT="72"
                          WIDTH="138"
                          VPOS="2170"
                          HPOS="814"
                          CONTENT="ita"/>
                  <SP HEIGHT="72" WIDTH="20" VPOS="2170" HPOS="952"/>
                  <String HEIGHT="72"
                          WIDTH="275"
                          VPOS="2170"
                          HPOS="893"
                          CONTENT="testaretur"/>
                  <SP HEIGHT="72" WIDTH="20" VPOS="2170" HPOS="1168"/>
                  <String HEIGHT="72"
                          WIDTH="118"
                          VPOS="2170"
                          HPOS="1109"
                          CONTENT="se"/>
                  <SP HEIGHT="72" WIDTH="20" VPOS="2170" HPOS="1227"/>
                  <String HEIGHT="72"
                          WIDTH="118"
                          VPOS="2170"
                          HPOS="1168"
                          CONTENT="in"/>
                  <SP HEIGHT="72" WIDTH="20" VPOS="2170" HPOS="1286"/>
                  <String HEIGHT="72"
                          WIDTH="177"
                          VPOS="2170"
                          HPOS="1227"
                          CONTENT="medio"/>
                  <SP HEIGHT="72" WIDTH="20" VPOS="2170" HPOS="1404"/>
                  <String HEIGHT="72"
                          WIDTH="216"
                          VPOS="2170"
                          HPOS="1345"
                          CONTENT="ipsorum"/>
                  <SP HEIGHT="72" WIDTH="20" VPOS="2170" HPOS="1561"/>
                  <String HEIGHT="72"
                          WIDTH="295"
                          VPOS="2170"
                          HPOS="1482"
                          CONTENT="habitaturum,."/>
               </TextLine>
               <TextLine ID="r1l37"
                         BASELINE="2300"
                         HEIGHT="79"
                         WIDTH="1631"
                         VPOS="2221"
                         HPOS="149">
                  <String HEIGHT="79"
                          WIDTH="330"
                          VPOS="2221"
                          HPOS="128"
                          CONTENT="Tabernaculum"/>
                  <SP HEIGHT="79" WIDTH="21" VPOS="2221" HPOS="459"/>
                  <String HEIGHT="79"
                          WIDTH="165"
                          VPOS="2221"
                          HPOS="397"
                          CONTENT="ergo"/>
                  <SP HEIGHT="79" WIDTH="21" VPOS="2221" HPOS="562"/>
                  <String HEIGHT="79"
                          WIDTH="206"
                          VPOS="2221"
                          HPOS="500"
                          CONTENT="ueluti"/>
                  <SP HEIGHT="79" WIDTH="21" VPOS="2221" HPOS="706"/>
                  <String HEIGHT="79"
                          WIDTH="248"
                          VPOS="2221"
                          HPOS="644"
                          CONTENT="palatium"/>
                  <SP HEIGHT="79" WIDTH="21" VPOS="2221" HPOS="892"/>
                  <String HEIGHT="79"
                          WIDTH="145"
                          VPOS="2221"
                          HPOS="830"
                          CONTENT="dei"/>
                  <SP HEIGHT="79" WIDTH="21" VPOS="2221" HPOS="975"/>
                  <String HEIGHT="79" WIDTH="124" VPOS="2221" HPOS="913" CONTENT="ac"/>
                  <SP HEIGHT="79" WIDTH="21" VPOS="2221" HPOS="1037"/>
                  <String HEIGHT="79"
                          WIDTH="186"
                          VPOS="2221"
                          HPOS="975"
                          CONTENT="regis"/>
                  <SP HEIGHT="79" WIDTH="21" VPOS="2221" HPOS="1161"/>
                  <String HEIGHT="79"
                          WIDTH="227"
                          VPOS="2221"
                          HPOS="1099"
                          CONTENT="supremi"/>
                  <SP HEIGHT="79" WIDTH="21" VPOS="2221" HPOS="1326"/>
                  <String HEIGHT="79"
                          WIDTH="124"
                          VPOS="2221"
                          HPOS="1264"
                          CONTENT="in"/>
                  <SP HEIGHT="79" WIDTH="21" VPOS="2221" HPOS="1388"/>
                  <String HEIGHT="79"
                          WIDTH="186"
                          VPOS="2221"
                          HPOS="1326"
                          CONTENT="medio"/>
                  <SP HEIGHT="79" WIDTH="21" VPOS="2221" HPOS="1512"/>
                  <String HEIGHT="79"
                          WIDTH="206"
                          VPOS="2221"
                          HPOS="1450"
                          CONTENT="populi"/>
                  <SP HEIGHT="79" WIDTH="21" VPOS="2221" HPOS="1656"/>
                  <String HEIGHT="79"
                          WIDTH="227"
                          VPOS="2221"
                          HPOS="1594"
                          CONTENT="stabat,"/>
                  <SP HEIGHT="79" WIDTH="21" VPOS="2221" HPOS="1821"/>
                  <String HEIGHT="79" WIDTH="41" VPOS="2221" HPOS="1739" CONTENT=""/>
               </TextLine>
               <TextLine ID="r1l38"
                         BASELINE="2358"
                         HEIGHT="77"
                         WIDTH="1635"
                         VPOS="2281"
                         HPOS="142">
                  <String HEIGHT="77"
                          WIDTH="314"
                          VPOS="2281"
                          HPOS="121"
                          CONTENT="praesentiae"/>
                  <SP HEIGHT="77" WIDTH="21" VPOS="2281" HPOS="435"/>
                  <String HEIGHT="77"
                          WIDTH="231"
                          VPOS="2281"
                          HPOS="373"
                          CONTENT="diuinae"/>
                  <SP HEIGHT="77" WIDTH="21" VPOS="2281" HPOS="603"/>
                  <String HEIGHT="77"
                          WIDTH="335"
                          VPOS="2281"
                          HPOS="540"
                          CONTENT="testimonium,"/>
                  <SP HEIGHT="77" WIDTH="21" VPOS="2281" HPOS="876"/>
                  <String HEIGHT="77" WIDTH="105" VPOS="2281" HPOS="813" CONTENT="&amp;"/>
                  <SP HEIGHT="77" WIDTH="21" VPOS="2281" HPOS="918"/>
                  <String HEIGHT="77" WIDTH="126" VPOS="2281" HPOS="855" CONTENT="ut"/>
                  <SP HEIGHT="77" WIDTH="21" VPOS="2281" HPOS="980"/>
                  <String HEIGHT="77"
                          WIDTH="231"
                          VPOS="2281"
                          HPOS="918"
                          CONTENT="omnibus"/>
                  <SP HEIGHT="77" WIDTH="21" VPOS="2281" HPOS="1148"/>
                  <String HEIGHT="77"
                          WIDTH="231"
                          VPOS="2281"
                          HPOS="1085"
                          CONTENT="timorem"/>
                  <SP HEIGHT="77" WIDTH="21" VPOS="2281" HPOS="1316"/>
                  <String HEIGHT="77"
                          WIDTH="377"
                          VPOS="2281"
                          HPOS="1253"
                          CONTENT="reuerentiamque"/>
                  <SP HEIGHT="77" WIDTH="21" VPOS="2281" HPOS="1630"/>
                  <String HEIGHT="77"
                          WIDTH="231"
                          VPOS="2281"
                          HPOS="1546"
                          CONTENT="incuteret"/>
               </TextLine>
               <TextLine ID="r1l39"
                         BASELINE="2414"
                         HEIGHT="72"
                         WIDTH="1629"
                         VPOS="2342"
                         HPOS="142">
                  <String HEIGHT="72"
                          WIDTH="304"
                          VPOS="2342"
                          HPOS="120"
                          CONTENT="praesentia"/>
                  <SP HEIGHT="72" WIDTH="22" VPOS="2342" HPOS="424"/>
                  <String HEIGHT="72"
                          WIDTH="261"
                          VPOS="2342"
                          HPOS="359"
                          CONTENT="numinis."/>
                  <SP HEIGHT="72" WIDTH="22" VPOS="2342" HPOS="620"/>
                  <String HEIGHT="72"
                          WIDTH="239"
                          VPOS="2342"
                          HPOS="555"
                          CONTENT="Homines"/>
                  <SP HEIGHT="72" WIDTH="22" VPOS="2342" HPOS="794"/>
                  <String HEIGHT="72" WIDTH="130" VPOS="2342" HPOS="728" CONTENT="in"/>
                  <SP HEIGHT="72" WIDTH="22" VPOS="2342" HPOS="859"/>
                  <String HEIGHT="72"
                          WIDTH="326"
                          VPOS="2342"
                          HPOS="794"
                          CONTENT="tabernacula"/>
                  <SP HEIGHT="72" WIDTH="22" VPOS="2342" HPOS="1119"/>
                  <String HEIGHT="72"
                          WIDTH="152"
                          VPOS="2342"
                          HPOS="1054"
                          CONTENT="seu"/>
                  <SP HEIGHT="72" WIDTH="22" VPOS="2342" HPOS="1206"/>
                  <String HEIGHT="72"
                          WIDTH="195"
                          VPOS="2342"
                          HPOS="1141"
                          CONTENT="domos"/>
                  <SP HEIGHT="72" WIDTH="22" VPOS="2342" HPOS="1337"/>
                  <String HEIGHT="72"
                          WIDTH="239"
                          VPOS="2342"
                          HPOS="1271"
                          CONTENT="nostras"/>
                  <SP HEIGHT="72" WIDTH="22" VPOS="2342" HPOS="1510"/>
                  <String HEIGHT="72"
                          WIDTH="304"
                          VPOS="2342"
                          HPOS="1445"
                          CONTENT="recondimus"/>
                  <SP HEIGHT="72" WIDTH="22" VPOS="2342" HPOS="1749"/>
                  <String HEIGHT="72"
                          WIDTH="109"
                          VPOS="2342"
                          HPOS="1662"
                          CONTENT="res"/>
               </TextLine>
               <TextLine ID="r1l40"
                         BASELINE="2466"
                         HEIGHT="70"
                         WIDTH="1642"
                         VPOS="2396"
                         HPOS="128">
                  <String HEIGHT="70"
                          WIDTH="256"
                          VPOS="2396"
                          HPOS="107"
                          CONTENT="nostras,"/>
                  <SP HEIGHT="70" WIDTH="21" VPOS="2396" HPOS="363"/>
                  <String HEIGHT="70" WIDTH="128" VPOS="2396" HPOS="299" CONTENT="ac"/>
                  <SP HEIGHT="70" WIDTH="21" VPOS="2396" HPOS="427"/>
                  <String HEIGHT="70"
                          WIDTH="171"
                          VPOS="2396"
                          HPOS="363"
                          CONTENT="domi"/>
                  <SP HEIGHT="70" WIDTH="21" VPOS="2396" HPOS="533"/>
                  <String HEIGHT="70"
                          WIDTH="235"
                          VPOS="2396"
                          HPOS="469"
                          CONTENT="nostrae"/>
                  <SP HEIGHT="70" WIDTH="21" VPOS="2396" HPOS="704"/>
                  <String HEIGHT="70"
                          WIDTH="213"
                          VPOS="2396"
                          HPOS="640"
                          CONTENT="quaeri"/>
                  <SP HEIGHT="70" WIDTH="21" VPOS="2396" HPOS="853"/>
                  <String HEIGHT="70"
                          WIDTH="256"
                          VPOS="2396"
                          HPOS="789"
                          CONTENT="uolumus,"/>
                  <SP HEIGHT="70" WIDTH="21" VPOS="2396" HPOS="1045"/>
                  <String HEIGHT="70"
                          WIDTH="256"
                          VPOS="2396"
                          HPOS="981"
                          CONTENT="Reposuit"/>
                  <SP HEIGHT="70" WIDTH="21" VPOS="2396" HPOS="1237"/>
                  <String HEIGHT="70"
                          WIDTH="171"
                          VPOS="2396"
                          HPOS="1173"
                          CONTENT="ergo"/>
                  <SP HEIGHT="70" WIDTH="21" VPOS="2396" HPOS="1344"/>
                  <String HEIGHT="70"
                          WIDTH="235"
                          VPOS="2396"
                          HPOS="1280"
                          CONTENT="dominus"/>
                  <SP HEIGHT="70" WIDTH="21" VPOS="2396" HPOS="1514"/>
                  <String HEIGHT="70"
                          WIDTH="128"
                          VPOS="2396"
                          HPOS="1450"
                          CONTENT="in"/>
                  <SP HEIGHT="70" WIDTH="21" VPOS="2396" HPOS="1578"/>
                  <String HEIGHT="70"
                          WIDTH="277"
                          VPOS="2396"
                          HPOS="1493"
                          CONTENT="tabernaculo"/>
               </TextLine>
               <TextLine ID="r1l41"
                         BASELINE="2511"
                         HEIGHT="66"
                         WIDTH="1643"
                         VPOS="2445"
                         HPOS="133">
                  <String HEIGHT="66"
                          WIDTH="142"
                          VPOS="2445"
                          HPOS="113"
                          CONTENT="res"/>
                  <SP HEIGHT="66" WIDTH="20" VPOS="2445" HPOS="255"/>
                  <String HEIGHT="66"
                          WIDTH="203"
                          VPOS="2445"
                          HPOS="194"
                          CONTENT="sacras"/>
                  <SP HEIGHT="66" WIDTH="20" VPOS="2445" HPOS="397"/>
                  <String HEIGHT="66"
                          WIDTH="203"
                          VPOS="2445"
                          HPOS="336"
                          CONTENT="ueluti"/>
                  <SP HEIGHT="66" WIDTH="20" VPOS="2445" HPOS="539"/>
                  <String HEIGHT="66"
                          WIDTH="264"
                          VPOS="2445"
                          HPOS="478"
                          CONTENT="thesaurum"/>
                  <SP HEIGHT="66" WIDTH="20" VPOS="2445" HPOS="742"/>
                  <String HEIGHT="66"
                          WIDTH="183"
                          VPOS="2445"
                          HPOS="681"
                          CONTENT="suum,"/>
                  <SP HEIGHT="66" WIDTH="20" VPOS="2445" HPOS="863"/>
                  <String HEIGHT="66" WIDTH="122" VPOS="2445" HPOS="802" CONTENT="ac"/>
                  <SP HEIGHT="66" WIDTH="20" VPOS="2445" HPOS="924"/>
                  <String HEIGHT="66" WIDTH="122" VPOS="2445" HPOS="863" CONTENT="se"/>
                  <SP HEIGHT="66" WIDTH="20" VPOS="2445" HPOS="985"/>
                  <String HEIGHT="66" WIDTH="122" VPOS="2445" HPOS="924" CONTENT="in"/>
                  <SP HEIGHT="66" WIDTH="20" VPOS="2445" HPOS="1046"/>
                  <String HEIGHT="66"
                          WIDTH="304"
                          VPOS="2445"
                          HPOS="985"
                          CONTENT="tabernaculo"/>
                  <SP HEIGHT="66" WIDTH="20" VPOS="2445" HPOS="1289"/>
                  <String HEIGHT="66"
                          WIDTH="223"
                          VPOS="2445"
                          HPOS="1228"
                          CONTENT="requiri"/>
                  <SP HEIGHT="66" WIDTH="20" VPOS="2445" HPOS="1451"/>
                  <String HEIGHT="66"
                          WIDTH="223"
                          VPOS="2445"
                          HPOS="1391"
                          CONTENT="uoluit,"/>
                  <SP HEIGHT="66" WIDTH="20" VPOS="2445" HPOS="1614"/>
                  <String HEIGHT="66"
                          WIDTH="243"
                          VPOS="2445"
                          HPOS="1533"
                          CONTENT="promittens"/>
               </TextLine>
               <TextLine ID="r1l42"
                         BASELINE="2576"
                         HEIGHT="75"
                         WIDTH="1637"
                         VPOS="2501"
                         HPOS="137">
                  <String HEIGHT="75"
                          WIDTH="149"
                          VPOS="2501"
                          HPOS="116"
                          CONTENT="ibi"/>
                  <SP HEIGHT="75" WIDTH="21" VPOS="2501" HPOS="265"/>
                  <String HEIGHT="75" WIDTH="128" VPOS="2501" HPOS="201" CONTENT="se"/>
                  <SP HEIGHT="75" WIDTH="21" VPOS="2501" HPOS="328"/>
                  <String HEIGHT="75"
                          WIDTH="319"
                          VPOS="2501"
                          HPOS="265"
                          CONTENT="exauditurum"/>
                  <SP HEIGHT="75" WIDTH="21" VPOS="2501" HPOS="583"/>
                  <String HEIGHT="75"
                          WIDTH="213"
                          VPOS="2501"
                          HPOS="520"
                          CONTENT="preces"/>
                  <SP HEIGHT="75" WIDTH="21" VPOS="2501" HPOS="732"/>
                  <String HEIGHT="75" WIDTH="106" VPOS="2501" HPOS="668" CONTENT="&amp;"/>
                  <SP HEIGHT="75" WIDTH="21" VPOS="2501" HPOS="775"/>
                  <String HEIGHT="75"
                          WIDTH="170"
                          VPOS="2501"
                          HPOS="711"
                          CONTENT="uota"/>
                  <SP HEIGHT="75" WIDTH="21" VPOS="2501" HPOS="881"/>
                  <String HEIGHT="75"
                          WIDTH="255"
                          VPOS="2501"
                          HPOS="817"
                          CONTENT="fidelium"/>
                  <SP HEIGHT="75" WIDTH="21" VPOS="2501" HPOS="1072"/>
                  <String HEIGHT="75"
                          WIDTH="298"
                          VPOS="2501"
                          HPOS="1009"
                          CONTENT="supplicum,"/>
                  <SP HEIGHT="75" WIDTH="21" VPOS="2501" HPOS="1306"/>
                  <String HEIGHT="75"
                          WIDTH="276"
                          VPOS="2501"
                          HPOS="1243"
                          CONTENT="Praeterea"/>
                  <SP HEIGHT="75" WIDTH="21" VPOS="2501" HPOS="1519"/>
                  <String HEIGHT="75"
                          WIDTH="319"
                          VPOS="2501"
                          HPOS="1455"
                          CONTENT="reconduntur"/>
                  <SP HEIGHT="75" WIDTH="21" VPOS="2501" HPOS="1774"/>
                  <String HEIGHT="75" WIDTH="85" VPOS="2501" HPOS="1689" CONTENT="in"/>
               </TextLine>
               <TextLine ID="r1l43"
                         BASELINE="2641"
                         HEIGHT="84"
                         WIDTH="1627"
                         VPOS="2557"
                         HPOS="143">
                  <String HEIGHT="84"
                          WIDTH="146"
                          VPOS="2557"
                          HPOS="122"
                          CONTENT="his"/>
                  <SP HEIGHT="84" WIDTH="21" VPOS="2557" HPOS="268"/>
                  <String HEIGHT="84"
                          WIDTH="250"
                          VPOS="2557"
                          HPOS="206"
                          CONTENT="mysteria"/>
                  <SP HEIGHT="84" WIDTH="21" VPOS="2557" HPOS="456"/>
                  <String HEIGHT="84"
                          WIDTH="271"
                          VPOS="2557"
                          HPOS="393"
                          CONTENT="Ecclesiae"/>
                  <SP HEIGHT="84" WIDTH="21" VPOS="2557" HPOS="664"/>
                  <String HEIGHT="84" WIDTH="104" VPOS="2557" HPOS="602" CONTENT="&amp;"/>
                  <SP HEIGHT="84" WIDTH="21" VPOS="2557" HPOS="706"/>
                  <String HEIGHT="84"
                          WIDTH="250"
                          VPOS="2557"
                          HPOS="644"
                          CONTENT="Christi."/>
                  <SP HEIGHT="84" WIDTH="21" VPOS="2557" HPOS="894"/>
                  <String HEIGHT="84"
                          WIDTH="209"
                          VPOS="2557"
                          HPOS="831"
                          CONTENT="Paulus"/>
                  <SP HEIGHT="84" WIDTH="21" VPOS="2557" HPOS="1040"/>
                  <String HEIGHT="84"
                          WIDTH="167"
                          VPOS="2557"
                          HPOS="977"
                          CONTENT="enim"/>
                  <SP HEIGHT="84" WIDTH="21" VPOS="2557" HPOS="1144"/>
                  <String HEIGHT="84"
                          WIDTH="250"
                          VPOS="2557"
                          HPOS="1082"
                          CONTENT="appellat"/>
                  <SP HEIGHT="84" WIDTH="21" VPOS="2557" HPOS="1332"/>
                  <String HEIGHT="84"
                          WIDTH="146"
                          VPOS="2557"
                          HPOS="1269"
                          CONTENT="nos"/>
                  <SP HEIGHT="84" WIDTH="21" VPOS="2557" HPOS="1415"/>
                  <String HEIGHT="84"
                          WIDTH="229"
                          VPOS="2557"
                          HPOS="1353"
                          CONTENT="templum"/>
                  <SP HEIGHT="84" WIDTH="21" VPOS="2557" HPOS="1582"/>
                  <String HEIGHT="84"
                          WIDTH="146"
                          VPOS="2557"
                          HPOS="1520"
                          CONTENT="dei"/>
                  <SP HEIGHT="84" WIDTH="21" VPOS="2557" HPOS="1666"/>
                  <String HEIGHT="84" WIDTH="104" VPOS="2557" HPOS="1603" CONTENT="&amp;"/>
                  <SP HEIGHT="84" WIDTH="21" VPOS="2557" HPOS="1707"/>
                  <String HEIGHT="84"
                          WIDTH="146"
                          VPOS="2557"
                          HPOS="1624"
                          CONTENT="corpo"/>
               </TextLine>
               <TextLine ID="r1l44"
                         BASELINE="2683"
                         HEIGHT="69"
                         WIDTH="1645"
                         VPOS="2614"
                         HPOS="139">
                  <String HEIGHT="69" WIDTH="125" VPOS="2614" HPOS="118" CONTENT="ra"/>
                  <SP HEIGHT="69" WIDTH="21" VPOS="2614" HPOS="243"/>
                  <String HEIGHT="69"
                          WIDTH="208"
                          VPOS="2614"
                          HPOS="181"
                          CONTENT="nostra"/>
                  <SP HEIGHT="69" WIDTH="21" VPOS="2614" HPOS="389"/>
                  <String HEIGHT="69"
                          WIDTH="333"
                          VPOS="2614"
                          HPOS="326"
                          CONTENT="tabernacula."/>
                  <SP HEIGHT="69" WIDTH="21" VPOS="2614" HPOS="660"/>
                  <String HEIGHT="69" WIDTH="125" VPOS="2614" HPOS="597" CONTENT="In"/>
                  <SP HEIGHT="69" WIDTH="21" VPOS="2614" HPOS="722"/>
                  <String HEIGHT="69"
                          WIDTH="187"
                          VPOS="2614"
                          HPOS="660"
                          CONTENT="nobis"/>
                  <SP HEIGHT="69" WIDTH="21" VPOS="2614" HPOS="847"/>
                  <String HEIGHT="69"
                          WIDTH="167"
                          VPOS="2614"
                          HPOS="785"
                          CONTENT="enim"/>
                  <SP HEIGHT="69" WIDTH="21" VPOS="2614" HPOS="951"/>
                  <String HEIGHT="69"
                          WIDTH="167"
                          VPOS="2614"
                          HPOS="889"
                          CONTENT="uult"/>
                  <SP HEIGHT="69" WIDTH="21" VPOS="2614" HPOS="1055"/>
                  <String HEIGHT="69"
                          WIDTH="250"
                          VPOS="2614"
                          HPOS="993"
                          CONTENT="habitare"/>
                  <SP HEIGHT="69" WIDTH="21" VPOS="2614" HPOS="1243"/>
                  <String HEIGHT="69"
                          WIDTH="250"
                          VPOS="2614"
                          HPOS="1180"
                          CONTENT="dominus."/>
                  <SP HEIGHT="69" WIDTH="21" VPOS="2614" HPOS="1430"/>
                  <String HEIGHT="69"
                          WIDTH="229"
                          VPOS="2614"
                          HPOS="1368"
                          CONTENT="Tabulae"/>
                  <SP HEIGHT="69" WIDTH="21" VPOS="2614" HPOS="1597"/>
                  <String HEIGHT="69"
                          WIDTH="271"
                          VPOS="2614"
                          HPOS="1513"
                          CONTENT="tabernaculi"/>
               </TextLine>
               <TextLine ID="r1l45"
                         BASELINE="2743"
                         HEIGHT="77"
                         WIDTH="1639"
                         VPOS="2666"
                         HPOS="133">
                  <String HEIGHT="77"
                          WIDTH="158"
                          VPOS="2666"
                          HPOS="113"
                          CONTENT="sunt"/>
                  <SP HEIGHT="77" WIDTH="20" VPOS="2666" HPOS="271"/>
                  <String HEIGHT="77"
                          WIDTH="197"
                          VPOS="2666"
                          HPOS="212"
                          CONTENT="ueluti"/>
                  <SP HEIGHT="77" WIDTH="20" VPOS="2666" HPOS="409"/>
                  <String HEIGHT="77"
                          WIDTH="197"
                          VPOS="2666"
                          HPOS="350"
                          CONTENT="tigna,"/>
                  <SP HEIGHT="77" WIDTH="20" VPOS="2666" HPOS="548"/>
                  <String HEIGHT="77"
                          WIDTH="197"
                          VPOS="2666"
                          HPOS="488"
                          CONTENT="trabes"/>
                  <SP HEIGHT="77" WIDTH="20" VPOS="2666" HPOS="686"/>
                  <String HEIGHT="77" WIDTH="99" VPOS="2666" HPOS="627" CONTENT="&amp;"/>
                  <SP HEIGHT="77" WIDTH="20" VPOS="2666" HPOS="725"/>
                  <String HEIGHT="77"
                          WIDTH="237"
                          VPOS="2666"
                          HPOS="666"
                          CONTENT="columnae"/>
                  <SP HEIGHT="77" WIDTH="20" VPOS="2666" HPOS="903"/>
                  <String HEIGHT="77"
                          WIDTH="178"
                          VPOS="2666"
                          HPOS="844"
                          CONTENT="aedis"/>
                  <SP HEIGHT="77" WIDTH="20" VPOS="2666" HPOS="1022"/>
                  <String HEIGHT="77"
                          WIDTH="217"
                          VPOS="2666"
                          HPOS="962"
                          CONTENT="sacrae."/>
                  <SP HEIGHT="77" WIDTH="20" VPOS="2666" HPOS="1180"/>
                  <String HEIGHT="77"
                          WIDTH="178"
                          VPOS="2666"
                          HPOS="1120"
                          CONTENT="Habet"/>
                  <SP HEIGHT="77" WIDTH="20" VPOS="2666" HPOS="1298"/>
                  <String HEIGHT="77" WIDTH="99" VPOS="2666" HPOS="1239" CONTENT="&amp;"/>
                  <SP HEIGHT="77" WIDTH="20" VPOS="2666" HPOS="1338"/>
                  <String HEIGHT="77"
                          WIDTH="237"
                          VPOS="2666"
                          HPOS="1278"
                          CONTENT="ecclesia"/>
                  <SP HEIGHT="77" WIDTH="20" VPOS="2666" HPOS="1515"/>
                  <String HEIGHT="77"
                          WIDTH="257"
                          VPOS="2666"
                          HPOS="1456"
                          CONTENT="columnas,"/>
                  <SP HEIGHT="77" WIDTH="20" VPOS="2666" HPOS="1713"/>
                  <String HEIGHT="77"
                          WIDTH="138"
                          VPOS="2666"
                          HPOS="1634"
                          CONTENT="docto"/>
               </TextLine>
               <TextLine ID="r1l46"
                         BASELINE="2799"
                         HEIGHT="67"
                         WIDTH="1641"
                         VPOS="2732"
                         HPOS="133">
                  <String HEIGHT="67"
                          WIDTH="138"
                          VPOS="2732"
                          HPOS="113"
                          CONTENT="res"/>
                  <SP HEIGHT="67" WIDTH="20" VPOS="2732" HPOS="252"/>
                  <String HEIGHT="67" WIDTH="99" VPOS="2732" HPOS="192" CONTENT="&amp;"/>
                  <SP HEIGHT="67" WIDTH="20" VPOS="2732" HPOS="291"/>
                  <String HEIGHT="67"
                          WIDTH="178"
                          VPOS="2732"
                          HPOS="232"
                          CONTENT="uiros"/>
                  <SP HEIGHT="67" WIDTH="20" VPOS="2732" HPOS="410"/>
                  <String HEIGHT="67"
                          WIDTH="178"
                          VPOS="2732"
                          HPOS="350"
                          CONTENT="alios"/>
                  <SP HEIGHT="67" WIDTH="20" VPOS="2732" HPOS="528"/>
                  <String HEIGHT="67"
                          WIDTH="217"
                          VPOS="2732"
                          HPOS="469"
                          CONTENT="heroico"/>
                  <SP HEIGHT="67" WIDTH="20" VPOS="2732" HPOS="687"/>
                  <String HEIGHT="67"
                          WIDTH="138"
                          VPOS="2732"
                          HPOS="627"
                          CONTENT="uel"/>
                  <SP HEIGHT="67" WIDTH="20" VPOS="2732" HPOS="766"/>
                  <String HEIGHT="67"
                          WIDTH="277"
                          VPOS="2732"
                          HPOS="706"
                          CONTENT="principali"/>
                  <SP HEIGHT="67" WIDTH="20" VPOS="2732" HPOS="983"/>
                  <String HEIGHT="67"
                          WIDTH="217"
                          VPOS="2732"
                          HPOS="924"
                          CONTENT="spiritu"/>
                  <SP HEIGHT="67" WIDTH="20" VPOS="2732" HPOS="1141"/>
                  <String HEIGHT="67"
                          WIDTH="277"
                          VPOS="2732"
                          HPOS="1082"
                          CONTENT="praeditos:"/>
                  <SP HEIGHT="67" WIDTH="20" VPOS="2732" HPOS="1359"/>
                  <String HEIGHT="67"
                          WIDTH="119"
                          VPOS="2732"
                          HPOS="1299"
                          CONTENT="ac"/>
                  <SP HEIGHT="67" WIDTH="20" VPOS="2732" HPOS="1418"/>
                  <String HEIGHT="67"
                          WIDTH="217"
                          VPOS="2732"
                          HPOS="1359"
                          CONTENT="singuli"/>
                  <SP HEIGHT="67" WIDTH="20" VPOS="2732" HPOS="1576"/>
                  <String HEIGHT="67"
                          WIDTH="198"
                          VPOS="2732"
                          HPOS="1517"
                          CONTENT="quidem"/>
                  <SP HEIGHT="67" WIDTH="20" VPOS="2732" HPOS="1715"/>
                  <String HEIGHT="67"
                          WIDTH="138"
                          VPOS="2732"
                          HPOS="1636"
                          CONTENT="fide"
                          SUBS_TYPE="HypPart1"
                          SUBS_CONTENT="fideles"/>
                  <HYP CONTENT="-"/>
               </TextLine>
               <TextLine ID="r1l47"
                         BASELINE="2859"
                         HEIGHT="78"
                         WIDTH="1637"
                         VPOS="2781"
                         HPOS="128">
                  <String HEIGHT="78"
                          WIDTH="133"
                          VPOS="2781"
                          HPOS="109"
                          CONTENT="les"
                          SUBS_TYPE="HypPart2"
                          SUBS_CONTENT="fideles"/>
                  <SP HEIGHT="78" WIDTH="19" VPOS="2781" HPOS="242"/>
                  <String HEIGHT="78"
                          WIDTH="209"
                          VPOS="2781"
                          HPOS="185"
                          CONTENT="tabulae"/>
                  <SP HEIGHT="78" WIDTH="19" VPOS="2781" HPOS="394"/>
                  <String HEIGHT="78"
                          WIDTH="152"
                          VPOS="2781"
                          HPOS="337"
                          CONTENT="sunt"/>
                  <SP HEIGHT="78" WIDTH="19" VPOS="2781" HPOS="490"/>
                  <String HEIGHT="78"
                          WIDTH="266"
                          VPOS="2781"
                          HPOS="433"
                          CONTENT="deauratae,"/>
                  <SP HEIGHT="78" WIDTH="19" VPOS="2781" HPOS="699"/>
                  <String HEIGHT="78" WIDTH="114" VPOS="2781" HPOS="642" CONTENT="si"/>
                  <SP HEIGHT="78" WIDTH="19" VPOS="2781" HPOS="756"/>
                  <String HEIGHT="78"
                          WIDTH="266"
                          VPOS="2781"
                          HPOS="699"
                          CONTENT="custodiant"/>
                  <SP HEIGHT="78" WIDTH="19" VPOS="2781" HPOS="966"/>
                  <String HEIGHT="78"
                          WIDTH="171"
                          VPOS="2781"
                          HPOS="908"
                          CONTENT="fidei"/>
                  <SP HEIGHT="78" WIDTH="19" VPOS="2781" HPOS="1080"/>
                  <String HEIGHT="78"
                          WIDTH="324"
                          VPOS="2781"
                          HPOS="1023"
                          CONTENT="synceritatem,"/>
                  <SP HEIGHT="78" WIDTH="19" VPOS="2781" HPOS="1346"/>
                  <String HEIGHT="78"
                          WIDTH="266"
                          VPOS="2781"
                          HPOS="1289"
                          CONTENT="maneantque"/>
                  <SP HEIGHT="78" WIDTH="19" VPOS="2781" HPOS="1556"/>
                  <String HEIGHT="78"
                          WIDTH="114"
                          VPOS="2781"
                          HPOS="1499"
                          CONTENT="in"/>
                  <SP HEIGHT="78" WIDTH="19" VPOS="2781" HPOS="1613"/>
                  <String HEIGHT="78"
                          WIDTH="171"
                          VPOS="2781"
                          HPOS="1556"
                          CONTENT="fidei"/>
                  <SP HEIGHT="78" WIDTH="19" VPOS="2781" HPOS="1727"/>
                  <String HEIGHT="78"
                          WIDTH="114"
                          VPOS="2781"
                          HPOS="1651"
                          CONTENT="uni"
                          SUBS_TYPE="HypPart1"
                          SUBS_CONTENT="unitate."/>
                  <HYP CONTENT="-"/>
               </TextLine>
               <TextLine ID="r1l48"
                         BASELINE="2919"
                         HEIGHT="76"
                         WIDTH="1629"
                         VPOS="2843"
                         HPOS="140">
                  <String HEIGHT="76"
                          WIDTH="186"
                          VPOS="2843"
                          HPOS="119"
                          CONTENT="tate."
                          SUBS_TYPE="HypPart2"
                          SUBS_CONTENT="unitate."/>
                  <SP HEIGHT="76" WIDTH="21" VPOS="2843" HPOS="305"/>
                  <String HEIGHT="76"
                          WIDTH="247"
                          VPOS="2843"
                          HPOS="243"
                          CONTENT="Vectibus"/>
                  <SP HEIGHT="76" WIDTH="21" VPOS="2843" HPOS="491"/>
                  <String HEIGHT="76"
                          WIDTH="371"
                          VPOS="2843"
                          HPOS="429"
                          CONTENT="coniungebantur"/>
                  <SP HEIGHT="76" WIDTH="21" VPOS="2843" HPOS="800"/>
                  <String HEIGHT="76"
                          WIDTH="247"
                          VPOS="2843"
                          HPOS="738"
                          CONTENT="tabulae:"/>
                  <SP HEIGHT="76" WIDTH="21" VPOS="2843" HPOS="985"/>
                  <String HEIGHT="76"
                          WIDTH="247"
                          VPOS="2843"
                          HPOS="924"
                          CONTENT="doctrina"/>
                  <SP HEIGHT="76" WIDTH="21" VPOS="2843" HPOS="1171"/>
                  <String HEIGHT="76"
                          WIDTH="165"
                          VPOS="2843"
                          HPOS="1109"
                          CONTENT="enim"/>
                  <SP HEIGHT="76" WIDTH="21" VPOS="2843" HPOS="1274"/>
                  <String HEIGHT="76"
                          WIDTH="206"
                          VPOS="2843"
                          HPOS="1212"
                          CONTENT="solida"/>
                  <SP HEIGHT="76" WIDTH="21" VPOS="2843" HPOS="1418"/>
                  <String HEIGHT="76"
                          WIDTH="124"
                          VPOS="2843"
                          HPOS="1357"
                          CONTENT="in"/>
                  <SP HEIGHT="76" WIDTH="21" VPOS="2843" HPOS="1480"/>
                  <String HEIGHT="76"
                          WIDTH="227"
                          VPOS="2843"
                          HPOS="1418"
                          CONTENT="officio"/>
                  <SP HEIGHT="76" WIDTH="21" VPOS="2843" HPOS="1645"/>
                  <String HEIGHT="76" WIDTH="103" VPOS="2843" HPOS="1583" CONTENT="&amp;"/>
                  <SP HEIGHT="76" WIDTH="21" VPOS="2843" HPOS="1687"/>
                  <String HEIGHT="76"
                          WIDTH="165"
                          VPOS="2843"
                          HPOS="1604"
                          CONTENT="concor"/>
               </TextLine>
               <TextLine ID="r1l49"
                         BASELINE="2975"
                         HEIGHT="74"
                         WIDTH="1633"
                         VPOS="2901"
                         HPOS="134">
                  <String HEIGHT="74"
                          WIDTH="143"
                          VPOS="2901"
                          HPOS="114"
                          CONTENT="dia"/>
                  <SP HEIGHT="74" WIDTH="20" VPOS="2901" HPOS="256"/>
                  <String HEIGHT="74"
                          WIDTH="245"
                          VPOS="2901"
                          HPOS="195"
                          CONTENT="retinere"/>
                  <SP HEIGHT="74" WIDTH="20" VPOS="2901" HPOS="440"/>
                  <String HEIGHT="74"
                          WIDTH="225"
                          VPOS="2901"
                          HPOS="379"
                          CONTENT="oportet"/>
                  <SP HEIGHT="74" WIDTH="20" VPOS="2901" HPOS="603"/>
                  <String HEIGHT="74"
                          WIDTH="245"
                          VPOS="2901"
                          HPOS="542"
                          CONTENT="fideles."/>
                  <SP HEIGHT="74" WIDTH="20" VPOS="2901" HPOS="787"/>
                  <String HEIGHT="74"
                          WIDTH="245"
                          VPOS="2901"
                          HPOS="726"
                          CONTENT="Cortinae"/>
                  <SP HEIGHT="74" WIDTH="20" VPOS="2901" HPOS="971"/>
                  <String HEIGHT="74"
                          WIDTH="225"
                          VPOS="2901"
                          HPOS="910"
                          CONTENT="quamuis"/>
                  <SP HEIGHT="74" WIDTH="20" VPOS="2901" HPOS="1134"/>
                  <String HEIGHT="74"
                          WIDTH="204"
                          VPOS="2901"
                          HPOS="1073"
                          CONTENT="multae"/>
                  <SP HEIGHT="74" WIDTH="20" VPOS="2901" HPOS="1277"/>
                  <String HEIGHT="74"
                          WIDTH="225"
                          VPOS="2901"
                          HPOS="1216"
                          CONTENT="essent,"/>
                  <SP HEIGHT="74" WIDTH="20" VPOS="2901" HPOS="1440"/>
                  <String HEIGHT="74"
                          WIDTH="367"
                          VPOS="2901"
                          HPOS="1379"
                          CONTENT="coniungebantur"/>
                  <SP HEIGHT="74" WIDTH="20" VPOS="2901" HPOS="1747"/>
                  <String HEIGHT="74"
                          WIDTH="102"
                          VPOS="2901"
                          HPOS="1665"
                          CONTENT="ta"
                          SUBS_TYPE="HypPart1"
                          SUBS_CONTENT="tamen"/>
                  <HYP CONTENT="-"/>
               </TextLine>
               <TextLine ID="r1l50"
                         BASELINE="3051"
                         HEIGHT="91"
                         WIDTH="1648"
                         VPOS="2960"
                         HPOS="127">
                  <String HEIGHT="91"
                          WIDTH="150"
                          VPOS="2960"
                          HPOS="106"
                          CONTENT="men"
                          SUBS_TYPE="HypPart2"
                          SUBS_CONTENT="tamen"/>
                  <SP HEIGHT="91" WIDTH="21" VPOS="2960" HPOS="255"/>
                  <String HEIGHT="91"
                          WIDTH="214"
                          VPOS="2960"
                          HPOS="191"
                          CONTENT="aureis"/>
                  <SP HEIGHT="91" WIDTH="21" VPOS="2960" HPOS="405"/>
                  <String HEIGHT="91"
                          WIDTH="235"
                          VPOS="2960"
                          HPOS="341"
                          CONTENT="fibulis"/>
                  <SP HEIGHT="91" WIDTH="21" VPOS="2960" HPOS="576"/>
                  <String HEIGHT="91"
                          WIDTH="150"
                          VPOS="2960"
                          HPOS="512"
                          CONTENT="ceu"/>
                  <SP HEIGHT="91" WIDTH="21" VPOS="2960" HPOS="662"/>
                  <String HEIGHT="91" WIDTH="128" VPOS="2960" HPOS="598" CONTENT="in"/>
                  <SP HEIGHT="91" WIDTH="21" VPOS="2960" HPOS="726"/>
                  <String HEIGHT="91"
                          WIDTH="171"
                          VPOS="2960"
                          HPOS="662"
                          CONTENT="unam"/>
                  <SP HEIGHT="91" WIDTH="21" VPOS="2960" HPOS="833"/>
                  <String HEIGHT="91"
                          WIDTH="257"
                          VPOS="2960"
                          HPOS="769"
                          CONTENT="texturam"/>
                  <SP HEIGHT="91" WIDTH="21" VPOS="2960" HPOS="1026"/>
                  <String HEIGHT="91" WIDTH="107" VPOS="2960" HPOS="962" CONTENT=":"/>
                  <SP HEIGHT="91" WIDTH="21" VPOS="2960" HPOS="1069"/>
                  <String HEIGHT="91"
                          WIDTH="171"
                          VPOS="2960"
                          HPOS="1005"
                          CONTENT="ergo"/>
                  <SP HEIGHT="91" WIDTH="21" VPOS="2960" HPOS="1176"/>
                  <String HEIGHT="91" WIDTH="107" VPOS="2960" HPOS="1112" CONTENT="&amp;"/>
                  <SP HEIGHT="91" WIDTH="21" VPOS="2960" HPOS="1219"/>
                  <String HEIGHT="91"
                          WIDTH="235"
                          VPOS="2960"
                          HPOS="1154"
                          CONTENT="diuersa"/>
                  <SP HEIGHT="91" WIDTH="21" VPOS="2960" HPOS="1390"/>
                  <String HEIGHT="91"
                          WIDTH="278"
                          VPOS="2960"
                          HPOS="1326"
                          CONTENT="ecclesiae"/>
                  <SP HEIGHT="91" WIDTH="21" VPOS="2960" HPOS="1604"/>
                  <String HEIGHT="91"
                          WIDTH="214"
                          VPOS="2960"
                          HPOS="1540"
                          CONTENT="membra"/>
                  <SP HEIGHT="91" WIDTH="21" VPOS="2960" HPOS="1754"/>
                  <String HEIGHT="91"
                          WIDTH="107"
                          VPOS="2960"
                          HPOS="1668"
                          CONTENT="per"/>
               </TextLine>
            </TextBlock>
         </PrintSpace>
      </Page>
   </Layout>
</alto>
