2288 3632
447 286 269 105 ponuntur
648 286 135 105 ut
716 286 247 105 luceant
895 286 247 105 omnibus
1074 286 135 105 in
1142 286 179 105 domo
1254 286 359 105 uersantibus.
1545 286 135 105 Et
1612 286 269 105 Christus
1814 286 247 105 dominus
1971 286 157 105 datus

454 372 142 56 est
535 372 182 56 mundo
656 372 162 56 lux,
757 372 121 56 ut
818 372 142 56 qui
899 372 142 56 eum
980 372 243 56 sequutus
1162 372 223 56 fuerit,
1324 372 324 56 indipiscatur
1587 372 182 56 lumen
1709 372 202 56 uitae.
1851 372 263 56 llluminat
2033 372 101 56 ec-

451 408 232 74 clesiam
620 408 274 74 Christus.
830 408 126 74 Ex
894 408 232 74 Christo
1062 408 211 74 cannae
1210 408 105 74 &
1252 408 274 74 luminaria
1463 408 274 74 prodeunt,
1673 408 169 74 quae
1779 408 126 74 ex
1842 408 169 74 ipso
1947 408 190 74 lumem
2053 408 84 74 ha

447 464 193 81 bent.
575 464 236 81 Dominus
747 464 129 81 ad
812 464 279 81 apostolos
1027 464 215 81 dixit,
1177 464 150 81 Vos
1263 464 193 81 estis
1392 464 150 81 lux
1478 464 215 81 mundi.
1629 464 215 81 Stipes
1779 464 172 81 ergo
1865 464 258 81 candelabri

464 519 245 81 Christus
647 519 163 81 est:
750 519 123 81 ex
811 519 225 81 stipite
974 519 245 81 prodeunt
1158 519 204 81 cannae
1301 519 123 81 in
1362 519 225 81 suprema
1526 519 184 81 parte
1648 519 245 81 habentes
1832 519 225 81 lumina.
1975 519 143 81 Quic-

455 572 155 80 quid
552 572 155 80 enim
649 572 214 80 luminis
804 572 136 80 est
882 572 117 80 in
940 572 253 80 ministris
1134 572 272 80 ecclesiae,
1348 572 117 80 id
1406 572 175 80 totum
1523 572 136 80 est
1601 572 117 80 ex
1659 572 175 80 fonte
1775 572 214 80 luminis
1931 572 233 80 Christo.

454 642 197 72 Porro
585 642 197 72 aurea
716 642 175 72 sunt
826 642 306 72 candelabri
1066 642 219 72 omnia.
1219 642 262 72 Christus
1416 642 175 72 enim
1525 642 175 72 deus
1634 642 153 72 lux
1722 642 109 72 &
1765 642 284 72 sapientia
1962 642 175 72 patris

455 686 163 85 est:
557 686 265 85 ministros
761 686 204 85 quoque
904 686 224 85 Christi
1067 686 184 85 decet
1189 686 163 85 esse
1291 686 245 85 synceros
1475 686 102 85 &
1516 686 286 85 repurgatos
1740 686 122 85 ab
1801 686 286 85 affectibus
2006 686 122 85 car.

451 752 183 68 nis:
566 752 160 68 quo
657 752 115 68 &
703 752 298 68 mysterium
932 752 275 68 pertinet
1115 752 367 68 emunctoriorum.

532 798 126 88 ln
595 798 190 88 medio
722 798 190 88 inter
848 798 211 88 mensam
996 798 105 88 &
1038 798 316 88 candelabrum
1291 798 211 88 stabat
1438 798 169 88 ante
1544 798 190 88 uelum
1670 798 126 88 in
1733 798 211 88 sancto
1881 798 190 88 aurea
2008 798 169 88 ara,

458 855 159 81 quae
558 855 299 81 thymiamatis
797 855 299 81 appellatur,
1036 855 139 81 uel
1115 855 239 81 incensi,
1295 855 119 81 ac
1354 855 279 81 diligenter
1573 855 299 81 describitur
1812 855 179 81 Exodi
1932 855 139 81 30.
2012 855 159 81 cap.

479 922 165 67 Vsus
582 922 165 67 arae
686 922 186 67 huius
809 922 165 67 erat
912 922 227 67 duplex.
1077 922 268 67 Principio
1284 922 165 67 enim
1387 922 247 67 quotidie
1572 922 309 67 offerebatur
1820 922 124 67 in
1882 922 165 67 ipsa
1964 922 165 67 incen-

459 975 143 80 sum
540 975 164 80 siue
643 975 328 80 suffimentum:
909 975 164 80 quod
1012 975 205 80 nephas
1155 975 164 80 erat
1257 975 164 80 ulli
1360 975 266 80 creaturae
1565 975 143 80 aut
1646 975 143 80 deo
1728 975 246 80 apparare
1913 975 143 80 uel
1974 975 164 80 offer-

459 1044 141 67 re.
540 1044 121 67 Id
600 1044 202 67 fiebat
742 1044 141 67 bis
823 1044 121 67 in
883 1044 162 67 die,
984 1044 162 67 mane
1085 1044 101 67 &
1126 1044 242 67 uesperi.
1308 1044 121 67 In
1368 1044 141 67 hoc
1449 1044 283 67 ministerio
1671 1044 141 67 dum
1752 1044 182 67 esset
1873 1044 242 67 acharias
2035 1044 101 67 pa-

452 1079 141 73 ter
532 1079 161 73 diui
633 1079 282 73 Baptistae,
855 1079 161 73 uiso
956 1079 222 73 angelo,
1117 1079 222 73 propter
1278 1079 363 73 incredulitatem
1581 1079 242 73 obmutuit
1762 1079 121 73 ad
1823 1079 202 73 certum
1944 1079 181 73 tempus,

451 1149 227 71 Deinde
610 1149 204 71 semel
746 1149 136 71 in
814 1149 182 71 anno
928 1149 340 71 offerebatur
1200 1149 295 71 singulari
1427 1149 227 71 quodam
1586 1149 182 71 modo
1700 1149 295 71 incensum,
1927 1149 204 71 nempe
2040 1149 91 71 in

454 1210 186 57 festo
578 1210 330 57 Expiationis,
846 1210 206 57 sicuti
991 1210 309 57 describitur
1238 1210 206 57 Leuit.
1383 1210 144 57 16.
1465 1210 165 57 cap.
1568 1210 144 57 Per
1651 1210 248 57 incensum
1836 1210 165 57 uero
1919 1210 206 57 thymiama

462 1264 146 65 uel
546 1264 314 65 suffimentum
797 1264 355 65 intelligendae
1089 1264 167 65 sunt
1194 1264 272 65 sanctorum
1403 1264 230 65 preces,
1570 1264 188 65 teste
1696 1264 230 65 Dauide,
1863 1264 251 65 dicente,
2030 1264 105 65 Di-

453 1304 242 83 rigatur
629 1304 220 83 oratio
784 1304 154 83 mea
872 1304 242 83 tanquam
1048 1304 287 83 incensum,
1268 1304 132 83 in
1335 1304 287 83 conspectu
1555 1304 176 83 tuo,
1665 1304 264 83 eleuatio
1864 1304 220 83 manuum
1996 1304 132 83 mea-

457 1371 145 63 rum
540 1371 310 63 sacrificium
788 1371 330 63 uespertinum.
1056 1371 165 63 Erat
1159 1371 186 63 autem
1283 1371 207 63 altare
1428 1371 186 63 illud
1552 1371 207 63 unicum
1696 1371 207 63 plane.
1841 1371 124 63 Si
1903 1371 165 63 quis
1985 1371 145 63 plura

455 1417 372 75 construxisset,
766 1417 248 75 extremae
952 1417 228 75 fuisset
1117 1417 248 75 damnatus
1304 1417 310 75 impietatis.
1552 1417 145 75 Per
1635 1417 166 75 aram
1738 1417 186 75 illam
1862 1417 207 75 unicam
1986 1417 145 75 figu-

453 1492 199 55 ratur
586 1492 265 55 Christus
784 1492 243 55 dominus
961 1492 177 55 deus
1072 1492 111 55 &
1116 1492 199 55 homo,
1249 1492 265 55 mediator
1448 1492 111 55 &
1492 1492 332 55 intercessor
1757 1492 199 55 inter
1890 1492 177 55 deum
2000 1492 111 55 &
2022 1492 111 55 ho-

465 1524 214 75 minem,
614 1524 150 75 per
700 1524 171 75 quem
806 1524 214 75 sancti
956 1524 192 75 omnes
1084 1524 278 75 uniuersas
1298 1524 171 75 suas
1405 1524 214 75 preces
1554 1524 214 75 domino
1704 1524 150 75 deo
1789 1524 192 75 patri
1896 1524 235 75 ofserunt.

461 1584 218 75 Proinde
620 1584 198 75 plures
759 1584 159 75 sibi
858 1584 238 75 extruunt
1037 1584 159 75 aras
1136 1584 139 75 qui
1215 1584 159 75 sibi
1314 1584 238 75 deligunt
1493 1584 258 75 creaturas
1691 1584 139 75 pro
1771 1584 397 75 intercessoribus,

462 1651 148 73 per
546 1651 211 73 quorum
694 1651 317 73 interuentum
947 1651 232 73 aliquid
1116 1651 106 73 a
1158 1651 148 73 deo
1243 1651 190 73 patre
1369 1651 295 73 impetrent.
1601 1651 232 73 Diserte
1770 1651 253 73 profecto
1939 1651 190 73 dicitur

467 1705 119 67 in
527 1705 159 67 fine
626 1705 139 67 30.
706 1705 159 67 cap.
805 1705 258 67 Quicunque
1004 1705 159 67 tale
1103 1705 159 67 sibi
1203 1705 219 67 fecerit
1362 1705 239 67 incensum
1541 1705 119 67 ut
1600 1705 119 67 id
1660 1705 258 67 olfaciat,
1859 1705 219 67 peribit
1998 1705 139 67 anima

462 1750 172 79 eius.
577 1750 134 79 Per
653 1750 230 79 Christum
825 1750 153 79 ergo
921 1750 172 79 solum
1036 1750 172 79 omnes
1150 1750 191 79 preces
1284 1750 153 79 suas
1380 1750 134 79 deo
1457 1750 172 79 patri
1571 1750 191 79 offert
1705 1750 210 79 fidelis
1858 1750 134 79 dei
1916 1750 210 79 ecclesia.

466 1808 144 68 Ara
549 1808 165 68 illa
652 1808 206 68 nostra
795 1808 185 68 aurea
919 1808 206 68 corona
1063 1808 144 68 est
1145 1808 267 68 redimita.
1351 1808 144 68 Nam
1433 1808 247 68 Christus
1618 1808 226 68 dominus
1782 1808 206 68 noster
1926 1808 185 68 uerus
2029 1808 103 68 est

467 1860 142 76 rex
548 1860 101 76 &
588 1860 263 76 pontifex.
791 1860 223 76 Orandum
952 1860 162 76 aunt
1054 1860 142 76 est
1135 1860 162 76 mane
1236 1860 101 76 &
1276 1860 243 76 uesperi,
1458 1860 121 76 id
1519 1860 142 76 est
1600 1860 243 76 perpetuo
1782 1860 101 76 &
1822 1860 243 76 iugiter.
1984 1860 142 76 Oran-

465 1933 155 62 dum
553 1933 222 62 semper
709 1933 155 62 per
797 1933 288 62 Christum.
1019 1933 177 62 Quid
1130 1933 177 62 quod
1241 1933 177 62 unus
1351 1933 155 62 est
1440 1933 288 62 Christus,
1662 1933 155 62 per
1750 1933 177 62 quem
1861 1933 155 62 deo
1928 1933 199 62 placue-

454 1982 169 66 runt
560 1982 212 66 preces
708 1982 106 66 &
750 1982 190 66 eorum
877 1982 148 66 qui
962 1982 190 66 mane,
1088 1982 127 66 ab
1152 1982 212 66 initio
1300 1982 212 66 inquam
1448 1982 212 66 mundi,
1596 1982 106 66 &
1638 1982 148 66 qui
1723 1982 254 66 uesperi,
1913 1982 127 66 id
1977 1982 148 66 est
2040 1982 85 66 in

459 2036 174 73 fine
568 2036 196 73 mundi
699 2036 153 73 deo
786 2036 327 73 supplicant.
1048 2036 305 73 Grauissime
1287 2036 174 73 ergo
1396 2036 283 73 peccarunt
1614 2036 218 73 contra
1767 2036 261 73 dominum,
1963 2036 153 73 qui
2028 2036 109 73 in-

467 2081 190 79 censa
593 2081 295 79 obtulerunt
825 2081 211 79 passim
973 2081 127 79 in
1036 2081 274 79 excelsis.
1247 2081 148 79 Nam
1332 2081 127 79 ut
1395 2081 148 79 deo
1479 2081 337 79 inobedientes
1753 2081 148 79 imo
1838 2081 253 79 rebelles
2006 2081 127 79 appa

456 2153 238 60 ruerunt,
634 2153 218 60 denique
793 2153 158 60 suas
892 2153 297 60 inuentiones
1130 2153 139 60 dei
1209 2153 218 60 legibus
1367 2153 337 60 praetulerunt,
1645 2153 218 60 adeoque
1803 2153 139 60 dei
1882 2153 178 60 leges
1981 2153 139 60 negie

463 2199 226 74 xerunt,
627 2199 144 74 ita
709 2199 267 74 mysterium
914 2199 185 74 unici
1037 2199 349 74 intercessoris
1324 2199 226 74 Christi
1488 2199 308 74 spreuerunt,
1734 2199 144 74 dum
1816 2199 123 74 ab
1877 2199 185 74 unica
2000 2199 164 74 illa

462 2260 137 72 ara
541 2260 313 72 recesserunt,

535 2318 124 65 ln
597 2318 187 65 Atrio
722 2318 207 65 altera
867 2318 207 65 stabat
1012 2318 166 65 Ara,
1116 2318 166 65 quae
1220 2318 270 65 dicebatur
1427 2318 187 65 aenea
1551 2318 104 65 &
1593 2318 373 65 holocaustorum:
1904 2318 166 65 quae
1987 2318 145 65 depin

463 2375 181 67 gitur
584 2375 241 67 graphice
765 2375 181 67 Exodi
885 2375 141 67 27.
966 2375 161 67 cap.
1067 2375 161 67 quae
1167 2375 101 67 &
1207 2375 161 67 ipsa
1308 2375 181 67 unica
1429 2375 101 67 &
1469 2375 161 67 sola
1570 2375 181 67 erat.
1690 2375 141 67 Non
1771 2375 161 67 enim
1871 2375 221 67 licebat
2012 2375 121 67 ali-

462 2436 153 60 bi,
550 2436 175 60 nisi
659 2436 153 60 per
746 2436 306 60 singularem
986 2436 240 60 quandam
1161 2436 415 60 dispensationem,
1510 2436 175 60 quam
1620 2436 131 60 in
1685 2436 175 60 loco
1794 2436 218 60 sancto
1947 2436 131 60 ad
1991 2436 131 60 hanc

463 2490 171 65 aram
570 2490 321 65 sacrificare
827 2490 236 65 cuiquam
998 2490 300 65 religioso.
1234 2490 236 65 Proinde
1405 2490 150 65 cum
1491 2490 279 65 Rubenitae
1705 2490 150 65 una
1791 2490 150 65 cum
1877 2490 171 65 suis
1963 2490 171 65 socijs

458 2548 318 54 extruxissent
716 2548 159 54 aram
816 2548 119 54 in
875 2548 159 54 ripa
974 2548 258 54 lordanis,
1173 2548 179 54 idque
1292 2548 218 54 delatum
1451 2548 179 54 esset
1570 2548 159 54 fama
1669 2548 119 54 ad
1729 2548 179 54 alias
1848 2548 199 54 tribus
1967 2548 159 54 lsrae-

457 2586 160 83 lis,
557 2586 261 83 decernunt
758 2586 140 83 hae
838 2586 221 83 publico
998 2586 180 83 bello
1119 2586 120 83 id
1179 2586 241 83 sceleris
1359 2586 160 83 esse
1459 2586 341 83 persequendum.
1740 2586 160 83 Vnde
1840 2586 200 83 rursus
1961 2586 160 83 aesti-

458 2645 163 73 mare
560 2645 184 73 licet
682 2645 245 73 peccatum
866 2645 184 73 eorum
988 2645 143 73 qui
1069 2645 306 73 offerebant,
1314 2645 143 73 hac
1396 2645 286 73 praeterita
1620 2645 163 73 ara,
1722 2645 122 73 in
1783 2645 265 73 excelsis.
1987 2645 122 73 De
2028 2645 102 73 quo

466 2703 194 64 supra
596 2703 216 64 quoque
747 2703 216 64 dictum
898 2703 172 64 est.
1005 2703 216 64 Altare
1156 2703 172 64 uero
1264 2703 237 64 nostrum
1436 2703 216 64 unicum
1587 2703 194 64 illud
1717 2703 108 64 &
1760 2703 302 64 catholicum
1975 2703 151 64 Chri-

454 2767 167 58 stus
559 2767 167 58 est:
663 2767 146 58 qui
747 2767 230 58 seipsum
914 2767 230 58 obtulit
1081 2767 230 58 hostiam
1248 2767 251 58 uiuentem
1436 2767 167 58 deo.
1540 2767 146 58 Nec
1624 2767 146 58 est
1707 2767 188 58 ullum
1833 2767 125 58 in
1895 2767 167 58 toto
1979 2767 146 58 mundo

454 2815 330 66 sacrificium,
723 2815 165 66 quod
826 2815 227 66 peccata
991 2815 207 66 expiet
1136 2815 165 66 nisi
1239 2815 145 66 hoc
1322 2815 227 66 unicum.
1487 2815 145 66 Nec
1569 2815 227 66 placent
1735 2815 145 66 deo
1817 2815 186 66 patri
1921 2815 207 66 fidelium

469 2878 288 60 sacrificia,
699 2878 153 60 nisi
795 2878 115 60 in
852 2878 134 60 ara
929 2878 211 60 Christo
1082 2878 192 60 oblata
1217 2878 134 60 per
1293 2878 192 60 fidem.
1428 2878 288 60 Sanctificat
1658 2878 153 60 enim
1754 2878 134 60 nos
1830 2878 249 60 Christus,
2003 2878 115 60 san-

454 2924 277 84 ctificati
666 2924 149 84 per
752 2924 191 84 ipsum
879 2924 277 84 offerimus
1092 2924 149 84 deo
1177 2924 213 84 gratam
1326 2924 255 84 hostiam.
1517 2924 170 84 Haec
1624 2924 213 84 sumpta
1772 2924 170 84 sunt
1879 2924 128 84 ex
1921 2924 213 84 apostoli
