2288 3632
467 314 197 73 itaque
605 314 138 73 hic
684 314 158 73 erit
783 314 177 73 coetu
901 314 197 73 sacro,
1039 314 236 73 lectione
1216 314 197 73 sacra,
1354 314 236 73 precibus
1531 314 256 73 publicis,
1728 314 315 73 sacrificijs,
1985 314 217 73 (etenim

481 384 155 61 quod
578 384 233 61 singulis
753 384 194 61 ferijs
889 384 214 61 offerre
1044 384 253 61 oporteat,
1239 384 311 61 praescriptum
1491 384 214 61 legitur
1647 384 155 61 Num.
1744 384 136 61 28.
1822 384 97 61 &
1860 384 136 61 20.
1938 384 155 61 cap.
2035 384 97 61 )
2055 384 97 61 sa-

479 447 311 60 cramentorum
728 447 353 60 celebratione,
1019 447 104 60 &
1061 447 125 60 si
1123 447 166 60 quid
1227 447 187 60 aliud
1351 447 145 60 est
1434 447 166 60 quod
1538 447 125 60 in
1600 447 208 60 ferijs
1746 447 208 60 facere
1891 447 208 60 iussit
2015 447 125 60 domi

485 500 166 62 nus.
589 500 166 62 Vnum
693 500 166 62 enim
796 500 187 62 illud
921 500 145 62 hic
1004 500 290 62 requiritur
1232 500 124 62 in
1294 500 228 62 primis,
1460 500 124 62 id
1522 500 290 62 uidelicet,
1750 500 166 62 quod
1854 500 187 62 Maria
1957 500 187 62 inuenit

473 549 257 67 desidens
666 549 129 67 ad
730 549 193 67 pedes
859 549 193 67 Iesu,
987 549 107 67 &
1030 549 236 67 audiens
1202 549 215 67 uerbum
1352 549 236 67 ipsius.
1524 549 215 67 Habent
1674 549 107 67 &
1717 549 193 67 illud
1846 549 236 67 commune
1996 549 150 67 festa

472 604 227 71 omnia,
631 604 181 71 quod
745 604 295 71 maximarum
971 604 204 71 rerum
1107 604 295 71 continent
1334 604 113 71 &
1380 604 295 71 refricant
1607 604 295 71 memorias:
1833 604 272 71 quanquam
2015 604 136 71 sin-

475 663 169 67 gula
580 663 253 67 singulas
770 663 337 67 suppeditent.
1044 663 253 67 Sabbatum
1233 663 295 67 suggerebat
1465 663 295 67 beneficium
1697 663 232 67 conditi
1865 663 190 67 orbis
1992 663 105 67 a
2013 663 126 67 deo-

491 721 123 58 in
552 721 225 58 gratiam
715 721 102 58 &
756 721 286 58 utilitatem
981 721 245 58 hominum.
1165 721 266 58 Praeterea
1369 721 204 58 signum
1512 721 184 58 erat,
1634 721 163 58 Mose
1737 721 184 58 teste
1859 721 184 58 Exodi
1982 721 143 58 31.
2043 721 102 58 san

482 776 330 68 ctificationis
754 776 194 68 uerae,
890 776 155 68 quam
987 776 155 68 suis
1084 776 272 68 cultoribus
1298 776 214 68 confert
1453 776 175 68 solus
1570 776 155 68 deus
1667 776 233 68 sanctus.
1842 776 155 68 Alia
1939 776 175 68 festa
2036 776 117 68 alia

484 829 144 63 dei
567 829 267 63 beneficia
772 829 288 63 reuocabant
999 829 123 63 in
1060 829 267 63 memoriam,
1266 829 226 63 suasque
1430 829 288 63 peculiares
1657 829 144 63 (ut
1739 829 144 63 suo
1821 829 165 63 loco
1903 829 247 63 dicetur)ha

481 882 205 84 bebant
605 882 369 84 significationes.

555 925 197 86 Porro
687 925 197 86 modus
818 925 175 86 erat
928 925 110 86 &
972 925 241 86 numerus
1147 925 263 86 feriarum
1344 925 241 86 certus,
1519 925 132 86 ac
1585 925 307 86 distinctae
1826 925 219 86 quidem
1958 925 197 86 habeban

479 1011 154 62 tur
567 1011 110 62 :
611 1011 220 62 primum
765 1011 132 62 in
831 1011 330 62 septimanas,
1095 1011 220 62 quarum
1249 1011 264 62 singulae
1447 1011 264 62 habebant
1645 1011 286 62 sabbatum,
1865 1011 176 62 diem
1975 1011 220 62 inquam

488 1054 276 60 septimam:
700 1054 212 60 deinde
848 1054 127 60 in
912 1054 233 60 menses.
1082 1054 148 60 Nam
1166 1054 191 60 prima
1294 1054 254 60 cuiusque
1485 1054 212 60 mensis
1633 1054 297 60 consecrata
1866 1054 170 60 erat
1951 1054 191 60 domino-

488 1109 151 67 Eas
575 1109 215 67 ferias
725 1109 323 67 appellarunt
984 1109 280 67 Neomenias
1199 1109 172 67 siue
1307 1109 302 67 Nouilunia,
1544 1109 151 67 uel
1630 1109 280 67 Calendas:
1845 1109 108 67 &
1889 1109 258 67 postremo
2061 1109 86 67 in

486 1167 205 65 annuas
629 1167 225 65 ferias,
793 1167 143 65 eae
875 1167 184 65 erant
997 1167 328 65 anniuersaria
1264 1167 102 65 &
1305 1167 184 65 stata
1427 1167 205 65 festa:
1571 1167 205 65 quorum
1714 1167 164 65 tria
1816 1167 369 65 commemorantur,

488 1222 200 71 Paesa,
628 1222 281 71 Pentecoste
849 1222 100 71 &
889 1222 220 71 Septimi
1049 1222 220 71 mensis,
1209 1222 220 71 Praeter
1370 1222 160 71 baec
1470 1222 220 71 fuerunt
1630 1222 100 71 &
1670 1222 301 71 Conceptiuae
1911 1222 220 71 feriae,
2051 1222 100 71 ni-

482 1281 180 73 mirum
602 1281 140 73 non
682 1281 281 73 praeceptae
903 1281 100 73 a
943 1281 160 73 deo,
1043 1281 140 73 sed
1124 1281 241 73 receptae
1304 1281 120 73 ab
1364 1281 241 73 ecclesia
1545 1281 120 73 ad
1605 1281 221 73 gloriam
1765 1281 160 73 dei,
1865 1281 100 73 &
1905 1281 120 73 ad
1946 1281 200 73 retinen-

480 1338 168 54 dam
576 1338 312 54 maximorum
816 1338 384 54 beneficiorum
1127 1338 168 54 dei
1223 1338 312 54 memoriam.
1463 1338 240 54 Festum
1631 1338 192 54 enim
1750 1338 264 54 sortium
1942 1338 192 54 quod
2038 1338 120 54 ap-

491 1396 257 70 pellarunt
689 1396 197 70 Purim,
827 1396 99 70 a
866 1396 158 70 tota
965 1396 237 70 receptum
1143 1396 158 70 fuit
1242 1396 257 70 ecclesia,
1439 1396 118 70 ex
1498 1396 257 70 relatione
1696 1396 296 70 Mardochaei:
1933 1396 178 70 sicut
2032 1396 118 70 uide

488 1450 128 70 re
552 1450 149 70 est
637 1450 213 70 Esther
786 1450 128 70 9.
850 1450 171 70 cap.
957 1450 213 70 Festum
1106 1450 299 70 Enceniorum
1341 1450 277 70 instituit
1555 1450 192 70 ludas
1683 1450 299 70 Machabaeus
1917 1450 149 70 cum
1981 1450 171 70 totius

485 1503 267 71 ecclesiae
690 1503 267 71 consensu,
895 1503 123 71 in
956 1503 246 71 memoriam
1141 1503 246 71 reparati
1325 1503 205 71 templi
1469 1503 390 71 liberationisque
1797 1503 123 71 ex
1858 1503 267 71 tyrannide
2043 1503 103 71 An-

491 1559 199 69 tiochi
630 1559 199 69 regis,
769 1559 199 69 sicuti
908 1559 219 69 legitur
1067 1559 119 69 1.
1127 1559 219 69 Machab.
1286 1559 119 69 4.
1345 1559 159 69 cap.
1445 1559 119 69 Et
1504 1559 238 69 Christus
1683 1559 219 69 dominus
1842 1559 238 69 honestat
2001 1559 139 69 Ence-

495 1610 138 72 nia
574 1610 157 72 illa
672 1610 276 72 sermonibus
889 1610 217 72 sacris.
1047 1610 217 72 Fuerunt
1204 1610 118 72 in
1263 1610 197 72 populo
1401 1610 138 72 dei
1480 1610 177 72 etiam
1598 1610 256 72 instituta
1795 1610 236 72 Ieiunia,
1972 1610 118 72 ut
2011 1610 138 72 quin-

486 1670 127 67 to
549 1670 212 67 mense,
698 1670 149 67 quo
783 1670 276 67 infammata
996 1670 149 67 est
1081 1670 191 67 urbs:
1208 1670 106 67 &
1251 1670 234 67 septimo
1421 1670 212 67 mense,
1569 1670 149 67 quo
1654 1670 212 67 caesus
1803 1670 149 67 est
1888 1670 276 67 Godolias:
2079 1670 64 67 &

495 1726 207 67 decimo
640 1726 207 67 mense,
785 1726 145 67 quo
868 1726 207 67 cincta
1013 1726 166 67 fuit
1116 1726 269 67 obsidione
1323 1726 186 67 urbs.
1447 1726 124 67 De
1509 1726 207 67 quibus
1654 1726 269 67 zacharias
1861 1726 269 67 disseruit
2048 1726 103 67 ca-

487 1793 165 59 pite
590 1793 124 59 7.
652 1793 103 59 &
693 1793 124 59 S.
755 1793 144 59 lam
838 1793 288 59 institutum
1064 1793 165 59 fuit
1167 1793 227 59 tempore
1332 1793 206 59 Esther
1476 1793 247 59 ieiunium
1662 1793 124 59 in
1723 1793 185 59 mense
1847 1793 185 59 Adar,
1971 1793 124 59 in
2012 1793 144 59 memo-

493 1832 163 66 riam
594 1832 306 66 calamitatis
839 1832 285 66 ludaeorum,
1063 1832 224 66 illatae
1226 1832 143 66 aut
1307 1832 285 66 intentatae
1531 1832 122 66 ab
1572 1832 163 66 Amano.

555 1878 135 84 De
622 1878 247 84 Sabbato
801 1878 112 84 &
846 1878 179 84 eius
958 1878 404 84 significatione
1295 1878 179 84 dixi
1407 1878 179 84 modo
1519 1878 135 84 ac
1586 1878 247 84 quondam
1766 1878 157 84 dum
1855 1878 292 84 exponerem
2057 1878 90 84 De

487 1950 250 61 calogum.
675 1950 125 61 Id
737 1950 292 61 obseruatum
966 1950 146 61 est
1050 1950 188 61 quasi
1175 1950 250 61 naturali
1362 1950 104 61 &
1404 1950 208 61 diuina
1550 1950 167 61 lege
1654 1950 104 61 a
1696 1950 229 61 condito
1862 1950 188 61 orbe.
1987 1950 146 61 Est
2050 1950 104 61 au-

479 2002 155 67 tem
568 2002 200 67 caput
701 2002 266 67 feriarum
900 2002 244 67 omnium.
1078 2002 200 67 Neque
1211 2002 178 67 enim
1322 2002 311 67 institutum
1566 2002 155 67 est
1655 2002 222 67 primum
1810 2002 155 67 per
1899 2002 222 67 Mosen,
2032 2002 111 67 ex-

484 2054 206 71 hibito
628 2054 247 71 coelitus
814 2054 267 71 Decalogo.
1019 2054 144 71 Nam
1102 2054 226 71 religio
1266 2054 226 71 sabbati
1431 2054 165 71 fuit
1534 2054 226 71 recepta
1698 2054 103 71 a
1740 2054 226 71 sanctis
1904 2054 144 71 mox
1986 2054 103 71 a
2007 2054 144 71 mundo

478 2125 257 64 condito.
671 2125 236 64 Ideoque
842 2125 129 64 in
907 2125 257 64 Decalogo
1100 2125 236 64 legimus
1271 2125 236 64 dixisse
1443 2125 257 64 dominum,
1636 2125 236 64 Memento
1808 2125 129 64 ut
1872 2125 172 64 diem
1958 2125 193 64 sabbati

482 2173 325 66 sanctifices.
746 2173 142 66 Sed
827 2173 101 66 &
867 2173 162 66 ante
969 2173 183 66 legem
1091 2173 183 66 latam
1212 2173 264 66 manifeste
1415 2173 142 66 fit
1497 2173 223 66 sabbati
1659 2173 223 66 mentio.
1821 2173 183 66 Exodi
1923 2173 223 66 decimose-

487 2234 153 70 xto
574 2234 109 70 &
618 2234 240 70 Genesis
793 2234 240 70 secundo
946 2234 196 70 capite.

561 2265 248 77 Secundum
748 2265 186 77 genus
872 2265 228 77 sabbati
1037 2265 166 77 siue
1141 2265 248 77 feriarum
1327 2265 166 77 sunt
1431 2265 248 77 Calendae
1617 2265 145 77 uel
1700 2265 290 77 Neomenies,
1927 2265 124 77 id
1989 2265 166 77 est,
2072 2265 83 77 no

489 2326 257 76 uilunia:
681 2326 128 76 ea
745 2326 364 76 celebrabantur
1045 2326 128 76 in
1109 2326 214 76 capite
1259 2326 300 76 singulorum
1495 2326 257 76 mensium.
1687 2326 171 76 Eius
1794 2326 214 76 mentio
1944 2326 150 76 fit
2008 2326 150 76 Nume-

482 2397 171 56 ri10.
596 2397 95 56 &
634 2397 133 56 28.
710 2397 114 56 1.
767 2397 228 56 Samuelis
938 2397 133 56 20.
1014 2397 171 56 Psal.
1128 2397 133 56 Si.
1204 2397 190 56 Ezech.
1336 2397 133 56 46.
1412 2397 95 56 &
1450 2397 114 56 2.
1507 2397 228 56 Paralip.
1678 2397 114 56 2.
1735 2397 209 56 Dicitur
1887 2397 114 56 ea
1925 2397 228 56 celebritas

488 2448 122 76 in
549 2448 244 76 memoriam
731 2448 223 76 creatae
894 2448 183 76 lucis
1015 2448 162 76 esse
1117 2448 284 76 instituta,
1340 2448 284 76 admonuisse
1563 2448 264 76 cultores,
1766 2448 122 76 ne
1827 2448 203 76 menses
1969 2448 142 76 uel
2030 2448 122 76 lano

485 2518 136 57 uel
562 2518 194 57 Marti,
698 2518 136 57 aut
775 2518 155 57 alij
872 2518 194 57 alicui
1007 2518 155 57 diuo
1104 2518 136 57 uel
1182 2518 252 57 planetae,
1375 2518 136 57 sed
1453 2518 136 57 uni
1530 2518 155 57 soli
1627 2518 136 57 deo
1705 2518 252 57 conditori
1898 2518 194 57 omnium
2034 2518 97 57 &
2053 2518 97 57 tem

481 2562 190 72 porum
608 2562 317 72 gubernatori
862 2562 148 72 seu
946 2562 296 72 moderatori
1179 2562 338 72 subijcerent.
1454 2562 275 72 Praeterea
1665 2562 402 72 significationem
1983 2562 169 72 habuit

487 2619 326 64 reparationis
751 2619 143 64 uel
833 2619 326 64 renouationis
1098 2619 183 64 animi
1220 2619 244 64 fidelis,
1403 2619 143 64 per
1485 2619 367 64 illuminationem
1790 2619 285 64 coelestem:
2014 2619 122 64 ut
2055 2619 102 64 No-

478 2676 250 71 uilunium
665 2676 291 71 Christiani
894 2676 166 71 uere
998 2676 312 71 celebremus,
1248 2676 146 71 cum
1331 2676 125 71 ex
1394 2676 250 71 tenebris
1581 2676 125 71 in
1644 2676 187 71 lucem
1768 2676 104 71 a
1810 2676 187 71 filio
1935 2676 146 71 dei
1997 2676 146 71 produ

483 2732 145 67 cti
566 2732 269 67 ambulamus
773 2732 124 67 ut
836 2732 187 67 decet
960 2732 207 67 filios
1105 2732 207 67 lucis,
1250 2732 228 67 omnibus
1416 2732 290 67 tenebrarum
1644 2732 249 67 operibus
1810 2732 228 67 reiectis.

561 2788 244 58 Tertium
738 2788 266 58 feriarum
937 2788 199 58 genus
1070 2788 354 58 comprehendit
1358 2788 199 58 festa
1491 2788 376 58 anniuersaria,
1801 2788 221 58 quorum
1956 2788 177 58 tria
2044 2788 111 58 nu-

480 2841 263 76 merantur
678 2841 241 76 Pascha,
853 2841 329 76 Pentecoste,
1117 2841 110 76 &
1160 2841 219 76 Festum
1314 2841 219 76 mensis
1468 2841 263 76 septimi.
1665 2841 263 76 Caeterum
1863 2841 219 76 uoluit
1994 2841 154 76 domi-

479 2901 144 69 nus
562 2901 124 69 in
624 2901 185 69 hisce
747 2901 206 69 tribus
891 2901 206 69 festis
1036 2901 124 69 in
1097 2901 165 69 loco
1200 2901 227 69 sancto,
1365 2901 185 69 nempe
1489 2901 124 69 ad
1551 2901 350 69 Tabernaculum,
1839 2901 103 69 &
1880 2901 144 69 hoc
1942 2901 206 69 transla-

485 2956 128 76 to
549 2956 128 76 ad
613 2956 235 76 Templum
784 2956 278 76 generales
997 2956 278 76 celebrari
1211 2956 235 76 synodos
1382 2956 128 76 ac
1446 2956 299 76 panegyres.
1681 2956 150 76 Sic
1766 2956 171 76 enim
1873 2956 150 76 ait
1959 2956 192 76 Moses
2066 2956 85 76 in
