2288 3632
473 279 269 89 genitaque
680 279 331 89 misericordia
949 279 207 89 sicuti
1094 279 103 89 &
1135 279 248 89 patribus
1322 279 331 89 benefecerat.
1591 279 228 89 Eratque
1756 279 166 89 haec
1860 279 290 89 caeremonia
2067 279 103 89 non

479 346 232 85 uulgare
648 346 190 85 fidei
753 346 274 85 exercitium.

561 383 269 79 Praeterea
769 383 332 79 exhibebantur
1038 383 124 79 in
1100 383 145 79 his
1183 383 207 79 quoque
1328 383 207 79 futura
1473 383 456 79 Christilsaluatoris
1867 383 269 79 mysteria.
2074 383 145 79 Nam

496 445 402 78 praefigurabatur
835 445 169 78 quis
940 445 233 78 futurus
1110 445 275 78 Christus,
1321 445 169 78 quid
1427 445 191 78 mundo
1554 445 318 78 collaturus,
1808 445 233 78 quomodo
1978 445 169 78 eius
2062 445 106 78 fi-

478 503 145 71 ant
561 503 290 71 participes
789 503 166 71 pij,
893 503 104 71 &
934 503 228 71 quomodo
1100 503 124 71 hi
1162 503 124 71 se
1224 503 207 71 gerant
1369 503 186 71 coram
1493 503 186 71 ipso.
1618 503 207 71 Etenim
1763 503 186 71 inter
1887 503 166 71 alia
1970 503 207 71 animalia

475 560 229 79 multa,
635 560 160 79 non
727 560 206 79 aliud
864 560 321 79 eligebatur
1116 560 183 79 huic
1231 560 321 79 sacramento
1483 560 206 79 magis
1620 560 252 79 idoneum
1804 560 183 79 quam
1918 560 229 79 agnus,
2055 560 115 79 non

478 614 143 83 tam
559 614 224 83 propter
722 614 387 83 significationem
1048 614 346 83 simplicitatis
1333 614 102 83 &
1374 614 285 83 patientiae
1598 614 122 83 in
1659 614 244 83 Christo,
1842 614 163 83 quam
1944 614 163 83 quod
2025 614 143 83 uicti

489 673 128 72 ma
553 673 170 72 est.
659 673 213 72 Paulus
808 673 192 72 enim,
936 673 213 72 Pascha
1085 673 255 72 nostrum,
1276 673 234 72 inquit,
1446 673 277 72 immolatus
1659 673 149 72 est
1744 673 277 72 Christus.
1957 673 192 72 Agnus
2064 673 106 72 quo

496 725 153 87 que
584 725 197 87 iuxta
715 725 197 87 legem
847 725 175 87 mane
956 725 110 87 &
1000 725 241 87 uesperi
1175 725 351 87 immolabatur.
1460 725 263 87 Christus
1657 725 175 87 enim
1767 725 153 87 est
1854 725 197 87 agnus
1964 725 197 87 occisus

487 783 123 80 ab
549 783 226 80 origine
713 783 205 80 mundi.
857 783 123 80 De
919 783 144 80 quo
1001 783 103 80 &
1042 783 246 80 Baptista
1227 783 308 80 testificans
1473 783 205 80 dixit,
1617 783 164 80 Ecce
1719 783 185 80 agnus
1843 783 164 80 dei,
1945 783 144 80 qui
2007 783 164 80 tollit

492 848 261 71 peccatum
688 848 218 71 mundi.
841 848 131 71 Et
906 848 240 71 quoniam
1080 848 152 71 nos
1167 848 196 71 omnes
1298 848 218 71 sicuti
1450 848 174 71 oues
1559 848 305 71 errauimus,
1799 848 240 71 quisque
1973 848 131 71 in
2038 848 174 71 uiam

481 895 171 84 suam,
595 895 246 84 descendit
784 895 114 84 ad
841 895 133 84 nos
917 895 190 84 filius
1050 895 152 84 dei,
1144 895 95 84 &
1182 895 190 84 factus
1315 895 133 84 est
1391 895 171 84 ouis,
1505 895 209 84 nostrae
1656 895 227 84 scilicet
1827 895 284 84 substantiae
2035 895 133 84 atque

482 967 239 66 naturae.
661 967 139 66 Sed
741 967 139 66 hic
820 967 199 66 noster
960 967 219 66 integer
1119 967 139 66 est
1199 967 100 66 &
1238 967 199 66 purus,
1378 967 159 66 sine
1477 967 219 66 peccato
1637 967 100 66 &
1676 967 179 66 uitio
1796 967 100 66 :
1836 967 259 66 conceptus
2035 967 100 66 e
2055 967 119 66 spi-

490 1010 165 77 ritu
593 1010 226 77 sancto,
758 1010 185 77 natus
882 1010 124 77 ex
943 1010 185 77 Maria
1067 1010 247 77 uirgine.
1252 1010 247 77 Masculus
1437 1010 165 77 erat
1540 1010 103 77 &
1582 1010 288 77 anniculus:
1808 1010 206 77 fortis
1952 1010 247 77 nimirum,

491 1064 167 74 idem
595 1064 187 74 hodie
720 1064 104 74 &
762 1064 167 74 heri
866 1064 104 74 &
908 1064 167 74 idem
1012 1064 187 74 usque
1137 1064 125 74 in
1199 1064 250 74 saecula,
1387 1064 229 74 nimirum
1553 1064 250 74 saluator
1741 1064 250 74 uniuersi
1928 1064 208 74 orbis.
2053 1064 125 74 Sume

491 1128 189 65 batur
617 1128 126 65 ex
680 1128 189 65 agnis
806 1128 105 65 &
848 1128 231 65 hoedis.
1017 1128 252 65 Christus
1206 1128 168 65 enim
1311 1128 273 65 prognatus
1521 1128 147 65 est
1605 1128 126 65 ex
1668 1128 336 65 peccatoribus
1942 1128 105 65 &
1984 1128 231 65 iustis?

488 1177 220 71 sicuti
642 1177 309 71 commemorat
885 1177 287 71 Matthaeus
1105 1177 132 71 in
1171 1177 220 71 capite
1325 1177 220 71 primo.
1480 1177 132 71 Ac
1546 1177 242 71 propter
1722 1177 198 71 fusum
1854 1177 287 71 sanguinem
2053 1177 132 71 agni

496 1231 242 90 parcitur
677 1231 161 90 toti
778 1231 262 90 ecclesiae
979 1231 342 90 lsraelitarum.
1261 1231 141 90 Nam
1342 1231 262 90 sanguinem
1543 1231 221 90 Christi
1704 1231 242 90 oportuit
1885 1231 201 90 fundi,
2026 1231 121 90 ut
2066 1231 101 90 pur

500 1294 244 83 garentur
683 1294 163 83 eius
784 1294 244 83 sanguine
967 1294 183 83 omnes
1089 1294 244 83 fideles,
1272 1294 264 83 iratusque
1476 1294 183 83 pater
1598 1294 366 83 proptereffusum
1903 1294 224 83 cruorem
2045 1294 122 83 par-

496 1351 180 66 ceret
616 1351 160 66 toti
716 1351 279 66 ecclesiae.
935 1351 160 66 Idem
1035 1351 279 66 aspergitur
1255 1351 279 66 aspergillo
1474 1351 260 66 hysopino,
1674 1351 240 66 postibus
1854 1351 100 66 &
1874 1351 299 66 superliminari

498 1403 223 69 domus.
654 1403 289 69 Contempta
876 1403 223 69 quidem
1032 1403 111 69 &
1076 1403 245 69 humilis
1254 1403 156 69 est
1344 1403 200 69 herba
1477 1403 245 69 hysopi:
1655 1403 111 69 &
1700 1403 223 69 stulta
1855 1403 245 69 uidetur
2011 1403 156 69 humi-

497 1453 200 75 lisque
637 1453 100 75 &
677 1453 220 75 abiecta
837 1453 300 75 praedicatio
1078 1453 280 75 euangelij:
1298 1453 120 75 at
1358 1453 140 75 per
1438 1453 180 75 ipsam
1558 1453 220 75 oportet
1718 1453 200 75 nobis,
1859 1453 140 75 qui
1939 1453 180 75 sumus
2039 1453 140 75 domus

501 1518 169 64 dei,
606 1518 232 64 aspergi
775 1518 169 64 siue
881 1518 295 64 praedicari
1113 1518 232 64 sanguis
1281 1518 232 64 Christi
1450 1518 127 64 in
1513 1518 295 64 remisionem
1745 1518 316 64 peccatorum,
1977 1518 190 64 Recipi-

502 1567 150 71 mus
587 1567 193 71 autem
716 1567 193 71 agnum
844 1567 128 71 ad
908 1567 214 71 uitam,
1058 1567 150 71 cum
1143 1567 235 71 edimus,
1314 1567 128 71 id
1379 1567 150 71 est
1464 1567 257 71 credimus
1657 1567 257 71 Christum
1849 1567 150 71 pro
1935 1567 193 71 nobis
2042 1567 128 71 esse

498 1621 230 85 passum.
665 1621 146 85 Nam
749 1621 167 85 fide
853 1621 209 85 editur
1000 1621 272 85 Christus:
1209 1621 125 85 id
1271 1621 167 85 quod
1376 1621 167 85 ipse
1480 1621 167 85 fuse
1585 1621 230 85 exponit
1752 1621 188 85 Ioan.
1877 1621 167 85 cap.
1982 1621 125 85 6.
2024 1621 146 85 Agnus

506 1682 174 81 igni
615 1682 239 81 paratur
788 1682 152 81 non
875 1682 195 81 aqua:
1005 1682 152 81 nec
1092 1682 239 81 crudus,
1266 1682 152 81 sed
1353 1682 217 81 tostus
1504 1682 304 81 comeditur.
1743 1682 152 81 Non
1830 1682 174 81 enim
1938 1682 174 81 homo
2025 1682 152 81 dunta

499 1739 167 65 xat,
604 1739 147 65 sed
687 1739 167 65 deus
792 1739 188 65 simul
918 1739 147 65 est
1002 1739 209 65 uerus,
1148 1739 188 65 uerum
1274 1739 335 65 holocaustum.
1546 1739 209 65 Potest
1692 1739 126 65 is
1755 1739 147 65 nos
1839 1739 272 65 absoluere
2027 1739 147 65 plene

496 1790 124 68 ut
558 1790 206 68 nostra
702 1790 268 68 additione
908 1790 185 68 nihil
1032 1790 165 68 opus
1135 1790 165 68 sit.
1238 1790 185 68 Aquae
1361 1790 103 68 &
1402 1790 185 68 plane
1526 1790 226 68 frigida
1690 1790 165 68 sunt
1793 1790 206 68 nostra
1917 1790 247 68 additamen-

497 1847 145 75 ta.
580 1847 145 75 lam
663 1847 104 75 &
705 1847 187 75 totus
830 1847 145 75 est
913 1847 229 75 edendus
1079 1847 208 75 agnus,
1224 1847 187 75 caput
1349 1847 145 75 cum
1432 1847 229 75 pedibus
1598 1847 104 75 &
1640 1847 312 75 intestinis.
1889 1847 166 75 Nisi
1993 1847 166 75 enim
2076 1847 104 75 cre

493 1905 210 71 damus
633 1905 281 71 Christum
843 1905 117 71 &
890 1905 187 71 deum
1007 1905 187 71 esse
1124 1905 234 71 uerum,
1288 1905 117 71 &
1334 1905 257 71 hominem
1521 1905 234 71 uerum,
1685 1905 327 71 sapientiam
1942 1905 234 71 quoque
2106 1905 117 71 &

498 1956 276 72 iustitiam
710 1956 254 72 nostram,
901 1956 148 72 non
986 1956 191 72 totum
1113 1956 233 72 edimus.
1282 1956 191 72 Caput
1410 1956 148 72 non
1494 1956 212 72 edunt,
1643 1956 148 72 qui
1728 1956 254 72 Christum
1919 1956 212 72 negant
2046 1956 127 72 esse

504 2027 195 59 deum.
634 2027 195 59 Pedes
764 2027 152 59 non
851 2027 217 59 edunt,
1003 2027 152 59 qui
1089 2027 217 59 negant
1241 2027 173 59 esse
1350 2027 260 59 hominem.
1545 2027 282 59 Intestina
1761 2027 152 59 non
1848 2027 217 59 edunt,
2000 2027 152 59 qui
2065 2027 108 59 non

501 2076 303 65 agnoscunt,
739 2076 173 65 quae
847 2076 195 65 intra
977 2076 259 65 Christum
1172 2076 173 65 sunt
1280 2076 108 65 &
1323 2076 281 65 fidelibus
1539 2076 368 65 communicantur
1842 2076 195 65 dona,
1950 2076 216 65 iustitia

506 2135 280 65 uidelicet,
726 2135 280 65 sapientia,
946 2135 360 65 sanctificatio,
1246 2135 260 65 redemptio
1447 2135 100 65 &
1487 2135 180 65 uita.
1607 2135 160 65 Ossa
1707 2135 120 65 in
1767 2135 160 65 agno
1867 2135 140 65 nec
1927 2135 240 65 confringe-

507 2178 208 73 bantur
653 2178 145 73 nec
736 2178 374 73 proijciebantur
1047 2178 249 73 canibus,
1234 2178 145 73 sed
1317 2178 312 73 cremabantur
1567 2178 187 73 igni.
1691 2178 145 73 Nam
1774 2178 125 73 in
1837 2178 228 73 Christo
2003 2178 145 73 non
2065 2178 104 73 est

507 2234 301 83 confractum
744 2234 129 83 os
809 2234 215 83 ullum.
959 2234 129 83 Id
1024 2234 172 83 quod
1131 2234 301 83 commemorat
1368 2234 215 83 beatus
1519 2234 237 83 Ioannes
1691 2234 323 83 euangelicae
1927 2234 237 83 historiae

501 2296 153 69 cap.
597 2296 134 69 19.
673 2296 172 69 Latet
788 2296 115 69 in
846 2296 134 69 hoc
922 2296 249 69 praeterea
1114 2296 268 69 mysterium.
1324 2296 172 69 Licet
1439 2296 153 69 enim
1535 2296 249 69 pateretur
1727 2296 192 69 filius
1861 2296 153 69 dei,
1956 2296 115 69 in
2014 2296 115 69 eo
2052 2296 115 69 quod

502 2347 162 81 pati
603 2347 223 81 potuit,
765 2347 121 81 in
826 2347 304 81 humanitate,
1068 2347 121 81 in
1129 2347 283 81 diuinitate
1352 2347 182 81 tamen
1473 2347 202 81 mansit
1615 2347 344 81 impassibilis.
1898 2347 162 81 Quae
1999 2347 162 81 uero
2080 2347 81 81 in

514 2405 230 68 Christo
681 2405 230 68 propter
849 2405 314 68 diuinitatis
1100 2405 335 68 excellentiam
1372 2405 146 68 non
1456 2405 314 68 assequimur,
1707 2405 209 68 merito
1853 2405 230 68 ardenti
2000 2405 167 68 prose-

505 2477 195 60 quimur
642 2477 274 60 desiderio.
857 2477 137 60 Sed
936 2477 98 60 &
975 2477 235 60 Christus
1151 2477 176 60 cibus
1268 2477 137 60 est
1346 2477 195 60 animae
1483 2477 274 60 rationalis
1698 2477 293 60 fidelisque,
1932 2477 137 60 non
1991 2477 176 60 canibus

504 2527 105 61 &
546 2527 211 61 impijs
693 2527 358 61 proiiciendus.
988 2527 168 61 Idem
1093 2527 232 61 edendus
1262 2527 147 61 est
1346 2527 379 61 precipitanter,
1662 2527 147 61 nec
1746 2527 316 61 cunctandum.
1999 2527 147 61 Nam
2062 2527 105 61 pro

504 2572 200 67 tinus
637 2572 111 67 &
681 2572 200 67 citra
814 2572 466 67 procrastinationem
1213 2572 111 67 &
1258 2572 222 67 maximo
1413 2572 155 67 cum
1502 2572 288 67 desiderio
1723 2572 333 67 manducandus
1990 2572 155 67 est
2056 2572 111 67 fi-

505 2638 129 64 de
569 2638 279 64 Christus.
783 2638 193 64 Simul
912 2638 193 64 autem
1041 2638 365 64 praecipiuntur
1341 2638 300 64 comedendae
1577 2638 214 64 acidae
1727 2638 236 64 herbae,
1899 2638 150 64 cum
1963 2638 193 64 panibus

497 2683 356 68 infermentatis.
794 2683 139 68 Nam
873 2683 257 68 fidelibus
1071 2683 198 68 agenda
1210 2683 139 68 est
1289 2683 297 68 poenitentia
1527 2683 178 68 uitae
1645 2683 297 68 praeteritae
1883 2683 198 68 malae,
2021 2683 99 68 &
2041 2683 119 68 stu-

501 2742 216 67 dendum
653 2742 195 67 porro
782 2742 259 67 puritati
977 2742 216 67 uitae,
1128 2742 259 67 Sequitur
1323 2742 173 67 enim
1431 2742 281 67 copiosius
1647 2742 238 67 quomodo
1820 2742 151 67 nos
1907 2742 238 67 geramus
2058 2742 108 67 er-

491 2801 131 79 ga
557 2801 328 79 redemptorem
819 2801 263 79 nostrum.
1016 2801 241 79 Stantes
1191 2801 241 79 edebant
1366 2801 219 79 agnum,
1519 2801 241 79 renibus
1695 2801 153 79 uel
1782 2801 219 79 lumbis
1913 2801 241 79 accincti-

500 2859 246 70 calceati
685 2859 226 70 quoque,
850 2859 103 70 &
891 2859 226 70 baculos
1055 2859 246 70 tenentes
1240 2859 123 70 in
1301 2859 246 70 manibus.
1486 2859 164 70 Erat
1589 2859 123 70 is
1651 2859 226 70 habitus
1794 2859 370 70 peregrinantium.-

504 2911 143 77 lta
585 2911 164 77 ergo
688 2911 143 77 nos
770 2911 123 77 in
831 2911 266 77 praesenti
1036 2911 225 77 saeculo
1199 2911 225 77 geramus
1363 2911 246 77 oportet,
1547 2911 123 77 ut
1609 2911 184 77 decet
1731 2911 307 77 peregrinos,
1977 2911 143 77 qui
2038 2911 123 77 hunc
