2288 3632
73 255 281 108 sanguinem
290 255 173 108 suum
398 255 238 108 effudit
571 255 130 108 in
636 255 303 108 remisionem
873 255 324 108 peccatorum,
1133 255 195 108 totum
1263 255 173 108 sese
1371 255 151 108 deo
1457 255 195 108 patri
1587 255 130 108 in
1630 255 130 108 igne

76 317 278 91 charitatis
295 317 258 91 diuinique
493 317 218 91 ardoris
652 317 258 91 offerens.
851 317 139 91 Hic
930 317 159 91 idem
1029 317 199 91 turtur
1168 317 139 91 est
1248 317 119 91 ac
1307 317 238 91 columba.
1486 317 238 91 Caeterum
1645 317 99 91 re-

77 379 282 88 quirebatur
298 379 221 88 praeter
459 379 161 88 haec
560 379 121 88 in
620 379 161 88 ritu
721 379 302 88 holocausti,
962 379 121 88 ne
1023 379 201 88 unquam
1163 379 121 88 de
1224 379 302 88 animantibus
1465 379 262 88 offeratur
1646 379 101 88 ho-

75 431 280 96 locaustum
291 431 172 96 sine
398 431 301 96 oblatione,
635 431 172 96 quam
743 431 215 96 uocant
893 431 215 96 Minha:
1044 431 172 96 quae
1151 431 172 96 erat
1259 431 301 96 huiusmodi,
1496 431 129 96 Ex
1560 431 194 96 farre
1668 431 86 96 pu

64 496 204 83 gillus
206 496 265 83 granorum,
410 496 142 83 aut
491 496 244 83 farinae,
674 496 142 83 aut
756 496 305 83 crustularum
1000 496 183 83 panis
1122 496 183 83 cocti
1244 496 122 83 in
1305 496 224 83 cacabo,
1468 496 142 83 aut
1549 496 183 83 torta
1651 496 102 83 pa-

77 554 144 78 nis
160 554 185 78 cocti
283 554 123 78 in
345 554 226 78 clibano
509 554 144 78 aut
591 554 267 78 frixorio,
797 554 144 78 cum
879 554 164 78 oleo
982 554 103 78 &
1023 554 185 78 thure
1146 554 329 78 comburebatur
1413 554 123 78 in
1475 554 144 78 ara
1537 554 206 78 holocau-

66 593 215 94 storum.
223 593 176 94 Certe
340 593 235 94 Christus
517 593 137 94 est
595 593 176 94 panis
712 593 196 94 uitae,
849 593 137 94 qui
928 593 137 94 per
1006 593 235 94 spiritum
1182 593 254 94 aeternum,
1378 593 117 94 ut
1437 593 137 94 ait
1515 593 274 94 apostolus,

68 653 121 89 se
128 653 141 89 deo
209 653 182 89 patri
330 653 222 89 obtulit
492 653 141 89 pro
573 653 182 89 nobis
694 653 121 89 in
755 653 182 89 cibum
876 653 141 89 uel
957 653 364 89 conseruationem
1239 653 162 89 uitae.

162 708 320 91 Holocaustis
418 708 363 91 connumerantur
716 708 171 91 luge
823 708 341 91 sacrificium,
1101 708 107 91 &
1143 708 299 91 sacrificia
1378 708 363 91 initiationis.
1677 708 128 91 De

63 764 167 100 lugi
168 764 293 100 sacrificio
398 764 230 100 copiosa
565 764 146 100 fit
649 764 251 100 exposito
837 764 188 100 Exodi
963 764 146 100 29.
1047 764 105 100 &
1088 764 209 100 Leuit.
1235 764 126 100 6.
1298 764 314 100 Quotidianum
1549 764 126 100 id
1591 764 146 100 erat.

72 820 156 89 Nam
161 820 355 89 offerebantur
449 820 267 89 singulis
649 820 222 89 diebus
805 820 178 89 mane
916 820 111 89 &
960 820 244 89 uesperi
1138 820 178 89 agni
1249 820 178 89 duo,
1360 820 178 89 unus
1471 820 200 89 nempe
1582 820 156 89 uespe

67 881 138 89 ri,
146 881 177 89 alter
264 881 158 89 mane
363 881 118 89 In
422 881 138 89 his
501 881 256 89 manifeste
698 881 375 89 praenunciabatur
1014 881 256 89 Christus,
1211 881 138 89 qui
1290 881 138 89 est
1368 881 177 89 agnus
1487 881 158 89 ille
1585 881 138 89 dei
1644 881 99 89 qui

73 937 208 87 tollit
219 937 249 87 peccatum
406 937 208 87 mundi,
551 937 187 87 cuius
676 937 208 87 uirtus
821 937 208 87 semper
967 937 229 87 efficax
1133 937 145 87 est
1216 937 125 87 ad
1279 937 249 87 tollenda
1466 937 187 87 omnia
1570 937 166 87 omnium

75 984 245 96 fidelium
258 984 245 96 peccata.
441 984 143 96 Est
523 984 163 96 enim
625 984 183 96 agnus
747 984 163 96 ille
849 984 224 96 occisus
1012 984 122 96 ab
1073 984 224 96 origine
1236 984 204 96 mundi:
1379 984 183 96 semel
1501 984 204 96 quidem
1623 984 102 96 cae

64 1046 146 89 sus
148 1046 105 89 &
190 1046 230 89 occisus
357 1046 126 89 in
420 1046 209 89 cruce,
566 1046 146 89 sed
650 1046 188 89 cuius
775 1046 230 89 meritum
943 1046 105 89 &
985 1046 272 89 efficatia
1194 1046 209 89 semper
1340 1046 209 89 durat,
1487 1046 105 89 &
1529 1046 188 89 omnes
1633 1046 105 89 ab-

66 1102 196 86 soluit
204 1102 235 86 quotquot
380 1102 274 86 liberantur
595 1102 118 86 at
654 1102 255 86 peccatis.
850 1102 176 86 Porro
968 1102 274 86 sacrificia
1183 1102 333 86 lnitiationis,
1458 1102 274 86 sacerdotum
1654 1102 78 86 ui

71 1158 263 93 delicet,
268 1158 328 93 tabernaculi
531 1158 109 93 &
574 1158 219 93 omnium
728 1158 241 93 uasorum
903 1158 153 93 seu
990 1158 394 93 instrumentorum
1318 1158 306 93 ministerij
1537 1158 197 93 sancti,

69 1219 263 83 pleraque
266 1219 219 83 habent
419 1219 263 83 communia
616 1219 153 83 cum
704 1219 350 83 holocaustis,
989 1219 241 83 quaedam
1164 1219 328 83 peculiaria.
1426 1219 131 83 De
1492 1219 219 83 quibus
1624 1219 109 83 co-

72 1277 183 87 piose
194 1277 285 87 disseritur
417 1277 183 87 Exodi
539 1277 142 87 20.
621 1277 102 87 &
661 1277 203 87 Leuit.
804 1277 122 87 8.
865 1277 163 87 cap.
966 1277 244 87 Christus
1149 1277 183 87 autem
1271 1277 224 87 dominus
1434 1277 203 87 noster
1556 1277 183 87 initia-

65 1333 137 77 tus
144 1333 137 77 est
222 1333 137 77 per
301 1333 274 77 passionem,
516 1333 118 77 ac
575 1333 157 77 sibi
673 1333 294 77 consecrauit
908 1333 118 77 in
967 1333 274 77 sacerdotes
1182 1333 176 77 omnes
1300 1333 235 77 fideles,

152 1374 282 102 Secundum
364 1374 212 102 genus
505 1374 400 102 sacrificiorum
834 1374 188 102 erat
952 1374 282 102 Oblatio,
1163 1374 188 102 quam
1281 1374 235 102 uocant
1445 1374 235 102 Minha,
1586 1374 165 102 munus

59 1436 229 97 inquam
219 1436 160 97 uel
311 1436 229 97 donum,
471 1436 251 97 farreum
654 1436 160 97 seu
745 1436 251 97 adoreum
928 1436 366 97 sacrificium,
1225 1436 183 97 quod
1339 1436 114 97 &
1385 1436 274 97 cibarium
1568 1436 183 97 cogno-

66 1493 260 91 minatur.
261 1493 282 91 Constabat
478 1493 152 91 hoc
565 1493 260 91 frugibus
760 1493 239 91 terrae,
934 1493 173 91 quae
1042 1493 152 91 non
1129 1493 152 91 uno
1216 1493 173 91 modo
1324 1493 369 91 adhibebantur.
1628 1493 152 91 Nam

65 1553 362 86 commemorantur
363 1553 170 86 tres
469 1553 256 86 species.
661 1553 319 86 Offerebatur
917 1553 170 86 enim
1023 1553 149 86 far
1108 1553 213 86 tostum
1257 1553 128 86 in
1321 1553 234 86 spicis,
1492 1553 149 86 aut
1556 1553 170 86 farina

59 1609 163 88 siue
161 1609 224 88 similia
324 1609 183 88 munda
446 1609 204 88 nondum
589 1609 204 88 cocta,
731 1609 143 88 aut
813 1609 183 88 certe
935 1609 224 88 paratus
1098 1609 122 88 ex
1159 1609 204 88 farina
1302 1609 204 88 panis:
1445 1609 143 88 qui
1526 1609 163 88 sane
1608 1609 122 88 tri-

61 1668 192 82 plici
189 1668 171 82 modo
295 1668 149 82 aut
381 1668 192 82 forma
509 1668 171 82 siue
615 1668 235 82 ratione
786 1668 299 82 parabatur.
1021 1668 149 82 Vel
1106 1668 171 82 enim
1213 1668 299 82 coquebatur
1448 1668 128 82 in
1512 1668 192 82 furno
1618 1668 107 82 aut

60 1726 245 69 clibano:
244 1726 143 69 uel
325 1726 123 69 in
387 1726 204 69 cacabo
530 1726 143 69 aut
612 1726 266 69 sartagine
816 1726 102 69 :
857 1726 143 69 uel
939 1726 123 69 in
1000 1726 245 69 frixorio
1184 1726 307 69 crustularum
1429 1726 204 69 plano.
1552 1726 184 69 Accede-

56 1769 154 91 bat
144 1769 154 91 his
232 1769 199 91 uelut
365 1769 287 91 auctarium
586 1769 110 91 &
630 1769 331 91 condimentum
894 1769 375 91 sacrificiorum
1203 1769 177 91 sal,
1314 1769 221 91 oleum,
1468 1769 199 91 thus,
1579 1769 154 91 Remo-

63 1831 219 87 uentur
216 1831 197 87 autem
348 1831 263 87 generali
545 1831 219 87 canone
698 1831 131 87 ab
764 1831 241 87 omnibus
939 1831 328 87 sacrificijs
1202 1831 153 87 mei
1289 1831 109 87 &
1333 1831 307 87 fermentum.
1574 1831 153 87 Non
1639 1831 88 87 e-

64 1885 144 88 nim
147 1885 350 88 admittebantur
435 1885 185 88 libae
558 1885 247 88 melleae.
743 1885 123 88 In
805 1885 185 88 epulo
928 1885 185 88 tamen
1051 1885 329 88 eucharistico
1319 1885 329 88 admittebatur
1586 1885 185 88 panis

60 1940 306 91 fermentatus
304 1940 122 91 ad
365 1940 183 91 esum.
488 1940 224 91 Proinde
651 1940 122 91 si
712 1940 163 91 quis
814 1940 245 91 offerret
997 1940 245 91 farinam,
1181 1940 265 91 ungebatur
1384 1940 122 91 ea
1446 1940 183 91 prius
1568 1940 102 91 a
1588 1940 143 91 sacer

64 2000 170 75 dote
170 2000 191 75 oleo,
297 2000 106 75 &
340 2000 319 75 condiebatur
595 2000 191 75 sale,
722 2000 191 75 moxei
850 2000 319 75 imponebatur
1105 2000 191 75 thus:
1232 2000 170 75 inde
1339 2000 191 75 uolam
1466 2000 212 75 plenam
1594 2000 127 75 acci

51 2057 212 82 piebat
199 2057 254 82 sacerdos
390 2057 148 82 (in
474 2057 296 82 sacrificio
707 2057 148 82 pro
792 2057 275 82 sacerdote
1003 2057 339 82 comburebatur
1279 2057 212 82 totum)
1427 2057 106 82 &
1469 2057 254 82 adolebat
1638 2057 85 82 in

58 2115 169 84 ara,
163 2115 253 84 reliquum
354 2115 169 84 sibi
459 2115 338 84 conseruabat.
734 2115 127 84 Et
797 2115 127 84 in
860 2115 232 84 omnibus
1029 2115 211 84 quidem
1177 2115 253 84 cibarijs
1367 2115 338 84 oblationibus
1620 2115 106 84 po-

54 2173 218 75 nebatur
213 2173 178 75 thus,
332 2173 297 75 praeterquam
570 2173 119 75 in
629 2173 278 75 sacrificio
847 2173 139 75 pro
927 2173 238 75 peccato,
1105 2173 99 75 &
1145 2173 119 75 in
1204 2173 278 75 sacrificio
1423 2173 297 75 zelotypiae:
1641 2173 79 75 id

57 2222 157 86 quod
155 2222 196 86 uidere
293 2222 176 86 licet
410 2222 196 86 Leuit.
548 2222 118 86 5.
606 2222 98 86 &
646 2222 157 86 Num.
744 2222 118 86 5.
802 2222 118 86 At
861 2222 196 86 Leuit.
999 2222 118 86 2.
1057 2222 157 86 cap.
1155 2222 216 86 reliqua
1312 2222 137 86 qui
1391 2222 176 86 cupit
1508 2222 255 86 inueniet,

58 2286 169 75 quae
163 2286 274 75 pertinent
374 2286 126 75 ad
437 2286 190 75 ritum
564 2286 295 75 oblationis
796 2286 232 75 cibarij
964 2286 232 75 plenum.
1133 2286 148 75 Non
1217 2286 169 75 enim
1323 2286 232 75 singula
1491 2286 274 75 minutatim

57 2325 142 96 hic
138 2325 324 96 prosequimur.
401 2325 182 96 Porro
522 2325 202 96 sicuti
663 2325 182 96 antea
785 2325 243 96 Christus
967 2325 121 96 in
1027 2325 324 96 animantibus,
1290 2325 142 96 hoc
1371 2325 162 96 est,
1472 2325 283 96 pecudibus,

57 2391 246 87 armentis
241 2391 102 87 &
282 2391 205 87 auibus
425 2391 348 87 praefiguratus
712 2391 164 87 est,
814 2391 143 87 ita
896 2391 164 87 nunc
998 2391 328 87 significatur
1265 2391 123 87 in
1326 2391 246 87 panibus.
1510 2391 143 87 Est
1592 2391 164 87 enim

65 2447 179 75 panis
184 2447 199 75 uitae:
323 2447 99 75 &
363 2447 179 75 habet
482 2447 199 75 formas
621 2447 199 75 uarias
760 2447 318 75 infirmitatis
1018 2447 99 75 &
1058 2447 238 75 gloriae.
1237 2447 119 75 In
1296 2447 218 75 Christo
1455 2447 139 75 non
1514 2447 199 75 reperias

61 2507 194 84 ullum
191 2507 302 84 fermentum,
428 2507 281 84 peccatum,
644 2507 151 84 aut
730 2507 345 84 acerbitatem,
1011 2507 302 84 hypocrisim
1248 2507 151 84 aut
1335 2507 302 84 superbiam.
1572 2507 194 84 Nulla

54 2566 132 80 est
130 2566 113 80 in
186 2566 208 80 Christo
337 2566 208 80 dulcedo
488 2566 283 80 uoluptatis,
715 2566 208 80 mellea,
866 2566 208 80 inquam,
1017 2566 245 80 affectio.
1205 2566 132 80 Sed
1281 2566 132 80 sal
1356 2566 113 80 in
1413 2566 151 80 ipso
1507 2566 245 80 inuenias,

51 2620 376 76 temperamentum
361 2620 199 76 plane
494 2620 266 76 diuinum,
693 2620 111 76 &
737 2620 310 76 sapientiam
981 2620 421 76 absolutissimam.
1335 2620 243 76 Propter
1490 2620 221 76 Christum

46 2665 192 82 omnia
173 2665 234 82 hominum
344 2665 192 82 grata
472 2665 170 82 sunt
578 2665 149 82 deo
663 2665 106 82 :
706 2665 234 82 propter
876 2665 256 82 Christum
1068 2665 277 82 exaudimur
1281 2665 128 82 at
1345 2665 192 82 patre
1473 2665 106 82 :
1515 2665 149 82 est
1579 2665 128 82 ergo

56 2717 170 92 thus
162 2717 192 92 super
290 2717 255 92 Christo.
481 2717 255 92 Quanquam
673 2717 192 92 simul
801 2717 128 92 in
865 2717 149 92 his
950 2717 298 92 adumbretur
1184 2717 213 92 qualia
1333 2717 106 92 &
1375 2717 213 92 nostra
1524 2717 170 92 esse
1610 2717 106 92 de-

55 2777 168 89 beant
167 2777 280 89 sacrificia,
391 2777 186 89 utique
521 2777 149 89 sine
614 2777 261 89 hypocrisi,
819 2777 298 89 amarulentia,
1062 2777 168 89 odio,
1174 2777 224 89 inuidia,
1341 2777 93 89 &
1379 2777 168 89 citra
1490 2777 261 89 uoluptatem

55 2830 276 79 carnalem,
267 2830 191 79 mixta
395 2830 191 79 autem
522 2830 170 79 pijs
607 2830 234 79 precibus,

139 2888 309 100 Sacrificio
381 2888 242 100 cibario
558 2888 331 100 connumerari
822 2888 242 100 possunt
999 2888 287 100 libamina.
1219 2888 154 100 His
1307 2888 176 100 enim
1417 2888 198 100 uinum
1528 2888 198 100 domino
