<?xml version="1.0" encoding="UTF-8"?>
<alto xmlns:xsi="http://www.w3.org/2001/XMLSchema-instance"
      xmlns="http://www.loc.gov/standards/alto/ns-v2#"
      xmlns:page="http://schema.primaresearch.org/PAGE/gts/pagecontent/2013-07-15"
      xsi:schemaLocation="http://www.loc.gov/standards/alto/ns-v2# http://www.loc.gov/standards/alto/alto.xsd">
   <Description>
      <MeasurementUnit>pixel</MeasurementUnit>
      <OCRProcessing ID="IdOcr">
         <ocrProcessingStep>
            <processingDateTime>2020-08-08T18:22:59.139-04:00</processingDateTime>
            <processingSoftware>
               <softwareCreator>READ COOP</softwareCreator>
               <softwareName>Transkribus</softwareName>
            </processingSoftware>
         </ocrProcessingStep>
      </OCRProcessing>
   </Description>
   <Tags/>
   <Layout>
      <Page ID="Page1" PHYSICAL_IMG_NR="1" HEIGHT="3632" WIDTH="2288">
         <TopMargin HEIGHT="0" WIDTH="2288" VPOS="0" HPOS="0"/>
         <LeftMargin HEIGHT="3632" WIDTH="0" VPOS="0" HPOS="0"/>
         <RightMargin HEIGHT="3632" WIDTH="0" VPOS="0" HPOS="2288"/>
         <BottomMargin HEIGHT="0" WIDTH="2288" VPOS="3632" HPOS="0"/>
         <PrintSpace HEIGHT="3632" WIDTH="2288" VPOS="0" HPOS="0">
            <TextBlock ID="r2" HEIGHT="2797" WIDTH="1671" VPOS="215" HPOS="515">
               <Shape>
                  <Polygon POINTS="515,215 515,3012 2186,3012 2186,215"/>
               </Shape>
               <TextLine ID="r2l2"
                         BASELINE="355"
                         HEIGHT="90"
                         WIDTH="1676"
                         VPOS="265"
                         HPOS="504">
                  <String HEIGHT="90"
                          WIDTH="283"
                          VPOS="265"
                          HPOS="484"
                          CONTENT="fundebatur"/>
                  <SP HEIGHT="90" WIDTH="20" VPOS="265" HPOS="767"/>
                  <String HEIGHT="90" WIDTH="121" VPOS="265" HPOS="706" CONTENT="in"/>
                  <SP HEIGHT="90" WIDTH="20" VPOS="265" HPOS="827"/>
                  <String HEIGHT="90"
                          WIDTH="323"
                          VPOS="265"
                          HPOS="767"
                          CONTENT="sacrificijs,"/>
                  <SP HEIGHT="90" WIDTH="20" VPOS="265" HPOS="1090"/>
                  <String HEIGHT="90"
                          WIDTH="182"
                          VPOS="265"
                          HPOS="1029"
                          CONTENT="sicut"/>
                  <SP HEIGHT="90" WIDTH="20" VPOS="265" HPOS="1211"/>
                  <String HEIGHT="90"
                          WIDTH="202"
                          VPOS="265"
                          HPOS="1150"
                          CONTENT="claret"/>
                  <SP HEIGHT="90" WIDTH="20" VPOS="265" HPOS="1352"/>
                  <String HEIGHT="90"
                          WIDTH="182"
                          VPOS="265"
                          HPOS="1292"
                          CONTENT="Exodi"/>
                  <SP HEIGHT="90" WIDTH="20" VPOS="265" HPOS="1473"/>
                  <String HEIGHT="90"
                          WIDTH="141"
                          VPOS="265"
                          HPOS="1413"
                          CONTENT="29."/>
                  <SP HEIGHT="90" WIDTH="20" VPOS="265" HPOS="1554"/>
                  <String HEIGHT="90"
                          WIDTH="202"
                          VPOS="265"
                          HPOS="1493"
                          CONTENT="Leuit."/>
                  <SP HEIGHT="90" WIDTH="20" VPOS="265" HPOS="1695"/>
                  <String HEIGHT="90" WIDTH="121" VPOS="265" HPOS="1635" CONTENT="6."/>
                  <SP HEIGHT="90" WIDTH="20" VPOS="265" HPOS="1756"/>
                  <String HEIGHT="90" WIDTH="101" VPOS="265" HPOS="1695" CONTENT="&amp;"/>
                  <SP HEIGHT="90" WIDTH="20" VPOS="265" HPOS="1796"/>
                  <String HEIGHT="90"
                          WIDTH="202"
                          VPOS="265"
                          HPOS="1736"
                          CONTENT="Numeri"/>
                  <SP HEIGHT="90" WIDTH="20" VPOS="265" HPOS="1938"/>
                  <String HEIGHT="90"
                          WIDTH="141"
                          VPOS="265"
                          HPOS="1877"
                          CONTENT="28."/>
                  <SP HEIGHT="90" WIDTH="20" VPOS="265" HPOS="2018"/>
                  <String HEIGHT="90"
                          WIDTH="141"
                          VPOS="265"
                          HPOS="1958"
                          CONTENT="Est"/>
                  <SP HEIGHT="90" WIDTH="20" VPOS="265" HPOS="2099"/>
                  <String HEIGHT="90"
                          WIDTH="182"
                          VPOS="265"
                          HPOS="2039"
                          CONTENT="autem"/>
                  <SP HEIGHT="90" WIDTH="20" VPOS="265" HPOS="2220"/>
                  <String HEIGHT="90" WIDTH="40" VPOS="265" HPOS="2140" CONTENT=""/>
               </TextLine>
               <TextLine ID="r2l3"
                         BASELINE="403"
                         HEIGHT="94"
                         WIDTH="1660"
                         VPOS="309"
                         HPOS="516">
                  <String HEIGHT="94"
                          WIDTH="262"
                          VPOS="309"
                          HPOS="494"
                          CONTENT="Christus"/>
                  <SP HEIGHT="94" WIDTH="22" VPOS="309" HPOS="756"/>
                  <String HEIGHT="94"
                          WIDTH="218"
                          VPOS="309"
                          HPOS="691"
                          CONTENT="uinum,"/>
                  <SP HEIGHT="94" WIDTH="22" VPOS="309" HPOS="909"/>
                  <String HEIGHT="94"
                          WIDTH="197"
                          VPOS="309"
                          HPOS="844"
                          CONTENT="potus"/>
                  <SP HEIGHT="94" WIDTH="22" VPOS="309" HPOS="1040"/>
                  <String HEIGHT="94" WIDTH="109" VPOS="309" HPOS="975" CONTENT="&amp;"/>
                  <SP HEIGHT="94" WIDTH="22" VPOS="309" HPOS="1084"/>
                  <String HEIGHT="94"
                          WIDTH="240"
                          VPOS="309"
                          HPOS="1018"
                          CONTENT="gaudium"/>
                  <SP HEIGHT="94" WIDTH="22" VPOS="309" HPOS="1259"/>
                  <String HEIGHT="94"
                          WIDTH="240"
                          VPOS="309"
                          HPOS="1193"
                          CONTENT="nostrum"/>
                  <SP HEIGHT="94" WIDTH="22" VPOS="309" HPOS="1433"/>
                  <String HEIGHT="94" WIDTH="131" VPOS="309" HPOS="1368" CONTENT="ad"/>
                  <SP HEIGHT="94" WIDTH="22" VPOS="309" HPOS="1499"/>
                  <String HEIGHT="94"
                          WIDTH="197"
                          VPOS="309"
                          HPOS="1433"
                          CONTENT="uitam"/>
                  <SP HEIGHT="94" WIDTH="22" VPOS="309" HPOS="1630"/>
                  <String HEIGHT="94"
                          WIDTH="284"
                          VPOS="309"
                          HPOS="1564"
                          CONTENT="aeternam."/>
                  <SP HEIGHT="94" WIDTH="22" VPOS="309" HPOS="1848"/>
                  <String HEIGHT="94" WIDTH="131" VPOS="309" HPOS="1783" CONTENT="Is"/>
                  <SP HEIGHT="94" WIDTH="22" VPOS="309" HPOS="1914"/>
                  <String HEIGHT="94"
                          WIDTH="262"
                          VPOS="309"
                          HPOS="1848"
                          CONTENT="effundit"/>
                  <SP HEIGHT="94" WIDTH="22" VPOS="309" HPOS="2110"/>
                  <String HEIGHT="94" WIDTH="131" VPOS="309" HPOS="2045" CONTENT="se"/>
                  <SP HEIGHT="94" WIDTH="22" VPOS="309" HPOS="2176"/>
                  <String HEIGHT="94" WIDTH="87" VPOS="309" HPOS="2089" CONTENT="in"/>
               </TextLine>
               <TextLine ID="r2l4"
                         BASELINE="466"
                         HEIGHT="96"
                         WIDTH="1668"
                         VPOS="370"
                         HPOS="511">
                  <String HEIGHT="96"
                          WIDTH="203"
                          VPOS="370"
                          HPOS="491"
                          CONTENT="animos"/>
                  <SP HEIGHT="96" WIDTH="20" VPOS="370" HPOS="694"/>
                  <String HEIGHT="96"
                          WIDTH="224"
                          VPOS="370"
                          HPOS="633"
                          CONTENT="piorum,"/>
                  <SP HEIGHT="96" WIDTH="20" VPOS="370" HPOS="857"/>
                  <String HEIGHT="96" WIDTH="122" VPOS="370" HPOS="796" CONTENT="ut"/>
                  <SP HEIGHT="96" WIDTH="20" VPOS="370" HPOS="918"/>
                  <String HEIGHT="96"
                          WIDTH="183"
                          VPOS="370"
                          HPOS="857"
                          CONTENT="ipsos"/>
                  <SP HEIGHT="96" WIDTH="20" VPOS="370" HPOS="1040"/>
                  <String HEIGHT="96"
                          WIDTH="203"
                          VPOS="370"
                          HPOS="979"
                          CONTENT="gaudio"/>
                  <SP HEIGHT="96" WIDTH="20" VPOS="370" HPOS="1182"/>
                  <String HEIGHT="96"
                          WIDTH="285"
                          VPOS="370"
                          HPOS="1121"
                          CONTENT="perfundat,"/>
                  <SP HEIGHT="96" WIDTH="20" VPOS="370" HPOS="1406"/>
                  <String HEIGHT="96"
                          WIDTH="224"
                          VPOS="370"
                          HPOS="1345"
                          CONTENT="iuatque"/>
                  <SP HEIGHT="96" WIDTH="20" VPOS="370" HPOS="1569"/>
                  <String HEIGHT="96" WIDTH="122" VPOS="370" HPOS="1508" CONTENT="in"/>
                  <SP HEIGHT="96" WIDTH="20" VPOS="370" HPOS="1630"/>
                  <String HEIGHT="96"
                          WIDTH="142"
                          VPOS="370"
                          HPOS="1569"
                          CONTENT="eis"/>
                  <SP HEIGHT="96" WIDTH="20" VPOS="370" HPOS="1711"/>
                  <String HEIGHT="96" WIDTH="102" VPOS="370" HPOS="1650" CONTENT="&amp;"/>
                  <SP HEIGHT="96" WIDTH="20" VPOS="370" HPOS="1752"/>
                  <String HEIGHT="96"
                          WIDTH="163"
                          VPOS="370"
                          HPOS="1691"
                          CONTENT="ipsi"/>
                  <SP HEIGHT="96" WIDTH="20" VPOS="370" HPOS="1854"/>
                  <String HEIGHT="96" WIDTH="122" VPOS="370" HPOS="1793" CONTENT="in"/>
                  <SP HEIGHT="96" WIDTH="20" VPOS="370" HPOS="1915"/>
                  <String HEIGHT="96"
                          WIDTH="142"
                          VPOS="370"
                          HPOS="1854"
                          CONTENT="eo."/>
                  <SP HEIGHT="96" WIDTH="20" VPOS="370" HPOS="1996"/>
                  <String HEIGHT="96"
                          WIDTH="163"
                          VPOS="370"
                          HPOS="1935"
                          CONTENT="Ideo"/>
                  <SP HEIGHT="96" WIDTH="20" VPOS="370" HPOS="2098"/>
                  <String HEIGHT="96"
                          WIDTH="183"
                          VPOS="370"
                          HPOS="2037"
                          CONTENT="autem"/>
                  <SP HEIGHT="96" WIDTH="20" VPOS="370" HPOS="2220"/>
                  <String HEIGHT="96" WIDTH="41" VPOS="370" HPOS="2138" CONTENT=""/>
               </TextLine>
               <TextLine ID="r2l5"
                         BASELINE="526"
                         HEIGHT="83"
                         WIDTH="1665"
                         VPOS="443"
                         HPOS="516">
                  <String HEIGHT="83"
                          WIDTH="270"
                          VPOS="443"
                          HPOS="494"
                          CONTENT="memoriam"/>
                  <SP HEIGHT="83" WIDTH="23" VPOS="443" HPOS="764"/>
                  <String HEIGHT="83"
                          WIDTH="293"
                          VPOS="443"
                          HPOS="696"
                          CONTENT="sanguinis"/>
                  <SP HEIGHT="83" WIDTH="23" VPOS="443" HPOS="989"/>
                  <String HEIGHT="83"
                          WIDTH="225"
                          VPOS="443"
                          HPOS="921"
                          CONTENT="effusi"/>
                  <SP HEIGHT="83" WIDTH="23" VPOS="443" HPOS="1146"/>
                  <String HEIGHT="83"
                          WIDTH="158"
                          VPOS="443"
                          HPOS="1079"
                          CONTENT="pro"/>
                  <SP HEIGHT="83" WIDTH="23" VPOS="443" HPOS="1236"/>
                  <String HEIGHT="83"
                          WIDTH="203"
                          VPOS="443"
                          HPOS="1169"
                          CONTENT="nobis"/>
                  <SP HEIGHT="83" WIDTH="23" VPOS="443" HPOS="1371"/>
                  <String HEIGHT="83" WIDTH="135" VPOS="443" HPOS="1304" CONTENT="in"/>
                  <SP HEIGHT="83" WIDTH="23" VPOS="443" HPOS="1439"/>
                  <String HEIGHT="83"
                          WIDTH="315"
                          VPOS="443"
                          HPOS="1371"
                          CONTENT="remisionem"/>
                  <SP HEIGHT="83" WIDTH="23" VPOS="443" HPOS="1686"/>
                  <String HEIGHT="83"
                          WIDTH="315"
                          VPOS="443"
                          HPOS="1619"
                          CONTENT="peccatorum"/>
                  <SP HEIGHT="83" WIDTH="23" VPOS="443" HPOS="1934"/>
                  <String HEIGHT="83"
                          WIDTH="180"
                          VPOS="443"
                          HPOS="1866"
                          CONTENT="uino"/>
                  <SP HEIGHT="83" WIDTH="23" VPOS="443" HPOS="2046"/>
                  <String HEIGHT="83"
                          WIDTH="225"
                          VPOS="443"
                          HPOS="1956"
                          CONTENT="consecra"/>
               </TextLine>
               <TextLine ID="r2l6"
                         BASELINE="575"
                         HEIGHT="95"
                         WIDTH="1658"
                         VPOS="480"
                         HPOS="525">
                  <String HEIGHT="95"
                          WIDTH="168"
                          VPOS="480"
                          HPOS="504"
                          CONTENT="uit."/>
                  <SP HEIGHT="95" WIDTH="21" VPOS="480" HPOS="672"/>
                  <String HEIGHT="95"
                          WIDTH="252"
                          VPOS="480"
                          HPOS="609"
                          CONTENT="Cibarijs"/>
                  <SP HEIGHT="95" WIDTH="21" VPOS="480" HPOS="861"/>
                  <String HEIGHT="95"
                          WIDTH="336"
                          VPOS="480"
                          HPOS="798"
                          CONTENT="oblationibus"/>
                  <SP HEIGHT="95" WIDTH="21" VPOS="480" HPOS="1134"/>
                  <String HEIGHT="95"
                          WIDTH="294"
                          VPOS="480"
                          HPOS="1071"
                          CONTENT="annumerari"/>
                  <SP HEIGHT="95" WIDTH="21" VPOS="480" HPOS="1364"/>
                  <String HEIGHT="95"
                          WIDTH="231"
                          VPOS="480"
                          HPOS="1302"
                          CONTENT="possunt"/>
                  <SP HEIGHT="95" WIDTH="21" VPOS="480" HPOS="1532"/>
                  <String HEIGHT="95"
                          WIDTH="294"
                          VPOS="480"
                          HPOS="1469"
                          CONTENT="sacrificia"/>
                  <SP HEIGHT="95" WIDTH="21" VPOS="480" HPOS="1763"/>
                  <String HEIGHT="95"
                          WIDTH="315"
                          VPOS="480"
                          HPOS="1700"
                          CONTENT="primitiarum"/>
                  <SP HEIGHT="95" WIDTH="21" VPOS="480" HPOS="2015"/>
                  <String HEIGHT="95"
                          WIDTH="252"
                          VPOS="480"
                          HPOS="1931"
                          CONTENT="primogeni"
                          SUBS_TYPE="HypPart1"
                          SUBS_CONTENT="primogenitorum"/>
                  <HYP CONTENT="-"/>
               </TextLine>
               <TextLine ID="r2l7"
                         BASELINE="631"
                         HEIGHT="96"
                         WIDTH="1650"
                         VPOS="535"
                         HPOS="526">
                  <String HEIGHT="96"
                          WIDTH="209"
                          VPOS="535"
                          HPOS="503"
                          CONTENT="torum"
                          SUBS_TYPE="HypPart2"
                          SUBS_CONTENT="primogenitorum"/>
                  <SP HEIGHT="96" WIDTH="23" VPOS="535" HPOS="712"/>
                  <String HEIGHT="96" WIDTH="116" VPOS="535" HPOS="642" CONTENT="&amp;"/>
                  <SP HEIGHT="96" WIDTH="23" VPOS="535" HPOS="758"/>
                  <String HEIGHT="96"
                          WIDTH="325"
                          VPOS="535"
                          HPOS="689"
                          CONTENT="Decimarum."/>
                  <SP HEIGHT="96" WIDTH="23" VPOS="535" HPOS="1014"/>
                  <String HEIGHT="96" WIDTH="139" VPOS="535" HPOS="944" CONTENT="De"/>
                  <SP HEIGHT="96" WIDTH="23" VPOS="535" HPOS="1084"/>
                  <String HEIGHT="96"
                          WIDTH="232"
                          VPOS="535"
                          HPOS="1014"
                          CONTENT="quibus"/>
                  <SP HEIGHT="96" WIDTH="23" VPOS="535" HPOS="1246"/>
                  <String HEIGHT="96"
                          WIDTH="232"
                          VPOS="535"
                          HPOS="1177"
                          CONTENT="passim"/>
                  <SP HEIGHT="96" WIDTH="23" VPOS="535" HPOS="1409"/>
                  <String HEIGHT="96" WIDTH="139" VPOS="535" HPOS="1339" CONTENT="in"/>
                  <SP HEIGHT="96" WIDTH="23" VPOS="535" HPOS="1479"/>
                  <String HEIGHT="96"
                          WIDTH="186"
                          VPOS="535"
                          HPOS="1409"
                          CONTENT="lege"/>
                  <SP HEIGHT="96" WIDTH="23" VPOS="535" HPOS="1595"/>
                  <String HEIGHT="96"
                          WIDTH="209"
                          VPOS="535"
                          HPOS="1525"
                          CONTENT="multa"/>
                  <SP HEIGHT="96" WIDTH="23" VPOS="535" HPOS="1734"/>
                  <String HEIGHT="96"
                          WIDTH="418"
                          VPOS="535"
                          HPOS="1665"
                          CONTENT="commemorantur,"/>
                  <SP HEIGHT="96" WIDTH="23" VPOS="535" HPOS="2083"/>
                  <String HEIGHT="96" WIDTH="139" VPOS="535" HPOS="2013" CONTENT="ut"/>
                  <SP HEIGHT="96" WIDTH="23" VPOS="535" HPOS="2153"/>
                  <String HEIGHT="96"
                          WIDTH="116"
                          VPOS="535"
                          HPOS="2060"
                          CONTENT="Exo"/>
               </TextLine>
               <TextLine ID="r2l8"
                         BASELINE="693"
                         HEIGHT="97"
                         WIDTH="1656"
                         VPOS="596"
                         HPOS="517">
                  <String HEIGHT="97" WIDTH="124" VPOS="596" HPOS="496" CONTENT="di"/>
                  <SP HEIGHT="97" WIDTH="21" VPOS="596" HPOS="620"/>
                  <String HEIGHT="97" WIDTH="145" VPOS="596" HPOS="558" CONTENT="13."/>
                  <SP HEIGHT="97" WIDTH="21" VPOS="596" HPOS="703"/>
                  <String HEIGHT="97" WIDTH="104" VPOS="596" HPOS="641" CONTENT="&amp;"/>
                  <SP HEIGHT="97" WIDTH="21" VPOS="596" HPOS="745"/>
                  <String HEIGHT="97" WIDTH="145" VPOS="596" HPOS="683" CONTENT="23."/>
                  <SP HEIGHT="97" WIDTH="21" VPOS="596" HPOS="827"/>
                  <String HEIGHT="97"
                          WIDTH="186"
                          VPOS="596"
                          HPOS="765"
                          CONTENT="Deut."/>
                  <SP HEIGHT="97" WIDTH="21" VPOS="596" HPOS="952"/>
                  <String HEIGHT="97" WIDTH="145" VPOS="596" HPOS="890" CONTENT="18."/>
                  <SP HEIGHT="97" WIDTH="21" VPOS="596" HPOS="1034"/>
                  <String HEIGHT="97"
                          WIDTH="207"
                          VPOS="596"
                          HPOS="972"
                          CONTENT="Numeri"/>
                  <SP HEIGHT="97" WIDTH="21" VPOS="596" HPOS="1179"/>
                  <String HEIGHT="97"
                          WIDTH="145"
                          VPOS="596"
                          HPOS="1117"
                          CONTENT="18."/>
                  <SP HEIGHT="97" WIDTH="21" VPOS="596" HPOS="1262"/>
                  <String HEIGHT="97"
                          WIDTH="145"
                          VPOS="596"
                          HPOS="1200"
                          CONTENT="Est"/>
                  <SP HEIGHT="97" WIDTH="21" VPOS="596" HPOS="1345"/>
                  <String HEIGHT="97"
                          WIDTH="186"
                          VPOS="596"
                          HPOS="1283"
                          CONTENT="autem"/>
                  <SP HEIGHT="97" WIDTH="21" VPOS="596" HPOS="1469"/>
                  <String HEIGHT="97"
                          WIDTH="248"
                          VPOS="596"
                          HPOS="1407"
                          CONTENT="Christus"/>
                  <SP HEIGHT="97" WIDTH="21" VPOS="596" HPOS="1656"/>
                  <String HEIGHT="97"
                          WIDTH="331"
                          VPOS="596"
                          HPOS="1593"
                          CONTENT="primogenitus"/>
                  <SP HEIGHT="97" WIDTH="21" VPOS="596" HPOS="1925"/>
                  <String HEIGHT="97" WIDTH="104" VPOS="596" HPOS="1863" CONTENT="&amp;"/>
                  <SP HEIGHT="97" WIDTH="21" VPOS="596" HPOS="1966"/>
                  <String HEIGHT="97"
                          WIDTH="269"
                          VPOS="596"
                          HPOS="1904"
                          CONTENT="primitiae"/>
                  <SP HEIGHT="97" WIDTH="21" VPOS="596" HPOS="2173"/>
                  <String HEIGHT="97" WIDTH="83" VPOS="596" HPOS="2090" CONTENT="om"/>
               </TextLine>
               <TextLine ID="r2l9"
                         BASELINE="745"
                         HEIGHT="89"
                         WIDTH="1659"
                         VPOS="656"
                         HPOS="518">
                  <String HEIGHT="89"
                          WIDTH="199"
                          VPOS="656"
                          HPOS="496"
                          CONTENT="nium,"/>
                  <SP HEIGHT="89" WIDTH="22" VPOS="656" HPOS="695"/>
                  <String HEIGHT="89"
                          WIDTH="243"
                          VPOS="656"
                          HPOS="629"
                          CONTENT="propter"/>
                  <SP HEIGHT="89" WIDTH="22" VPOS="656" HPOS="872"/>
                  <String HEIGHT="89"
                          WIDTH="199"
                          VPOS="656"
                          HPOS="806"
                          CONTENT="cuius"/>
                  <SP HEIGHT="89" WIDTH="22" VPOS="656" HPOS="1005"/>
                  <String HEIGHT="89"
                          WIDTH="310"
                          VPOS="656"
                          HPOS="938"
                          CONTENT="dignitatem"/>
                  <SP HEIGHT="89" WIDTH="22" VPOS="656" HPOS="1248"/>
                  <String HEIGHT="89" WIDTH="111" VPOS="656" HPOS="1182" CONTENT="&amp;"/>
                  <SP HEIGHT="89" WIDTH="22" VPOS="656" HPOS="1292"/>
                  <String HEIGHT="89"
                          WIDTH="243"
                          VPOS="656"
                          HPOS="1226"
                          CONTENT="meritum"/>
                  <SP HEIGHT="89" WIDTH="22" VPOS="656" HPOS="1469"/>
                  <String HEIGHT="89"
                          WIDTH="199"
                          VPOS="656"
                          HPOS="1403"
                          CONTENT="nobis"/>
                  <SP HEIGHT="89" WIDTH="22" VPOS="656" HPOS="1602"/>
                  <String HEIGHT="89"
                          WIDTH="288"
                          VPOS="656"
                          HPOS="1536"
                          CONTENT="parcitur,"/>
                  <SP HEIGHT="89" WIDTH="22" VPOS="656" HPOS="1823"/>
                  <String HEIGHT="89" WIDTH="111" VPOS="656" HPOS="1757" CONTENT="&amp;"/>
                  <SP HEIGHT="89" WIDTH="22" VPOS="656" HPOS="1867"/>
                  <String HEIGHT="89"
                          WIDTH="155"
                          VPOS="656"
                          HPOS="1801"
                          CONTENT="per"/>
                  <SP HEIGHT="89" WIDTH="22" VPOS="656" HPOS="1956"/>
                  <String HEIGHT="89"
                          WIDTH="177"
                          VPOS="656"
                          HPOS="1889"
                          CONTENT="quem"/>
                  <SP HEIGHT="89" WIDTH="22" VPOS="656" HPOS="2066"/>
                  <String HEIGHT="89"
                          WIDTH="199"
                          VPOS="656"
                          HPOS="1978"
                          CONTENT="sancti"
                          SUBS_TYPE="HypPart1"
                          SUBS_CONTENT="sanctificati,"/>
                  <HYP CONTENT="-"/>
               </TextLine>
               <TextLine ID="r2l10"
                         BASELINE="801"
                         HEIGHT="78"
                         WIDTH="1655"
                         VPOS="723"
                         HPOS="525">
                  <String HEIGHT="78"
                          WIDTH="217"
                          VPOS="723"
                          HPOS="505"
                          CONTENT="ficati,"
                          SUBS_TYPE="HypPart2"
                          SUBS_CONTENT="sanctificati,"/>
                  <SP HEIGHT="78" WIDTH="20" VPOS="723" HPOS="722"/>
                  <String HEIGHT="78"
                          WIDTH="256"
                          VPOS="723"
                          HPOS="663"
                          CONTENT="efficimur"/>
                  <SP HEIGHT="78" WIDTH="20" VPOS="723" HPOS="919"/>
                  <String HEIGHT="78"
                          WIDTH="177"
                          VPOS="723"
                          HPOS="860"
                          CONTENT="filij"/>
                  <SP HEIGHT="78" WIDTH="20" VPOS="723" HPOS="1037"/>
                  <String HEIGHT="78"
                          WIDTH="217"
                          VPOS="723"
                          HPOS="978"
                          CONTENT="ideoque"/>
                  <SP HEIGHT="78" WIDTH="20" VPOS="723" HPOS="1195"/>
                  <String HEIGHT="78" WIDTH="99" VPOS="723" HPOS="1136" CONTENT="&amp;"/>
                  <SP HEIGHT="78" WIDTH="20" VPOS="723" HPOS="1234"/>
                  <String HEIGHT="78"
                          WIDTH="236"
                          VPOS="723"
                          HPOS="1175"
                          CONTENT="haeredes"/>
                  <SP HEIGHT="78" WIDTH="20" VPOS="723" HPOS="1412"/>
                  <String HEIGHT="78"
                          WIDTH="158"
                          VPOS="723"
                          HPOS="1353"
                          CONTENT="dei."/>
                  <SP HEIGHT="78" WIDTH="20" VPOS="723" HPOS="1510"/>
                  <String HEIGHT="78"
                          WIDTH="177"
                          VPOS="723"
                          HPOS="1451"
                          CONTENT="Eidem"/>
                  <SP HEIGHT="78" WIDTH="20" VPOS="723" HPOS="1628"/>
                  <String HEIGHT="78" WIDTH="118" VPOS="723" HPOS="1569" CONTENT="ut"/>
                  <SP HEIGHT="78" WIDTH="20" VPOS="723" HPOS="1687"/>
                  <String HEIGHT="78"
                          WIDTH="217"
                          VPOS="723"
                          HPOS="1628"
                          CONTENT="authori"/>
                  <SP HEIGHT="78" WIDTH="20" VPOS="723" HPOS="1845"/>
                  <String HEIGHT="78" WIDTH="99" VPOS="723" HPOS="1786" CONTENT="&amp;"/>
                  <SP HEIGHT="78" WIDTH="20" VPOS="723" HPOS="1884"/>
                  <String HEIGHT="78"
                          WIDTH="276"
                          VPOS="723"
                          HPOS="1825"
                          CONTENT="redemptori"/>
                  <SP HEIGHT="78" WIDTH="20" VPOS="723" HPOS="2101"/>
                  <String HEIGHT="78"
                          WIDTH="158"
                          VPOS="723"
                          HPOS="2022"
                          CONTENT="nostro"/>
               </TextLine>
               <TextLine ID="r2l11"
                         BASELINE="853"
                         HEIGHT="90"
                         WIDTH="1657"
                         VPOS="763"
                         HPOS="525">
                  <String HEIGHT="90"
                          WIDTH="231"
                          VPOS="763"
                          HPOS="504"
                          CONTENT="debemus"/>
                  <SP HEIGHT="90" WIDTH="21" VPOS="763" HPOS="735"/>
                  <String HEIGHT="90" WIDTH="105" VPOS="763" HPOS="672" CONTENT="&amp;"/>
                  <SP HEIGHT="90" WIDTH="21" VPOS="763" HPOS="777"/>
                  <String HEIGHT="90"
                          WIDTH="210"
                          VPOS="763"
                          HPOS="714"
                          CONTENT="animas"/>
                  <SP HEIGHT="90" WIDTH="21" VPOS="763" HPOS="924"/>
                  <String HEIGHT="90"
                          WIDTH="252"
                          VPOS="763"
                          HPOS="861"
                          CONTENT="nostras,"/>
                  <SP HEIGHT="90" WIDTH="21" VPOS="763" HPOS="1112"/>
                  <String HEIGHT="90" WIDTH="105" VPOS="763" HPOS="1049" CONTENT="&amp;"/>
                  <SP HEIGHT="90" WIDTH="21" VPOS="763" HPOS="1154"/>
                  <String HEIGHT="90"
                          WIDTH="189"
                          VPOS="763"
                          HPOS="1091"
                          CONTENT="omnia"/>
                  <SP HEIGHT="90" WIDTH="21" VPOS="763" HPOS="1280"/>
                  <String HEIGHT="90"
                          WIDTH="168"
                          VPOS="763"
                          HPOS="1217"
                          CONTENT="quae"/>
                  <SP HEIGHT="90" WIDTH="21" VPOS="763" HPOS="1385"/>
                  <String HEIGHT="90" WIDTH="126" VPOS="763" HPOS="1322" CONTENT="in"/>
                  <SP HEIGHT="90" WIDTH="21" VPOS="763" HPOS="1448"/>
                  <String HEIGHT="90"
                          WIDTH="189"
                          VPOS="763"
                          HPOS="1385"
                          CONTENT="nobis"/>
                  <SP HEIGHT="90" WIDTH="21" VPOS="763" HPOS="1574"/>
                  <String HEIGHT="90"
                          WIDTH="168"
                          VPOS="763"
                          HPOS="1511"
                          CONTENT="sunt"/>
                  <SP HEIGHT="90" WIDTH="21" VPOS="763" HPOS="1679"/>
                  <String HEIGHT="90"
                          WIDTH="419"
                          VPOS="763"
                          HPOS="1616"
                          CONTENT="praestantissima."/>
                  <SP HEIGHT="90" WIDTH="21" VPOS="763" HPOS="2035"/>
                  <String HEIGHT="90"
                          WIDTH="147"
                          VPOS="763"
                          HPOS="1972"
                          CONTENT="Sed"/>
                  <SP HEIGHT="90" WIDTH="21" VPOS="763" HPOS="2119"/>
                  <String HEIGHT="90" WIDTH="105" VPOS="763" HPOS="2056" CONTENT="&amp;"/>
                  <SP HEIGHT="90" WIDTH="21" VPOS="763" HPOS="2161"/>
                  <String HEIGHT="90"
                          WIDTH="105"
                          VPOS="763"
                          HPOS="2077"
                          CONTENT="il"
                          SUBS_TYPE="HypPart1"
                          SUBS_CONTENT="illud"/>
                  <HYP CONTENT="-"/>
               </TextLine>
               <TextLine ID="r2l12"
                         BASELINE="911"
                         HEIGHT="92"
                         WIDTH="1658"
                         VPOS="819"
                         HPOS="526">
                  <String HEIGHT="92"
                          WIDTH="142"
                          VPOS="819"
                          HPOS="506"
                          CONTENT="lud"
                          SUBS_TYPE="HypPart2"
                          SUBS_CONTENT="illud"/>
                  <SP HEIGHT="92" WIDTH="20" VPOS="819" HPOS="647"/>
                  <String HEIGHT="92"
                          WIDTH="324"
                          VPOS="819"
                          HPOS="587"
                          CONTENT="gratitudinis"/>
                  <SP HEIGHT="92" WIDTH="20" VPOS="819" HPOS="910"/>
                  <String HEIGHT="92"
                          WIDTH="162"
                          VPOS="819"
                          HPOS="850"
                          CONTENT="est,"/>
                  <SP HEIGHT="92" WIDTH="20" VPOS="819" HPOS="1011"/>
                  <String HEIGHT="92"
                          WIDTH="162"
                          VPOS="819"
                          HPOS="951"
                          CONTENT="quod"/>
                  <SP HEIGHT="92" WIDTH="20" VPOS="819" HPOS="1112"/>
                  <String HEIGHT="92" WIDTH="121" VPOS="819" HPOS="1052" CONTENT="de"/>
                  <SP HEIGHT="92" WIDTH="20" VPOS="819" HPOS="1173"/>
                  <String HEIGHT="92"
                          WIDTH="243"
                          VPOS="819"
                          HPOS="1112"
                          CONTENT="terrenis"/>
                  <SP HEIGHT="92" WIDTH="20" VPOS="819" HPOS="1355"/>
                  <String HEIGHT="92"
                          WIDTH="324"
                          VPOS="819"
                          HPOS="1294"
                          CONTENT="facultatibus"/>
                  <SP HEIGHT="92" WIDTH="20" VPOS="819" HPOS="1618"/>
                  <String HEIGHT="92"
                          WIDTH="243"
                          VPOS="819"
                          HPOS="1557"
                          CONTENT="nostris,"/>
                  <SP HEIGHT="92" WIDTH="20" VPOS="819" HPOS="1800"/>
                  <String HEIGHT="92"
                          WIDTH="162"
                          VPOS="819"
                          HPOS="1739"
                          CONTENT="quae"/>
                  <SP HEIGHT="92" WIDTH="20" VPOS="819" HPOS="1901"/>
                  <String HEIGHT="92" WIDTH="121" VPOS="819" HPOS="1840" CONTENT="ab"/>
                  <SP HEIGHT="92" WIDTH="20" VPOS="819" HPOS="1962"/>
                  <String HEIGHT="92"
                          WIDTH="162"
                          VPOS="819"
                          HPOS="1901"
                          CONTENT="ipso"/>
                  <SP HEIGHT="92" WIDTH="20" VPOS="819" HPOS="2063"/>
                  <String HEIGHT="92"
                          WIDTH="202"
                          VPOS="819"
                          HPOS="1982"
                          CONTENT="habemus,"/>
               </TextLine>
               <TextLine ID="r2l13"
                         BASELINE="970"
                         HEIGHT="72"
                         WIDTH="1655"
                         VPOS="898"
                         HPOS="526">
                  <String HEIGHT="72" WIDTH="149" VPOS="898" HPOS="505" CONTENT="deo"/>
                  <SP HEIGHT="72" WIDTH="21" VPOS="898" HPOS="653"/>
                  <String HEIGHT="72"
                          WIDTH="318"
                          VPOS="898"
                          HPOS="590"
                          CONTENT="liberaliter"/>
                  <SP HEIGHT="72" WIDTH="21" VPOS="898" HPOS="908"/>
                  <String HEIGHT="72"
                          WIDTH="318"
                          VPOS="898"
                          HPOS="844"
                          CONTENT="impartimur,"/>
                  <SP HEIGHT="72" WIDTH="21" VPOS="898" HPOS="1163"/>
                  <String HEIGHT="72" WIDTH="127" VPOS="898" HPOS="1099" CONTENT="ad"/>
                  <SP HEIGHT="72" WIDTH="21" VPOS="898" HPOS="1226"/>
                  <String HEIGHT="72"
                          WIDTH="382"
                          VPOS="898"
                          HPOS="1163"
                          CONTENT="sustentationem"/>
                  <SP HEIGHT="72" WIDTH="21" VPOS="898" HPOS="1544"/>
                  <String HEIGHT="72"
                          WIDTH="212"
                          VPOS="898"
                          HPOS="1481"
                          CONTENT="cultus"/>
                  <SP HEIGHT="72" WIDTH="21" VPOS="898" HPOS="1693"/>
                  <String HEIGHT="72"
                          WIDTH="149"
                          VPOS="898"
                          HPOS="1629"
                          CONTENT="dei"/>
                  <SP HEIGHT="72" WIDTH="21" VPOS="898" HPOS="1778"/>
                  <String HEIGHT="72"
                          WIDTH="255"
                          VPOS="898"
                          HPOS="1714"
                          CONTENT="legitimi"/>
                  <SP HEIGHT="72" WIDTH="21" VPOS="898" HPOS="1969"/>
                  <String HEIGHT="72"
                          WIDTH="191"
                          VPOS="898"
                          HPOS="1905"
                          CONTENT="atque"/>
                  <SP HEIGHT="72" WIDTH="21" VPOS="898" HPOS="2096"/>
                  <String HEIGHT="72"
                          WIDTH="170"
                          VPOS="898"
                          HPOS="2011"
                          CONTENT="egeno"
                          SUBS_TYPE="HypPart1"
                          SUBS_CONTENT="egenorum"/>
                  <HYP CONTENT="-"/>
               </TextLine>
               <TextLine ID="r2l14"
                         BASELINE="1026"
                         HEIGHT="71"
                         WIDTH="301"
                         VPOS="955"
                         HPOS="527">
                  <String HEIGHT="71"
                          WIDTH="192"
                          VPOS="955"
                          HPOS="500"
                          CONTENT="rum"
                          SUBS_TYPE="HypPart2"
                          SUBS_CONTENT="egenorum"/>
                  <SP HEIGHT="71" WIDTH="27" VPOS="955" HPOS="691"/>
                  <String HEIGHT="71"
                          WIDTH="246"
                          VPOS="955"
                          HPOS="582"
                          CONTENT="omnium."/>
               </TextLine>
               <TextLine ID="r2l15"
                         BASELINE="1068"
                         HEIGHT="87"
                         WIDTH="1577"
                         VPOS="981"
                         HPOS="599">
                  <String HEIGHT="87"
                          WIDTH="228"
                          VPOS="981"
                          HPOS="578"
                          CONTENT="Tertium"/>
                  <SP HEIGHT="87" WIDTH="21" VPOS="981" HPOS="807"/>
                  <String HEIGHT="87"
                          WIDTH="353"
                          VPOS="981"
                          HPOS="744"
                          CONTENT="sacrificiorum"/>
                  <SP HEIGHT="87" WIDTH="21" VPOS="981" HPOS="1097"/>
                  <String HEIGHT="87"
                          WIDTH="187"
                          VPOS="981"
                          HPOS="1035"
                          CONTENT="genus"/>
                  <SP HEIGHT="87" WIDTH="21" VPOS="981" HPOS="1222"/>
                  <String HEIGHT="87"
                          WIDTH="145"
                          VPOS="981"
                          HPOS="1159"
                          CONTENT="est"/>
                  <SP HEIGHT="87" WIDTH="21" VPOS="981" HPOS="1305"/>
                  <String HEIGHT="87"
                          WIDTH="166"
                          VPOS="981"
                          HPOS="1242"
                          CONTENT="quod"/>
                  <SP HEIGHT="87" WIDTH="21" VPOS="981" HPOS="1408"/>
                  <String HEIGHT="87"
                          WIDTH="249"
                          VPOS="981"
                          HPOS="1346"
                          CONTENT="offertur"/>
                  <SP HEIGHT="87" WIDTH="21" VPOS="981" HPOS="1595"/>
                  <String HEIGHT="87"
                          WIDTH="145"
                          VPOS="981"
                          HPOS="1533"
                          CONTENT="pro"/>
                  <SP HEIGHT="87" WIDTH="21" VPOS="981" HPOS="1678"/>
                  <String HEIGHT="87"
                          WIDTH="249"
                          VPOS="981"
                          HPOS="1616"
                          CONTENT="peccato,"/>
                  <SP HEIGHT="87" WIDTH="21" VPOS="981" HPOS="1865"/>
                  <String HEIGHT="87" WIDTH="125" VPOS="981" HPOS="1803" CONTENT="ac"/>
                  <SP HEIGHT="87" WIDTH="21" VPOS="981" HPOS="1927"/>
                  <String HEIGHT="87"
                          WIDTH="228"
                          VPOS="981"
                          HPOS="1865"
                          CONTENT="iccirco"/>
                  <SP HEIGHT="87" WIDTH="21" VPOS="981" HPOS="2093"/>
                  <String HEIGHT="87"
                          WIDTH="166"
                          VPOS="981"
                          HPOS="2010"
                          CONTENT="appel"
                          SUBS_TYPE="HypPart1"
                          SUBS_CONTENT="appellatur"/>
                  <HYP CONTENT="-"/>
               </TextLine>
               <TextLine ID="r2l16"
                         BASELINE="1139"
                         HEIGHT="90"
                         WIDTH="1640"
                         VPOS="1049"
                         HPOS="539">
                  <String HEIGHT="90"
                          WIDTH="192"
                          VPOS="1049"
                          HPOS="518"
                          CONTENT="latur"
                          SUBS_TYPE="HypPart2"
                          SUBS_CONTENT="appellatur"/>
                  <SP HEIGHT="90" WIDTH="21" VPOS="1049" HPOS="709"/>
                  <String HEIGHT="90"
                          WIDTH="213"
                          VPOS="1049"
                          HPOS="645"
                          CONTENT="Hattah"/>
                  <SP HEIGHT="90" WIDTH="21" VPOS="1049" HPOS="858"/>
                  <String HEIGHT="90"
                          WIDTH="298"
                          VPOS="1049"
                          HPOS="795"
                          CONTENT="piaculare,"/>
                  <SP HEIGHT="90" WIDTH="21" VPOS="1049" HPOS="1093"/>
                  <String HEIGHT="90" WIDTH="106" VPOS="1049" HPOS="1029" CONTENT="&amp;"/>
                  <SP HEIGHT="90" WIDTH="21" VPOS="1049" HPOS="1135"/>
                  <String HEIGHT="90"
                          WIDTH="213"
                          VPOS="1049"
                          HPOS="1071"
                          CONTENT="Ascham"/>
                  <SP HEIGHT="90" WIDTH="21" VPOS="1049" HPOS="1284"/>
                  <String HEIGHT="90"
                          WIDTH="319"
                          VPOS="1049"
                          HPOS="1221"
                          CONTENT="sacrificium"/>
                  <SP HEIGHT="90" WIDTH="21" VPOS="1049" HPOS="1540"/>
                  <String HEIGHT="90"
                          WIDTH="149"
                          VPOS="1049"
                          HPOS="1476"
                          CONTENT="pro"/>
                  <SP HEIGHT="90" WIDTH="21" VPOS="1049" HPOS="1625"/>
                  <String HEIGHT="90"
                          WIDTH="256"
                          VPOS="1049"
                          HPOS="1561"
                          CONTENT="delicto."/>
                  <SP HEIGHT="90" WIDTH="21" VPOS="1049" HPOS="1817"/>
                  <String HEIGHT="90"
                          WIDTH="149"
                          VPOS="1049"
                          HPOS="1753"
                          CONTENT="Nos"/>
                  <SP HEIGHT="90" WIDTH="21" VPOS="1049" HPOS="1902"/>
                  <String HEIGHT="90"
                          WIDTH="149"
                          VPOS="1049"
                          HPOS="1838"
                          CONTENT="uno"/>
                  <SP HEIGHT="90" WIDTH="21" VPOS="1049" HPOS="1987"/>
                  <String HEIGHT="90"
                          WIDTH="256"
                          VPOS="1049"
                          HPOS="1923"
                          CONTENT="uocabulo"/>
                  <SP HEIGHT="90" WIDTH="21" VPOS="1049" HPOS="2179"/>
                  <String HEIGHT="90" WIDTH="85" VPOS="1049" HPOS="2094" CONTENT="ap"/>
               </TextLine>
               <TextLine ID="r2l17"
                         BASELINE="1202"
                         HEIGHT="91"
                         WIDTH="1648"
                         VPOS="1111"
                         HPOS="535">
                  <String HEIGHT="91"
                          WIDTH="242"
                          VPOS="1111"
                          HPOS="513"
                          CONTENT="pellare"/>
                  <SP HEIGHT="91" WIDTH="22" VPOS="1111" HPOS="755"/>
                  <String HEIGHT="91"
                          WIDTH="264"
                          VPOS="1111"
                          HPOS="689"
                          CONTENT="possumus"/>
                  <SP HEIGHT="91" WIDTH="22" VPOS="1111" HPOS="952"/>
                  <String HEIGHT="91"
                          WIDTH="330"
                          VPOS="1111"
                          HPOS="887"
                          CONTENT="sacrificium"/>
                  <SP HEIGHT="91" WIDTH="22" VPOS="1111" HPOS="1216"/>
                  <String HEIGHT="91"
                          WIDTH="352"
                          VPOS="1111"
                          HPOS="1150"
                          CONTENT="expiatorium."/>
                  <SP HEIGHT="91" WIDTH="22" VPOS="1111" HPOS="1502"/>
                  <String HEIGHT="91"
                          WIDTH="330"
                          VPOS="1111"
                          HPOS="1436"
                          CONTENT="Immolabatur"/>
                  <SP HEIGHT="91" WIDTH="22" VPOS="1111" HPOS="1766"/>
                  <String HEIGHT="91"
                          WIDTH="176"
                          VPOS="1111"
                          HPOS="1700"
                          CONTENT="enim"/>
                  <SP HEIGHT="91" WIDTH="22" VPOS="1111" HPOS="1875"/>
                  <String HEIGHT="91"
                          WIDTH="154"
                          VPOS="1111"
                          HPOS="1809"
                          CONTENT="pro"/>
                  <SP HEIGHT="91" WIDTH="22" VPOS="1111" HPOS="1963"/>
                  <String HEIGHT="91"
                          WIDTH="242"
                          VPOS="1111"
                          HPOS="1897"
                          CONTENT="peccato"/>
                  <SP HEIGHT="91" WIDTH="22" VPOS="1111" HPOS="2139"/>
                  <String HEIGHT="91"
                          WIDTH="132"
                          VPOS="1111"
                          HPOS="2051"
                          CONTENT="com"
                          SUBS_TYPE="HypPart1"
                          SUBS_CONTENT="commisso,"/>
                  <HYP CONTENT="-"/>
               </TextLine>
               <TextLine ID="r2l18"
                         BASELINE="1249"
                         HEIGHT="85"
                         WIDTH="1661"
                         VPOS="1164"
                         HPOS="526">
                  <String HEIGHT="85"
                          WIDTH="224"
                          VPOS="1164"
                          HPOS="504"
                          CONTENT="misso,"
                          SUBS_TYPE="HypPart2"
                          SUBS_CONTENT="commisso,"/>
                  <SP HEIGHT="85" WIDTH="22" VPOS="1164" HPOS="728"/>
                  <String HEIGHT="85"
                          WIDTH="157"
                          VPOS="1164"
                          HPOS="661"
                          CONTENT="uel"/>
                  <SP HEIGHT="85" WIDTH="22" VPOS="1164" HPOS="818"/>
                  <String HEIGHT="85"
                          WIDTH="157"
                          VPOS="1164"
                          HPOS="750"
                          CONTENT="per"/>
                  <SP HEIGHT="85" WIDTH="22" VPOS="1164" HPOS="908"/>
                  <String HEIGHT="85"
                          WIDTH="382"
                          VPOS="1164"
                          HPOS="840"
                          CONTENT="imprudentiam:"/>
                  <SP HEIGHT="85" WIDTH="22" VPOS="1164" HPOS="1222"/>
                  <String HEIGHT="85"
                          WIDTH="180"
                          VPOS="1164"
                          HPOS="1154"
                          CONTENT="quod"/>
                  <SP HEIGHT="85" WIDTH="22" VPOS="1164" HPOS="1334"/>
                  <String HEIGHT="85"
                          WIDTH="269"
                          VPOS="1164"
                          HPOS="1267"
                          CONTENT="gradibus"/>
                  <SP HEIGHT="85" WIDTH="22" VPOS="1164" HPOS="1536"/>
                  <String HEIGHT="85"
                          WIDTH="247"
                          VPOS="1164"
                          HPOS="1469"
                          CONTENT="hominum"/>
                  <SP HEIGHT="85" WIDTH="22" VPOS="1164" HPOS="1716"/>
                  <String HEIGHT="85"
                          WIDTH="314"
                          VPOS="1164"
                          HPOS="1648"
                          CONTENT="peccantium"/>
                  <SP HEIGHT="85" WIDTH="22" VPOS="1164" HPOS="1963"/>
                  <String HEIGHT="85"
                          WIDTH="314"
                          VPOS="1164"
                          HPOS="1873"
                          CONTENT="quadrifariam"/>
               </TextLine>
               <TextLine ID="r2l19"
                         BASELINE="1299"
                         HEIGHT="84"
                         WIDTH="1656"
                         VPOS="1215"
                         HPOS="528">
                  <String HEIGHT="84"
                          WIDTH="327"
                          VPOS="1215"
                          HPOS="509"
                          CONTENT="distribuitur,"/>
                  <SP HEIGHT="84" WIDTH="19" VPOS="1215" HPOS="836"/>
                  <String HEIGHT="84"
                          WIDTH="193"
                          VPOS="1215"
                          HPOS="778"
                          CONTENT="nempe,"/>
                  <SP HEIGHT="84" WIDTH="19" VPOS="1215" HPOS="971"/>
                  <String HEIGHT="84" WIDTH="116" VPOS="1215" HPOS="913" CONTENT="si"/>
                  <SP HEIGHT="84" WIDTH="19" VPOS="1215" HPOS="1029"/>
                  <String HEIGHT="84"
                          WIDTH="231"
                          VPOS="1215"
                          HPOS="971"
                          CONTENT="pontifex"/>
                  <SP HEIGHT="84" WIDTH="19" VPOS="1215" HPOS="1202"/>
                  <String HEIGHT="84"
                          WIDTH="250"
                          VPOS="1215"
                          HPOS="1144"
                          CONTENT="peccarit,"/>
                  <SP HEIGHT="84" WIDTH="19" VPOS="1215" HPOS="1395"/>
                  <String HEIGHT="84"
                          WIDTH="135"
                          VPOS="1215"
                          HPOS="1337"
                          CONTENT="aut"/>
                  <SP HEIGHT="84" WIDTH="19" VPOS="1215" HPOS="1472"/>
                  <String HEIGHT="84"
                          WIDTH="154"
                          VPOS="1215"
                          HPOS="1414"
                          CONTENT="tota"/>
                  <SP HEIGHT="84" WIDTH="19" VPOS="1215" HPOS="1568"/>
                  <String HEIGHT="84"
                          WIDTH="250"
                          VPOS="1215"
                          HPOS="1510"
                          CONTENT="ecclesia,"/>
                  <SP HEIGHT="84" WIDTH="19" VPOS="1215" HPOS="1760"/>
                  <String HEIGHT="84"
                          WIDTH="135"
                          VPOS="1215"
                          HPOS="1703"
                          CONTENT="aut"/>
                  <SP HEIGHT="84" WIDTH="19" VPOS="1215" HPOS="1837"/>
                  <String HEIGHT="84"
                          WIDTH="250"
                          VPOS="1215"
                          HPOS="1780"
                          CONTENT="princeps,"/>
                  <SP HEIGHT="84" WIDTH="19" VPOS="1215" HPOS="2030"/>
                  <String HEIGHT="84"
                          WIDTH="135"
                          VPOS="1215"
                          HPOS="1972"
                          CONTENT="aut"/>
                  <SP HEIGHT="84" WIDTH="19" VPOS="1215" HPOS="2107"/>
                  <String HEIGHT="84"
                          WIDTH="154"
                          VPOS="1215"
                          HPOS="2030"
                          CONTENT="uulga"
                          SUBS_TYPE="HypPart1"
                          SUBS_CONTENT="uulgaris"/>
                  <HYP CONTENT="-"/>
               </TextLine>
               <TextLine ID="r2l20"
                         BASELINE="1359"
                         HEIGHT="91"
                         WIDTH="1643"
                         VPOS="1268"
                         HPOS="533">
                  <String HEIGHT="91"
                          WIDTH="144"
                          VPOS="1268"
                          HPOS="512"
                          CONTENT="ris"
                          SUBS_TYPE="HypPart2"
                          SUBS_CONTENT="uulgaris"/>
                  <SP HEIGHT="91" WIDTH="21" VPOS="1268" HPOS="656"/>
                  <String HEIGHT="91"
                          WIDTH="267"
                          VPOS="1268"
                          HPOS="595"
                          CONTENT="quispiam."/>
                  <SP HEIGHT="91" WIDTH="21" VPOS="1268" HPOS="862"/>
                  <String HEIGHT="91"
                          WIDTH="144"
                          VPOS="1268"
                          HPOS="800"
                          CONTENT="Vel"/>
                  <SP HEIGHT="91" WIDTH="21" VPOS="1268" HPOS="944"/>
                  <String HEIGHT="91"
                          WIDTH="288"
                          VPOS="1268"
                          HPOS="882"
                          CONTENT="osseruntur"/>
                  <SP HEIGHT="91" WIDTH="21" VPOS="1268" HPOS="1170"/>
                  <String HEIGHT="91"
                          WIDTH="144"
                          VPOS="1268"
                          HPOS="1108"
                          CONTENT="pro"/>
                  <SP HEIGHT="91" WIDTH="21" VPOS="1268" HPOS="1252"/>
                  <String HEIGHT="91"
                          WIDTH="226"
                          VPOS="1268"
                          HPOS="1190"
                          CONTENT="peccato"/>
                  <SP HEIGHT="91" WIDTH="21" VPOS="1268" HPOS="1416"/>
                  <String HEIGHT="91"
                          WIDTH="205"
                          VPOS="1268"
                          HPOS="1355"
                          CONTENT="dedita"/>
                  <SP HEIGHT="91" WIDTH="21" VPOS="1268" HPOS="1560"/>
                  <String HEIGHT="91"
                          WIDTH="185"
                          VPOS="1268"
                          HPOS="1498"
                          CONTENT="opera"/>
                  <SP HEIGHT="91" WIDTH="21" VPOS="1268" HPOS="1683"/>
                  <String HEIGHT="91"
                          WIDTH="144"
                          VPOS="1268"
                          HPOS="1621"
                          CONTENT="uel"/>
                  <SP HEIGHT="91" WIDTH="21" VPOS="1268" HPOS="1765"/>
                  <String HEIGHT="91" WIDTH="103" VPOS="1268" HPOS="1704" CONTENT="a"/>
                  <SP HEIGHT="91" WIDTH="21" VPOS="1268" HPOS="1806"/>
                  <String HEIGHT="91"
                          WIDTH="288"
                          VPOS="1268"
                          HPOS="1745"
                          CONTENT="scientibus"/>
                  <SP HEIGHT="91" WIDTH="21" VPOS="1268" HPOS="2032"/>
                  <String HEIGHT="91"
                          WIDTH="226"
                          VPOS="1268"
                          HPOS="1950"
                          CONTENT="commisso"
                          SUBS_TYPE="HypPart1"
                          SUBS_CONTENT="commissoattamen"/>
                  <HYP CONTENT="-"/>
               </TextLine>
               <TextLine ID="r2l21"
                         BASELINE="1419"
                         HEIGHT="92"
                         WIDTH="1660"
                         VPOS="1327"
                         HPOS="530">
                  <String HEIGHT="92"
                          WIDTH="228"
                          VPOS="1327"
                          HPOS="509"
                          CONTENT="attamen"
                          SUBS_TYPE="HypPart2"
                          SUBS_CONTENT="commissoattamen"/>
                  <SP HEIGHT="92" WIDTH="21" VPOS="1327" HPOS="738"/>
                  <String HEIGHT="92"
                          WIDTH="270"
                          VPOS="1327"
                          HPOS="675"
                          CONTENT="mediocri:"/>
                  <SP HEIGHT="92" WIDTH="21" VPOS="1327" HPOS="945"/>
                  <String HEIGHT="92"
                          WIDTH="145"
                          VPOS="1327"
                          HPOS="883"
                          CONTENT="uel"/>
                  <SP HEIGHT="92" WIDTH="21" VPOS="1327" HPOS="1028"/>
                  <String HEIGHT="92"
                          WIDTH="145"
                          VPOS="1327"
                          HPOS="966"
                          CONTENT="pro"/>
                  <SP HEIGHT="92" WIDTH="21" VPOS="1327" HPOS="1111"/>
                  <String HEIGHT="92"
                          WIDTH="208"
                          VPOS="1327"
                          HPOS="1049"
                          CONTENT="grandi"/>
                  <SP HEIGHT="92" WIDTH="21" VPOS="1327" HPOS="1256"/>
                  <String HEIGHT="92" WIDTH="104" VPOS="1327" HPOS="1194" CONTENT="&amp;"/>
                  <SP HEIGHT="92" WIDTH="21" VPOS="1327" HPOS="1298"/>
                  <String HEIGHT="92"
                          WIDTH="249"
                          VPOS="1327"
                          HPOS="1236"
                          CONTENT="capitali"/>
                  <SP HEIGHT="92" WIDTH="21" VPOS="1327" HPOS="1485"/>
                  <String HEIGHT="92"
                          WIDTH="249"
                          VPOS="1327"
                          HPOS="1422"
                          CONTENT="scelere,"/>
                  <SP HEIGHT="92" WIDTH="21" VPOS="1327" HPOS="1671"/>
                  <String HEIGHT="92"
                          WIDTH="166"
                          VPOS="1327"
                          HPOS="1609"
                          CONTENT="quod"/>
                  <SP HEIGHT="92" WIDTH="21" VPOS="1327" HPOS="1775"/>
                  <String HEIGHT="92"
                          WIDTH="187"
                          VPOS="1327"
                          HPOS="1713"
                          CONTENT="nulla"/>
                  <SP HEIGHT="92" WIDTH="21" VPOS="1327" HPOS="1900"/>
                  <String HEIGHT="92"
                          WIDTH="228"
                          VPOS="1327"
                          HPOS="1837"
                          CONTENT="excusat"/>
                  <SP HEIGHT="92" WIDTH="21" VPOS="1327" HPOS="2066"/>
                  <String HEIGHT="92"
                          WIDTH="208"
                          VPOS="1327"
                          HPOS="1983"
                          CONTENT="impruden"/>
               </TextLine>
               <TextLine ID="r2l22"
                         BASELINE="1469"
                         HEIGHT="85"
                         WIDTH="1662"
                         VPOS="1384"
                         HPOS="530">
                  <String HEIGHT="85"
                          WIDTH="153"
                          VPOS="1384"
                          HPOS="511"
                          CONTENT="tia,"/>
                  <SP HEIGHT="85" WIDTH="19" VPOS="1384" HPOS="664"/>
                  <String HEIGHT="85"
                          WIDTH="172"
                          VPOS="1384"
                          HPOS="606"
                          CONTENT="Ritus"/>
                  <SP HEIGHT="85" WIDTH="19" VPOS="1384" HPOS="778"/>
                  <String HEIGHT="85"
                          WIDTH="172"
                          VPOS="1384"
                          HPOS="721"
                          CONTENT="huius"/>
                  <SP HEIGHT="85" WIDTH="19" VPOS="1384" HPOS="893"/>
                  <String HEIGHT="85"
                          WIDTH="267"
                          VPOS="1384"
                          HPOS="836"
                          CONTENT="sacrificij"/>
                  <SP HEIGHT="85" WIDTH="19" VPOS="1384" HPOS="1103"/>
                  <String HEIGHT="85"
                          WIDTH="248"
                          VPOS="1384"
                          HPOS="1046"
                          CONTENT="latissime"/>
                  <SP HEIGHT="85" WIDTH="19" VPOS="1384" HPOS="1294"/>
                  <String HEIGHT="85"
                          WIDTH="115"
                          VPOS="1384"
                          HPOS="1237"
                          CONTENT="se"/>
                  <SP HEIGHT="85" WIDTH="19" VPOS="1384" HPOS="1351"/>
                  <String HEIGHT="85"
                          WIDTH="248"
                          VPOS="1384"
                          HPOS="1294"
                          CONTENT="extendit,"/>
                  <SP HEIGHT="85" WIDTH="19" VPOS="1384" HPOS="1542"/>
                  <String HEIGHT="85" WIDTH="96" VPOS="1384" HPOS="1485" CONTENT="&amp;"/>
                  <SP HEIGHT="85" WIDTH="19" VPOS="1384" HPOS="1581"/>
                  <String HEIGHT="85"
                          WIDTH="134"
                          VPOS="1384"
                          HPOS="1523"
                          CONTENT="est"/>
                  <SP HEIGHT="85" WIDTH="19" VPOS="1384" HPOS="1657"/>
                  <String HEIGHT="85"
                          WIDTH="229"
                          VPOS="1384"
                          HPOS="1600"
                          CONTENT="copiosus"/>
                  <SP HEIGHT="85" WIDTH="19" VPOS="1384" HPOS="1829"/>
                  <String HEIGHT="85"
                          WIDTH="115"
                          VPOS="1384"
                          HPOS="1772"
                          CONTENT="ac"/>
                  <SP HEIGHT="85" WIDTH="19" VPOS="1384" HPOS="1886"/>
                  <String HEIGHT="85"
                          WIDTH="267"
                          VPOS="1384"
                          HPOS="1829"
                          CONTENT="multiplex,"/>
                  <SP HEIGHT="85" WIDTH="19" VPOS="1384" HPOS="2096"/>
                  <String HEIGHT="85"
                          WIDTH="153"
                          VPOS="1384"
                          HPOS="2039"
                          CONTENT="adeo"/>
                  <SP HEIGHT="85" WIDTH="19" VPOS="1384" HPOS="2192"/>
                  <String HEIGHT="85" WIDTH="76" VPOS="1384" HPOS="2116" CONTENT="ut"/>
               </TextLine>
               <TextLine ID="r2l23"
                         BASELINE="1523"
                         HEIGHT="82"
                         WIDTH="1662"
                         VPOS="1441"
                         HPOS="530">
                  <String HEIGHT="82" WIDTH="131" VPOS="1441" HPOS="508" CONTENT="in"/>
                  <SP HEIGHT="82" WIDTH="22" VPOS="1441" HPOS="639"/>
                  <String HEIGHT="82"
                          WIDTH="284"
                          VPOS="1441"
                          HPOS="574"
                          CONTENT="praesenti"/>
                  <SP HEIGHT="82" WIDTH="22" VPOS="1441" HPOS="858"/>
                  <String HEIGHT="82"
                          WIDTH="153"
                          VPOS="1441"
                          HPOS="792"
                          CONTENT="per"/>
                  <SP HEIGHT="82" WIDTH="22" VPOS="1441" HPOS="946"/>
                  <String HEIGHT="82"
                          WIDTH="306"
                          VPOS="1441"
                          HPOS="880"
                          CONTENT="compendium"/>
                  <SP HEIGHT="82" WIDTH="22" VPOS="1441" HPOS="1186"/>
                  <String HEIGHT="82"
                          WIDTH="328"
                          VPOS="1441"
                          HPOS="1120"
                          CONTENT="commemorare"/>
                  <SP HEIGHT="82" WIDTH="22" VPOS="1441" HPOS="1448"/>
                  <String HEIGHT="82"
                          WIDTH="153"
                          VPOS="1441"
                          HPOS="1383"
                          CONTENT="non"/>
                  <SP HEIGHT="82" WIDTH="22" VPOS="1441" HPOS="1536"/>
                  <String HEIGHT="82"
                          WIDTH="262"
                          VPOS="1441"
                          HPOS="1470"
                          CONTENT="placeat."/>
                  <SP HEIGHT="82" WIDTH="22" VPOS="1441" HPOS="1733"/>
                  <String HEIGHT="82"
                          WIDTH="328"
                          VPOS="1441"
                          HPOS="1667"
                          CONTENT="Describitur"/>
                  <SP HEIGHT="82" WIDTH="22" VPOS="1441" HPOS="1995"/>
                  <String HEIGHT="82"
                          WIDTH="284"
                          VPOS="1441"
                          HPOS="1908"
                          CONTENT="diligentis"
                          SUBS_TYPE="HypPart1"
                          SUBS_CONTENT="diligentissime"/>
                  <HYP CONTENT="-"/>
               </TextLine>
               <TextLine ID="r2l24"
                         BASELINE="1581"
                         HEIGHT="88"
                         WIDTH="1658"
                         VPOS="1493"
                         HPOS="527">
                  <String HEIGHT="88"
                          WIDTH="154"
                          VPOS="1493"
                          HPOS="508"
                          CONTENT="sime"
                          SUBS_TYPE="HypPart2"
                          SUBS_CONTENT="diligentissime"/>
                  <SP HEIGHT="88" WIDTH="19" VPOS="1493" HPOS="662"/>
                  <String HEIGHT="88"
                          WIDTH="135"
                          VPOS="1493"
                          HPOS="604"
                          CONTENT="per"/>
                  <SP HEIGHT="88" WIDTH="19" VPOS="1493" HPOS="739"/>
                  <String HEIGHT="88"
                          WIDTH="193"
                          VPOS="1493"
                          HPOS="681"
                          CONTENT="partes"/>
                  <SP HEIGHT="88" WIDTH="19" VPOS="1493" HPOS="874"/>
                  <String HEIGHT="88"
                          WIDTH="193"
                          VPOS="1493"
                          HPOS="816"
                          CONTENT="Leuit."/>
                  <SP HEIGHT="88" WIDTH="19" VPOS="1493" HPOS="1009"/>
                  <String HEIGHT="88"
                          WIDTH="154"
                          VPOS="1493"
                          HPOS="951"
                          CONTENT="cap."/>
                  <SP HEIGHT="88" WIDTH="19" VPOS="1493" HPOS="1105"/>
                  <String HEIGHT="88"
                          WIDTH="116"
                          VPOS="1493"
                          HPOS="1048"
                          CONTENT="4."/>
                  <SP HEIGHT="88" WIDTH="19" VPOS="1493" HPOS="1163"/>
                  <String HEIGHT="88"
                          WIDTH="116"
                          VPOS="1493"
                          HPOS="1105"
                          CONTENT="5."/>
                  <SP HEIGHT="88" WIDTH="19" VPOS="1493" HPOS="1221"/>
                  <String HEIGHT="88"
                          WIDTH="116"
                          VPOS="1493"
                          HPOS="1163"
                          CONTENT="6."/>
                  <SP HEIGHT="88" WIDTH="19" VPOS="1493" HPOS="1279"/>
                  <String HEIGHT="88"
                          WIDTH="116"
                          VPOS="1493"
                          HPOS="1221"
                          CONTENT="7."/>
                  <SP HEIGHT="88" WIDTH="19" VPOS="1493" HPOS="1337"/>
                  <String HEIGHT="88"
                          WIDTH="135"
                          VPOS="1493"
                          HPOS="1279"
                          CONTENT="Nec"/>
                  <SP HEIGHT="88" WIDTH="19" VPOS="1493" HPOS="1414"/>
                  <String HEIGHT="88"
                          WIDTH="193"
                          VPOS="1493"
                          HPOS="1356"
                          CONTENT="dubium"/>
                  <SP HEIGHT="88" WIDTH="19" VPOS="1493" HPOS="1549"/>
                  <String HEIGHT="88"
                          WIDTH="135"
                          VPOS="1493"
                          HPOS="1491"
                          CONTENT="est"/>
                  <SP HEIGHT="88" WIDTH="19" VPOS="1493" HPOS="1626"/>
                  <String HEIGHT="88"
                          WIDTH="154"
                          VPOS="1493"
                          HPOS="1568"
                          CONTENT="quin"/>
                  <SP HEIGHT="88" WIDTH="19" VPOS="1493" HPOS="1722"/>
                  <String HEIGHT="88"
                          WIDTH="116"
                          VPOS="1493"
                          HPOS="1664"
                          CONTENT="eo"/>
                  <SP HEIGHT="88" WIDTH="19" VPOS="1493" HPOS="1780"/>
                  <String HEIGHT="88"
                          WIDTH="270"
                          VPOS="1493"
                          HPOS="1722"
                          CONTENT="sacrificio"/>
                  <SP HEIGHT="88" WIDTH="19" VPOS="1493" HPOS="1992"/>
                  <String HEIGHT="88"
                          WIDTH="231"
                          VPOS="1493"
                          HPOS="1934"
                          CONTENT="Christus"/>
                  <SP HEIGHT="88" WIDTH="19" VPOS="1493" HPOS="2166"/>
                  <String HEIGHT="88"
                          WIDTH="96"
                          VPOS="1493"
                          HPOS="2089"
                          CONTENT="sit"/>
               </TextLine>
               <TextLine ID="r2l25"
                         BASELINE="1624"
                         HEIGHT="68"
                         WIDTH="1651"
                         VPOS="1556"
                         HPOS="533">
                  <String HEIGHT="68"
                          WIDTH="298"
                          VPOS="1556"
                          HPOS="513"
                          CONTENT="propositus,"/>
                  <SP HEIGHT="68" WIDTH="20" VPOS="1556" HPOS="811"/>
                  <String HEIGHT="68"
                          WIDTH="199"
                          VPOS="1556"
                          HPOS="752"
                          CONTENT="sicuti"/>
                  <SP HEIGHT="68" WIDTH="20" VPOS="1556" HPOS="951"/>
                  <String HEIGHT="68" WIDTH="99" VPOS="1556" HPOS="891" CONTENT="&amp;"/>
                  <SP HEIGHT="68" WIDTH="20" VPOS="1556" HPOS="991"/>
                  <String HEIGHT="68" WIDTH="119" VPOS="1556" HPOS="931" CONTENT="in"/>
                  <SP HEIGHT="68" WIDTH="20" VPOS="1556" HPOS="1050"/>
                  <String HEIGHT="68"
                          WIDTH="219"
                          VPOS="1556"
                          HPOS="991"
                          CONTENT="omnibus"/>
                  <SP HEIGHT="68" WIDTH="20" VPOS="1556" HPOS="1209"/>
                  <String HEIGHT="68"
                          WIDTH="179"
                          VPOS="1556"
                          HPOS="1150"
                          CONTENT="alijs"/>
                  <SP HEIGHT="68" WIDTH="20" VPOS="1556" HPOS="1329"/>
                  <String HEIGHT="68"
                          WIDTH="338"
                          VPOS="1556"
                          HPOS="1269"
                          CONTENT="oblationibus."/>
                  <SP HEIGHT="68" WIDTH="20" VPOS="1556" HPOS="1607"/>
                  <String HEIGHT="68"
                          WIDTH="179"
                          VPOS="1556"
                          HPOS="1547"
                          CONTENT="Finis"/>
                  <SP HEIGHT="68" WIDTH="20" VPOS="1556" HPOS="1726"/>
                  <String HEIGHT="68"
                          WIDTH="159"
                          VPOS="1556"
                          HPOS="1667"
                          CONTENT="enim"/>
                  <SP HEIGHT="68" WIDTH="20" VPOS="1556" HPOS="1826"/>
                  <String HEIGHT="68"
                          WIDTH="179"
                          VPOS="1556"
                          HPOS="1766"
                          CONTENT="legis"/>
                  <SP HEIGHT="68" WIDTH="20" VPOS="1556" HPOS="1945"/>
                  <String HEIGHT="68"
                          WIDTH="239"
                          VPOS="1556"
                          HPOS="1886"
                          CONTENT="Christus"/>
                  <SP HEIGHT="68" WIDTH="20" VPOS="1556" HPOS="2124"/>
                  <String HEIGHT="68"
                          WIDTH="159"
                          VPOS="1556"
                          HPOS="2065"
                          CONTENT="est,"/>
                  <SP HEIGHT="68" WIDTH="20" VPOS="1556" HPOS="2224"/>
                  <String HEIGHT="68" WIDTH="40" VPOS="1556" HPOS="2144" CONTENT=""/>
               </TextLine>
               <TextLine ID="r2l26"
                         BASELINE="1693"
                         HEIGHT="84"
                         WIDTH="1652"
                         VPOS="1609"
                         HPOS="532">
                  <String HEIGHT="84" WIDTH="115" VPOS="1609" HPOS="513" CONTENT="Et"/>
                  <SP HEIGHT="84" WIDTH="19" VPOS="1609" HPOS="628"/>
                  <String HEIGHT="84"
                          WIDTH="192"
                          VPOS="1609"
                          HPOS="570"
                          CONTENT="lsaias"/>
                  <SP HEIGHT="84" WIDTH="19" VPOS="1609" HPOS="763"/>
                  <String HEIGHT="84" WIDTH="115" VPOS="1609" HPOS="705" CONTENT="in"/>
                  <SP HEIGHT="84" WIDTH="19" VPOS="1609" HPOS="820"/>
                  <String HEIGHT="84"
                          WIDTH="154"
                          VPOS="1609"
                          HPOS="763"
                          CONTENT="cap."/>
                  <SP HEIGHT="84" WIDTH="19" VPOS="1609" HPOS="916"/>
                  <String HEIGHT="84"
                          WIDTH="134"
                          VPOS="1609"
                          HPOS="859"
                          CONTENT="53."/>
                  <SP HEIGHT="84" WIDTH="19" VPOS="1609" HPOS="993"/>
                  <String HEIGHT="84"
                          WIDTH="134"
                          VPOS="1609"
                          HPOS="935"
                          CONTENT="Cum"/>
                  <SP HEIGHT="84" WIDTH="19" VPOS="1609" HPOS="1070"/>
                  <String HEIGHT="84"
                          WIDTH="173"
                          VPOS="1609"
                          HPOS="1012"
                          CONTENT="nihil"/>
                  <SP HEIGHT="84" WIDTH="19" VPOS="1609" HPOS="1185"/>
                  <String HEIGHT="84"
                          WIDTH="211"
                          VPOS="1609"
                          HPOS="1127"
                          CONTENT="iniquum"/>
                  <SP HEIGHT="84" WIDTH="19" VPOS="1609" HPOS="1339"/>
                  <String HEIGHT="84"
                          WIDTH="231"
                          VPOS="1609"
                          HPOS="1281"
                          CONTENT="fecerit,"/>
                  <SP HEIGHT="84" WIDTH="19" VPOS="1609" HPOS="1512"/>
                  <String HEIGHT="84"
                          WIDTH="154"
                          VPOS="1609"
                          HPOS="1454"
                          CONTENT="ait,"/>
                  <SP HEIGHT="84" WIDTH="19" VPOS="1609" HPOS="1608"/>
                  <String HEIGHT="84" WIDTH="96" VPOS="1609" HPOS="1550" CONTENT="&amp;"/>
                  <SP HEIGHT="84" WIDTH="19" VPOS="1609" HPOS="1646"/>
                  <String HEIGHT="84"
                          WIDTH="173"
                          VPOS="1609"
                          HPOS="1589"
                          CONTENT="dolus"/>
                  <SP HEIGHT="84" WIDTH="19" VPOS="1609" HPOS="1761"/>
                  <String HEIGHT="84"
                          WIDTH="134"
                          VPOS="1609"
                          HPOS="1704"
                          CONTENT="non"/>
                  <SP HEIGHT="84" WIDTH="19" VPOS="1609" HPOS="1838"/>
                  <String HEIGHT="84"
                          WIDTH="192"
                          VPOS="1609"
                          HPOS="1781"
                          CONTENT="fuerit"/>
                  <SP HEIGHT="84" WIDTH="19" VPOS="1609" HPOS="1973"/>
                  <String HEIGHT="84"
                          WIDTH="115"
                          VPOS="1609"
                          HPOS="1915"
                          CONTENT="in"/>
                  <SP HEIGHT="84" WIDTH="19" VPOS="1609" HPOS="2030"/>
                  <String HEIGHT="84"
                          WIDTH="134"
                          VPOS="1609"
                          HPOS="1973"
                          CONTENT="ore"/>
                  <SP HEIGHT="84" WIDTH="19" VPOS="1609" HPOS="2107"/>
                  <String HEIGHT="84"
                          WIDTH="173"
                          VPOS="1609"
                          HPOS="2050"
                          CONTENT="eius,"/>
                  <SP HEIGHT="84" WIDTH="19" VPOS="1609" HPOS="2222"/>
                  <String HEIGHT="84" WIDTH="38" VPOS="1609" HPOS="2146" CONTENT=""/>
               </TextLine>
               <TextLine ID="r2l27"
                         BASELINE="1740"
                         HEIGHT="77"
                         WIDTH="1656"
                         VPOS="1663"
                         HPOS="531">
                  <String HEIGHT="77"
                          WIDTH="313"
                          VPOS="1663"
                          HPOS="509"
                          CONTENT="complacuit"/>
                  <SP HEIGHT="77" WIDTH="22" VPOS="1663" HPOS="822"/>
                  <String HEIGHT="77"
                          WIDTH="201"
                          VPOS="1663"
                          HPOS="755"
                          CONTENT="tamen"/>
                  <SP HEIGHT="77" WIDTH="22" VPOS="1663" HPOS="956"/>
                  <String HEIGHT="77"
                          WIDTH="224"
                          VPOS="1663"
                          HPOS="889"
                          CONTENT="domino"/>
                  <SP HEIGHT="77" WIDTH="22" VPOS="1663" HPOS="1113"/>
                  <String HEIGHT="77"
                          WIDTH="201"
                          VPOS="1663"
                          HPOS="1046"
                          CONTENT="ipsum"/>
                  <SP HEIGHT="77" WIDTH="22" VPOS="1663" HPOS="1247"/>
                  <String HEIGHT="77"
                          WIDTH="313"
                          VPOS="1663"
                          HPOS="1180"
                          CONTENT="infirmando"/>
                  <SP HEIGHT="77" WIDTH="22" VPOS="1663" HPOS="1493"/>
                  <String HEIGHT="77"
                          WIDTH="291"
                          VPOS="1663"
                          HPOS="1426"
                          CONTENT="atterere,"/>
                  <SP HEIGHT="77" WIDTH="22" VPOS="1663" HPOS="1717"/>
                  <String HEIGHT="77"
                          WIDTH="134"
                          VPOS="1663"
                          HPOS="1650"
                          CONTENT="ut"/>
                  <SP HEIGHT="77" WIDTH="22" VPOS="1663" HPOS="1784"/>
                  <String HEIGHT="77"
                          WIDTH="157"
                          VPOS="1663"
                          HPOS="1717"
                          CONTENT="ubi"/>
                  <SP HEIGHT="77" WIDTH="22" VPOS="1663" HPOS="1874"/>
                  <String HEIGHT="77"
                          WIDTH="269"
                          VPOS="1663"
                          HPOS="1807"
                          CONTENT="posuerit"/>
                  <SP HEIGHT="77" WIDTH="22" VPOS="1663" HPOS="2075"/>
                  <String HEIGHT="77"
                          WIDTH="224"
                          VPOS="1663"
                          HPOS="2008"
                          CONTENT="animam"/>
                  <SP HEIGHT="77" WIDTH="22" VPOS="1663" HPOS="2232"/>
                  <String HEIGHT="77" WIDTH="45" VPOS="1663" HPOS="2142" CONTENT=""/>
               </TextLine>
               <TextLine ID="r2l28"
                         BASELINE="1799"
                         HEIGHT="79"
                         WIDTH="1652"
                         VPOS="1720"
                         HPOS="536">
                  <String HEIGHT="79"
                          WIDTH="172"
                          VPOS="1720"
                          HPOS="515"
                          CONTENT="suam"/>
                  <SP HEIGHT="79" WIDTH="21" VPOS="1720" HPOS="686"/>
                  <String HEIGHT="79"
                          WIDTH="236"
                          VPOS="1720"
                          HPOS="622"
                          CONTENT="hostiam"/>
                  <SP HEIGHT="79" WIDTH="21" VPOS="1720" HPOS="858"/>
                  <String HEIGHT="79"
                          WIDTH="236"
                          VPOS="1720"
                          HPOS="793"
                          CONTENT="delicti"/>
                  <SP HEIGHT="79" WIDTH="21" VPOS="1720" HPOS="1029"/>
                  <String HEIGHT="79"
                          WIDTH="150"
                          VPOS="1720"
                          HPOS="965"
                          CONTENT="uel"/>
                  <SP HEIGHT="79" WIDTH="21" VPOS="1720" HPOS="1115"/>
                  <String HEIGHT="79"
                          WIDTH="257"
                          VPOS="1720"
                          HPOS="1051"
                          CONTENT="uictimam"/>
                  <SP HEIGHT="79" WIDTH="21" VPOS="1720" HPOS="1308"/>
                  <String HEIGHT="79"
                          WIDTH="150"
                          VPOS="1720"
                          HPOS="1244"
                          CONTENT="pro"/>
                  <SP HEIGHT="79" WIDTH="21" VPOS="1720" HPOS="1394"/>
                  <String HEIGHT="79"
                          WIDTH="193"
                          VPOS="1720"
                          HPOS="1330"
                          CONTENT="culpa"/>
                  <SP HEIGHT="79" WIDTH="21" VPOS="1720" HPOS="1523"/>
                  <String HEIGHT="79"
                          WIDTH="172"
                          VPOS="1720"
                          HPOS="1459"
                          CONTENT="(hic"/>
                  <SP HEIGHT="79" WIDTH="21" VPOS="1720" HPOS="1630"/>
                  <String HEIGHT="79"
                          WIDTH="172"
                          VPOS="1720"
                          HPOS="1566"
                          CONTENT="enim"/>
                  <SP HEIGHT="79" WIDTH="21" VPOS="1720" HPOS="1737"/>
                  <String HEIGHT="79"
                          WIDTH="236"
                          VPOS="1720"
                          HPOS="1673"
                          CONTENT="ponitur"/>
                  <SP HEIGHT="79" WIDTH="21" VPOS="1720" HPOS="1909"/>
                  <String HEIGHT="79"
                          WIDTH="150"
                          VPOS="1720"
                          HPOS="1845"
                          CONTENT="Dog"/>
                  <SP HEIGHT="79" WIDTH="21" VPOS="1720" HPOS="1995"/>
                  <String HEIGHT="79"
                          WIDTH="236"
                          VPOS="1720"
                          HPOS="1931"
                          CONTENT="ascham)"/>
                  <SP HEIGHT="79" WIDTH="21" VPOS="1720" HPOS="2167"/>
                  <String HEIGHT="79"
                          WIDTH="107"
                          VPOS="1720"
                          HPOS="2081"
                          CONTENT="ui"
                          SUBS_TYPE="HypPart1"
                          SUBS_CONTENT="uideat"/>
                  <HYP CONTENT="-"/>
               </TextLine>
               <TextLine ID="r2l29"
                         BASELINE="1855"
                         HEIGHT="81"
                         WIDTH="1643"
                         VPOS="1774"
                         HPOS="545">
                  <String HEIGHT="81"
                          WIDTH="171"
                          VPOS="1774"
                          HPOS="524"
                          CONTENT="deat"
                          SUBS_TYPE="HypPart2"
                          SUBS_CONTENT="uideat"/>
                  <SP HEIGHT="81" WIDTH="21" VPOS="1774" HPOS="694"/>
                  <String HEIGHT="81"
                          WIDTH="213"
                          VPOS="1774"
                          HPOS="630"
                          CONTENT="semen,"/>
                  <SP HEIGHT="81" WIDTH="21" VPOS="1774" HPOS="844"/>
                  <String HEIGHT="81" WIDTH="107" VPOS="1774" HPOS="780" CONTENT="&amp;"/>
                  <SP HEIGHT="81" WIDTH="21" VPOS="1774" HPOS="886"/>
                  <String HEIGHT="81"
                          WIDTH="256"
                          VPOS="1774"
                          HPOS="822"
                          CONTENT="proroget"/>
                  <SP HEIGHT="81" WIDTH="21" VPOS="1774" HPOS="1078"/>
                  <String HEIGHT="81"
                          WIDTH="192"
                          VPOS="1774"
                          HPOS="1014"
                          CONTENT="dies,"/>
                  <SP HEIGHT="81" WIDTH="21" VPOS="1774" HPOS="1206"/>
                  <String HEIGHT="81"
                          WIDTH="128"
                          VPOS="1774"
                          HPOS="1142"
                          CONTENT="ac"/>
                  <SP HEIGHT="81" WIDTH="21" VPOS="1774" HPOS="1270"/>
                  <String HEIGHT="81"
                          WIDTH="256"
                          VPOS="1774"
                          HPOS="1206"
                          CONTENT="uoluntas"/>
                  <SP HEIGHT="81" WIDTH="21" VPOS="1774" HPOS="1463"/>
                  <String HEIGHT="81"
                          WIDTH="213"
                          VPOS="1774"
                          HPOS="1399"
                          CONTENT="domini"/>
                  <SP HEIGHT="81" WIDTH="21" VPOS="1774" HPOS="1612"/>
                  <String HEIGHT="81"
                          WIDTH="256"
                          VPOS="1774"
                          HPOS="1548"
                          CONTENT="prospere"/>
                  <SP HEIGHT="81" WIDTH="21" VPOS="1774" HPOS="1804"/>
                  <String HEIGHT="81"
                          WIDTH="192"
                          VPOS="1774"
                          HPOS="1740"
                          CONTENT="cedat"/>
                  <SP HEIGHT="81" WIDTH="21" VPOS="1774" HPOS="1932"/>
                  <String HEIGHT="81"
                          WIDTH="128"
                          VPOS="1774"
                          HPOS="1868"
                          CONTENT="in"/>
                  <SP HEIGHT="81" WIDTH="21" VPOS="1774" HPOS="1996"/>
                  <String HEIGHT="81"
                          WIDTH="171"
                          VPOS="1774"
                          HPOS="1932"
                          CONTENT="manu"/>
                  <SP HEIGHT="81" WIDTH="21" VPOS="1774" HPOS="2103"/>
                  <String HEIGHT="81"
                          WIDTH="192"
                          VPOS="1774"
                          HPOS="2039"
                          CONTENT="eius."/>
                  <SP HEIGHT="81" WIDTH="21" VPOS="1774" HPOS="2231"/>
                  <String HEIGHT="81" WIDTH="43" VPOS="1774" HPOS="2145" CONTENT=""/>
               </TextLine>
               <TextLine ID="r2l30"
                         BASELINE="1913"
                         HEIGHT="87"
                         WIDTH="1660"
                         VPOS="1826"
                         HPOS="525">
                  <String HEIGHT="87"
                          WIDTH="140"
                          VPOS="1826"
                          HPOS="505"
                          CONTENT="Huc"/>
                  <SP HEIGHT="87" WIDTH="20" VPOS="1826" HPOS="645"/>
                  <String HEIGHT="87"
                          WIDTH="240"
                          VPOS="1826"
                          HPOS="585"
                          CONTENT="pertinet"/>
                  <SP HEIGHT="87" WIDTH="20" VPOS="1826" HPOS="825"/>
                  <String HEIGHT="87"
                          WIDTH="160"
                          VPOS="1826"
                          HPOS="765"
                          CONTENT="tota"/>
                  <SP HEIGHT="87" WIDTH="20" VPOS="1826" HPOS="925"/>
                  <String HEIGHT="87"
                          WIDTH="160"
                          VPOS="1826"
                          HPOS="865"
                          CONTENT="illa"/>
                  <SP HEIGHT="87" WIDTH="20" VPOS="1826" HPOS="1025"/>
                  <String HEIGHT="87"
                          WIDTH="280"
                          VPOS="1826"
                          HPOS="965"
                          CONTENT="disputatio"/>
                  <SP HEIGHT="87" WIDTH="20" VPOS="1826" HPOS="1245"/>
                  <String HEIGHT="87"
                          WIDTH="240"
                          VPOS="1826"
                          HPOS="1185"
                          CONTENT="apostoli"/>
                  <SP HEIGHT="87" WIDTH="20" VPOS="1826" HPOS="1425"/>
                  <String HEIGHT="87"
                          WIDTH="180"
                          VPOS="1826"
                          HPOS="1365"
                          CONTENT="Pauli"/>
                  <SP HEIGHT="87" WIDTH="20" VPOS="1826" HPOS="1545"/>
                  <String HEIGHT="87"
                          WIDTH="120"
                          VPOS="1826"
                          HPOS="1485"
                          CONTENT="in"/>
                  <SP HEIGHT="87" WIDTH="20" VPOS="1826" HPOS="1605"/>
                  <String HEIGHT="87"
                          WIDTH="240"
                          VPOS="1826"
                          HPOS="1545"
                          CONTENT="epistola"/>
                  <SP HEIGHT="87" WIDTH="20" VPOS="1826" HPOS="1785"/>
                  <String HEIGHT="87"
                          WIDTH="120"
                          VPOS="1826"
                          HPOS="1725"
                          CONTENT="ad"/>
                  <SP HEIGHT="87" WIDTH="20" VPOS="1826" HPOS="1845"/>
                  <String HEIGHT="87"
                          WIDTH="260"
                          VPOS="1826"
                          HPOS="1785"
                          CONTENT="Hebraeos,"/>
                  <SP HEIGHT="87" WIDTH="20" VPOS="1826" HPOS="2045"/>
                  <String HEIGHT="87"
                          WIDTH="120"
                          VPOS="1826"
                          HPOS="1985"
                          CONTENT="in"/>
                  <SP HEIGHT="87" WIDTH="20" VPOS="1826" HPOS="2105"/>
                  <String HEIGHT="87"
                          WIDTH="140"
                          VPOS="1826"
                          HPOS="2045"
                          CONTENT="qua"/>
                  <SP HEIGHT="87" WIDTH="20" VPOS="1826" HPOS="2185"/>
                  <String HEIGHT="87"
                          WIDTH="80"
                          VPOS="1826"
                          HPOS="2105"
                          CONTENT="o"
                          SUBS_TYPE="HypPart1"
                          SUBS_CONTENT="ostendit"/>
                  <HYP CONTENT="-"/>
               </TextLine>
               <TextLine ID="r2l31"
                         BASELINE="1967"
                         HEIGHT="62"
                         WIDTH="1670"
                         VPOS="1905"
                         HPOS="525">
                  <String HEIGHT="62"
                          WIDTH="236"
                          VPOS="1905"
                          HPOS="504"
                          CONTENT="stendit"
                          SUBS_TYPE="HypPart2"
                          SUBS_CONTENT="ostendit"/>
                  <SP HEIGHT="62" WIDTH="21" VPOS="1905" HPOS="739"/>
                  <String HEIGHT="62"
                          WIDTH="257"
                          VPOS="1905"
                          HPOS="675"
                          CONTENT="Christum"/>
                  <SP HEIGHT="62" WIDTH="21" VPOS="1905" HPOS="932"/>
                  <String HEIGHT="62"
                          WIDTH="171"
                          VPOS="1905"
                          HPOS="868"
                          CONTENT="esse"/>
                  <SP HEIGHT="62" WIDTH="21" VPOS="1905" HPOS="1039"/>
                  <String HEIGHT="62"
                          WIDTH="193"
                          VPOS="1905"
                          HPOS="975"
                          CONTENT="ueram"/>
                  <SP HEIGHT="62" WIDTH="21" VPOS="1905" HPOS="1167"/>
                  <String HEIGHT="62"
                          WIDTH="193"
                          VPOS="1905"
                          HPOS="1103"
                          CONTENT="illam"/>
                  <SP HEIGHT="62" WIDTH="21" VPOS="1905" HPOS="1296"/>
                  <String HEIGHT="62"
                          WIDTH="321"
                          VPOS="1905"
                          HPOS="1232"
                          CONTENT="expiatricem"/>
                  <SP HEIGHT="62" WIDTH="21" VPOS="1905" HPOS="1553"/>
                  <String HEIGHT="62"
                          WIDTH="150"
                          VPOS="1905"
                          HPOS="1488"
                          CONTENT="pro"/>
                  <SP HEIGHT="62" WIDTH="21" VPOS="1905" HPOS="1638"/>
                  <String HEIGHT="62"
                          WIDTH="257"
                          VPOS="1905"
                          HPOS="1574"
                          CONTENT="peccatis"/>
                  <SP HEIGHT="62" WIDTH="21" VPOS="1905" HPOS="1831"/>
                  <String HEIGHT="62"
                          WIDTH="278"
                          VPOS="1905"
                          HPOS="1767"
                          CONTENT="uictimam,"/>
                  <SP HEIGHT="62" WIDTH="21" VPOS="1905" HPOS="2045"/>
                  <String HEIGHT="62"
                          WIDTH="171"
                          VPOS="1905"
                          HPOS="1981"
                          CONTENT="quae"/>
                  <SP HEIGHT="62" WIDTH="21" VPOS="1905" HPOS="2152"/>
                  <String HEIGHT="62"
                          WIDTH="128"
                          VPOS="1905"
                          HPOS="2067"
                          CONTENT="pur"
                          SUBS_TYPE="HypPart1"
                          SUBS_CONTENT="purget"/>
                  <HYP CONTENT="-"/>
               </TextLine>
               <TextLine ID="r2l32"
                         BASELINE="2031"
                         HEIGHT="85"
                         WIDTH="1655"
                         VPOS="1946"
                         HPOS="535">
                  <String HEIGHT="85"
                          WIDTH="152"
                          VPOS="1946"
                          HPOS="513"
                          CONTENT="get"
                          SUBS_TYPE="HypPart2"
                          SUBS_CONTENT="purget"/>
                  <SP HEIGHT="85" WIDTH="22" VPOS="1946" HPOS="666"/>
                  <String HEIGHT="85"
                          WIDTH="283"
                          VPOS="1946"
                          HPOS="600"
                          CONTENT="uniuersam"/>
                  <SP HEIGHT="85" WIDTH="22" VPOS="1946" HPOS="883"/>
                  <String HEIGHT="85"
                          WIDTH="283"
                          VPOS="1946"
                          HPOS="818"
                          CONTENT="ecclesiam"/>
                  <SP HEIGHT="85" WIDTH="22" VPOS="1946" HPOS="1101"/>
                  <String HEIGHT="85" WIDTH="109" VPOS="1946" HPOS="1036" CONTENT="&amp;"/>
                  <SP HEIGHT="85" WIDTH="22" VPOS="1946" HPOS="1145"/>
                  <String HEIGHT="85"
                          WIDTH="240"
                          VPOS="1946"
                          HPOS="1079"
                          CONTENT="peccata"/>
                  <SP HEIGHT="85" WIDTH="22" VPOS="1946" HPOS="1319"/>
                  <String HEIGHT="85"
                          WIDTH="218"
                          VPOS="1946"
                          HPOS="1254"
                          CONTENT="omnia,"/>
                  <SP HEIGHT="85" WIDTH="22" VPOS="1946" HPOS="1471"/>
                  <String HEIGHT="85"
                          WIDTH="174"
                          VPOS="1946"
                          HPOS="1406"
                          CONTENT="Ritu"/>
                  <SP HEIGHT="85" WIDTH="22" VPOS="1946" HPOS="1580"/>
                  <String HEIGHT="85"
                          WIDTH="218"
                          VPOS="1946"
                          HPOS="1515"
                          CONTENT="partim"/>
                  <SP HEIGHT="85" WIDTH="22" VPOS="1946" HPOS="1733"/>
                  <String HEIGHT="85"
                          WIDTH="305"
                          VPOS="1946"
                          HPOS="1667"
                          CONTENT="peccatorum"/>
                  <SP HEIGHT="85" WIDTH="22" VPOS="1946" HPOS="1972"/>
                  <String HEIGHT="85"
                          WIDTH="261"
                          VPOS="1946"
                          HPOS="1907"
                          CONTENT="ingenia,"/>
                  <SP HEIGHT="85" WIDTH="22" VPOS="1946" HPOS="2168"/>
                  <String HEIGHT="85"
                          WIDTH="109"
                          VPOS="1946"
                          HPOS="2081"
                          CONTENT="par"/>
               </TextLine>
               <TextLine ID="r2l33"
                         BASELINE="2087"
                         HEIGHT="88"
                         WIDTH="1124"
                         VPOS="1999"
                         HPOS="540">
                  <String HEIGHT="88"
                          WIDTH="146"
                          VPOS="1999"
                          HPOS="519"
                          CONTENT="tim"/>
                  <SP HEIGHT="88" WIDTH="21" VPOS="1999" HPOS="665"/>
                  <String HEIGHT="88"
                          WIDTH="271"
                          VPOS="1999"
                          HPOS="602"
                          CONTENT="passiones"/>
                  <SP HEIGHT="88" WIDTH="21" VPOS="1999" HPOS="873"/>
                  <String HEIGHT="88"
                          WIDTH="229"
                          VPOS="1999"
                          HPOS="811"
                          CONTENT="Christi"/>
                  <SP HEIGHT="88" WIDTH="21" VPOS="1999" HPOS="1040"/>
                  <String HEIGHT="88" WIDTH="104" VPOS="1999" HPOS="977" CONTENT="&amp;"/>
                  <SP HEIGHT="88" WIDTH="21" VPOS="1999" HPOS="1081"/>
                  <String HEIGHT="88"
                          WIDTH="208"
                          VPOS="1999"
                          HPOS="1019"
                          CONTENT="mortis"/>
                  <SP HEIGHT="88" WIDTH="21" VPOS="1999" HPOS="1227"/>
                  <String HEIGHT="88"
                          WIDTH="208"
                          VPOS="1999"
                          HPOS="1164"
                          CONTENT="uirtus"/>
                  <SP HEIGHT="88" WIDTH="21" VPOS="1999" HPOS="1373"/>
                  <String HEIGHT="88"
                          WIDTH="271"
                          VPOS="1999"
                          HPOS="1310"
                          CONTENT="adumbrata"/>
                  <SP HEIGHT="88" WIDTH="21" VPOS="1999" HPOS="1581"/>
                  <String HEIGHT="88"
                          WIDTH="187"
                          VPOS="1999"
                          HPOS="1518"
                          CONTENT="sunt."/>
                  <SP HEIGHT="88" WIDTH="21" VPOS="1999" HPOS="1706"/>
                  <String HEIGHT="88" WIDTH="42" VPOS="1999" HPOS="1622" CONTENT=""/>
               </TextLine>
               <TextLine ID="r2l34"
                         BASELINE="2132"
                         HEIGHT="72"
                         WIDTH="1574"
                         VPOS="2060"
                         HPOS="605">
                  <String HEIGHT="72"
                          WIDTH="164"
                          VPOS="2060"
                          HPOS="585"
                          CONTENT="Haec"/>
                  <SP HEIGHT="72" WIDTH="20" VPOS="2060" HPOS="748"/>
                  <String HEIGHT="72"
                          WIDTH="164"
                          VPOS="2060"
                          HPOS="687"
                          CONTENT="uero"/>
                  <SP HEIGHT="72" WIDTH="20" VPOS="2060" HPOS="850"/>
                  <String HEIGHT="72"
                          WIDTH="143"
                          VPOS="2060"
                          HPOS="789"
                          CONTENT="pro"/>
                  <SP HEIGHT="72" WIDTH="20" VPOS="2060" HPOS="932"/>
                  <String HEIGHT="72"
                          WIDTH="245"
                          VPOS="2060"
                          HPOS="871"
                          CONTENT="peccatis"/>
                  <SP HEIGHT="72" WIDTH="20" VPOS="2060" HPOS="1116"/>
                  <String HEIGHT="72"
                          WIDTH="266"
                          VPOS="2060"
                          HPOS="1055"
                          CONTENT="instituta"/>
                  <SP HEIGHT="72" WIDTH="20" VPOS="2060" HPOS="1320"/>
                  <String HEIGHT="72"
                          WIDTH="286"
                          VPOS="2060"
                          HPOS="1259"
                          CONTENT="sacrificia"/>
                  <SP HEIGHT="72" WIDTH="20" VPOS="2060" HPOS="1545"/>
                  <String HEIGHT="72"
                          WIDTH="184"
                          VPOS="2060"
                          HPOS="1484"
                          CONTENT="multa"/>
                  <SP HEIGHT="72" WIDTH="20" VPOS="2060" HPOS="1668"/>
                  <String HEIGHT="72" WIDTH="102" VPOS="2060" HPOS="1607" CONTENT="&amp;"/>
                  <SP HEIGHT="72" WIDTH="20" VPOS="2060" HPOS="1709"/>
                  <String HEIGHT="72"
                          WIDTH="204"
                          VPOS="2060"
                          HPOS="1648"
                          CONTENT="uaria,"/>
                  <SP HEIGHT="72" WIDTH="20" VPOS="2060" HPOS="1852"/>
                  <String HEIGHT="72"
                          WIDTH="286"
                          VPOS="2060"
                          HPOS="1791"
                          CONTENT="conceptiua"/>
                  <SP HEIGHT="72" WIDTH="20" VPOS="2060" HPOS="2077"/>
                  <String HEIGHT="72"
                          WIDTH="204"
                          VPOS="2060"
                          HPOS="2015"
                          CONTENT="erant,"/>
                  <SP HEIGHT="72" WIDTH="20" VPOS="2060" HPOS="2220"/>
                  <String HEIGHT="72" WIDTH="41" VPOS="2060" HPOS="2138" CONTENT=""/>
               </TextLine>
               <TextLine ID="r2l35"
                         BASELINE="2197"
                         HEIGHT="82"
                         WIDTH="1657"
                         VPOS="2115"
                         HPOS="538">
                  <String HEIGHT="82"
                          WIDTH="210"
                          VPOS="2115"
                          HPOS="517"
                          CONTENT="quippe"/>
                  <SP HEIGHT="82" WIDTH="21" VPOS="2115" HPOS="727"/>
                  <String HEIGHT="82"
                          WIDTH="168"
                          VPOS="2115"
                          HPOS="664"
                          CONTENT="quae"/>
                  <SP HEIGHT="82" WIDTH="21" VPOS="2115" HPOS="832"/>
                  <String HEIGHT="82"
                          WIDTH="231"
                          VPOS="2115"
                          HPOS="769"
                          CONTENT="offerri"/>
                  <SP HEIGHT="82" WIDTH="21" VPOS="2115" HPOS="999"/>
                  <String HEIGHT="82"
                          WIDTH="252"
                          VPOS="2115"
                          HPOS="937"
                          CONTENT="solebant"/>
                  <SP HEIGHT="82" WIDTH="21" VPOS="2115" HPOS="1188"/>
                  <String HEIGHT="82"
                          WIDTH="126"
                          VPOS="2115"
                          HPOS="1125"
                          CONTENT="ab"/>
                  <SP HEIGHT="82" WIDTH="21" VPOS="2115" HPOS="1251"/>
                  <String HEIGHT="82"
                          WIDTH="147"
                          VPOS="2115"
                          HPOS="1188"
                          CONTENT="his"/>
                  <SP HEIGHT="82" WIDTH="21" VPOS="2115" HPOS="1335"/>
                  <String HEIGHT="82"
                          WIDTH="147"
                          VPOS="2115"
                          HPOS="1272"
                          CONTENT="qui"/>
                  <SP HEIGHT="82" WIDTH="21" VPOS="2115" HPOS="1419"/>
                  <String HEIGHT="82"
                          WIDTH="315"
                          VPOS="2115"
                          HPOS="1356"
                          CONTENT="peccassent,"/>
                  <SP HEIGHT="82" WIDTH="21" VPOS="2115" HPOS="1671"/>
                  <String HEIGHT="82" WIDTH="105" VPOS="2115" HPOS="1608" CONTENT="&amp;"/>
                  <SP HEIGHT="82" WIDTH="21" VPOS="2115" HPOS="1713"/>
                  <String HEIGHT="82"
                          WIDTH="126"
                          VPOS="2115"
                          HPOS="1650"
                          CONTENT="eo"/>
                  <SP HEIGHT="82" WIDTH="21" VPOS="2115" HPOS="1776"/>
                  <String HEIGHT="82"
                          WIDTH="210"
                          VPOS="2115"
                          HPOS="1713"
                          CONTENT="quidem"/>
                  <SP HEIGHT="82" WIDTH="21" VPOS="2115" HPOS="1922"/>
                  <String HEIGHT="82"
                          WIDTH="231"
                          VPOS="2115"
                          HPOS="1859"
                          CONTENT="tempore"/>
                  <SP HEIGHT="82" WIDTH="21" VPOS="2115" HPOS="2090"/>
                  <String HEIGHT="82"
                          WIDTH="147"
                          VPOS="2115"
                          HPOS="2027"
                          CONTENT="quo"/>
                  <SP HEIGHT="82" WIDTH="21" VPOS="2115" HPOS="2174"/>
                  <String HEIGHT="82"
                          WIDTH="105"
                          VPOS="2115"
                          HPOS="2090"
                          CONTENT="pec"/>
               </TextLine>
               <TextLine ID="r2l36"
                         BASELINE="2246"
                         HEIGHT="80"
                         WIDTH="1651"
                         VPOS="2166"
                         HPOS="535">
                  <String HEIGHT="80"
                          WIDTH="257"
                          VPOS="2166"
                          HPOS="514"
                          CONTENT="cassent:"/>
                  <SP HEIGHT="80" WIDTH="21" VPOS="2166" HPOS="771"/>
                  <String HEIGHT="80"
                          WIDTH="214"
                          VPOS="2166"
                          HPOS="707"
                          CONTENT="statum"/>
                  <SP HEIGHT="80" WIDTH="21" VPOS="2166" HPOS="921"/>
                  <String HEIGHT="80"
                          WIDTH="193"
                          VPOS="2166"
                          HPOS="857"
                          CONTENT="porro"/>
                  <SP HEIGHT="80" WIDTH="21" VPOS="2166" HPOS="1050"/>
                  <String HEIGHT="80"
                          WIDTH="365"
                          VPOS="2166"
                          HPOS="985"
                          CONTENT="anniuersarium"/>
                  <SP HEIGHT="80" WIDTH="21" VPOS="2166" HPOS="1350"/>
                  <String HEIGHT="80" WIDTH="107" VPOS="2166" HPOS="1285" CONTENT="&amp;"/>
                  <SP HEIGHT="80" WIDTH="21" VPOS="2166" HPOS="1393"/>
                  <String HEIGHT="80"
                          WIDTH="300"
                          VPOS="2166"
                          HPOS="1328"
                          CONTENT="uniuersale"/>
                  <SP HEIGHT="80" WIDTH="21" VPOS="2166" HPOS="1629"/>
                  <String HEIGHT="80"
                          WIDTH="322"
                          VPOS="2166"
                          HPOS="1564"
                          CONTENT="sacrificium"/>
                  <SP HEIGHT="80" WIDTH="21" VPOS="2166" HPOS="1886"/>
                  <String HEIGHT="80"
                          WIDTH="193"
                          VPOS="2166"
                          HPOS="1821"
                          CONTENT="illud"/>
                  <SP HEIGHT="80" WIDTH="21" VPOS="2166" HPOS="2014"/>
                  <String HEIGHT="80"
                          WIDTH="193"
                          VPOS="2166"
                          HPOS="1950"
                          CONTENT="erat,"/>
                  <SP HEIGHT="80" WIDTH="21" VPOS="2166" HPOS="2143"/>
                  <String HEIGHT="80"
                          WIDTH="129"
                          VPOS="2166"
                          HPOS="2057"
                          CONTENT="quod"/>
               </TextLine>
               <TextLine ID="r2l37"
                         BASELINE="2306"
                         HEIGHT="89"
                         WIDTH="1656"
                         VPOS="2217"
                         HPOS="533">
                  <String HEIGHT="89"
                          WIDTH="195"
                          VPOS="2217"
                          HPOS="514"
                          CONTENT="multis"/>
                  <SP HEIGHT="89" WIDTH="19" VPOS="2217" HPOS="708"/>
                  <String HEIGHT="89"
                          WIDTH="292"
                          VPOS="2217"
                          HPOS="650"
                          CONTENT="describitur"/>
                  <SP HEIGHT="89" WIDTH="19" VPOS="2217" HPOS="942"/>
                  <String HEIGHT="89"
                          WIDTH="195"
                          VPOS="2217"
                          HPOS="884"
                          CONTENT="Leuit."/>
                  <SP HEIGHT="89" WIDTH="19" VPOS="2217" HPOS="1079"/>
                  <String HEIGHT="89"
                          WIDTH="136"
                          VPOS="2217"
                          HPOS="1020"
                          CONTENT="16."/>
                  <SP HEIGHT="89" WIDTH="19" VPOS="2217" HPOS="1156"/>
                  <String HEIGHT="89"
                          WIDTH="156"
                          VPOS="2217"
                          HPOS="1098"
                          CONTENT="cap."/>
                  <SP HEIGHT="89" WIDTH="19" VPOS="2217" HPOS="1254"/>
                  <String HEIGHT="89" WIDTH="97" VPOS="2217" HPOS="1195" CONTENT="&amp;"/>
                  <SP HEIGHT="89" WIDTH="19" VPOS="2217" HPOS="1293"/>
                  <String HEIGHT="89"
                          WIDTH="136"
                          VPOS="2217"
                          HPOS="1234"
                          CONTENT="huc"/>
                  <SP HEIGHT="89" WIDTH="19" VPOS="2217" HPOS="1371"/>
                  <String HEIGHT="89"
                          WIDTH="136"
                          VPOS="2217"
                          HPOS="1312"
                          CONTENT="sub"/>
                  <SP HEIGHT="89" WIDTH="19" VPOS="2217" HPOS="1449"/>
                  <String HEIGHT="89"
                          WIDTH="273"
                          VPOS="2217"
                          HPOS="1390"
                          CONTENT="piacularia"/>
                  <SP HEIGHT="89" WIDTH="19" VPOS="2217" HPOS="1663"/>
                  <String HEIGHT="89"
                          WIDTH="214"
                          VPOS="2217"
                          HPOS="1605"
                          CONTENT="referri"/>
                  <SP HEIGHT="89" WIDTH="19" VPOS="2217" HPOS="1819"/>
                  <String HEIGHT="89"
                          WIDTH="195"
                          VPOS="2217"
                          HPOS="1760"
                          CONTENT="debet."/>
                  <SP HEIGHT="89" WIDTH="19" VPOS="2217" HPOS="1955"/>
                  <String HEIGHT="89"
                          WIDTH="117"
                          VPOS="2217"
                          HPOS="1897"
                          CONTENT="In"/>
                  <SP HEIGHT="89" WIDTH="19" VPOS="2217" HPOS="2014"/>
                  <String HEIGHT="89"
                          WIDTH="175"
                          VPOS="2217"
                          HPOS="1955"
                          CONTENT="festo"/>
                  <SP HEIGHT="89" WIDTH="19" VPOS="2217" HPOS="2131"/>
                  <String HEIGHT="89"
                          WIDTH="156"
                          VPOS="2217"
                          HPOS="2072"
                          CONTENT="enim"/>
                  <SP HEIGHT="89" WIDTH="19" VPOS="2217" HPOS="2228"/>
                  <String HEIGHT="89" WIDTH="39" VPOS="2217" HPOS="2150" CONTENT=""/>
               </TextLine>
               <TextLine ID="r2l38"
                         BASELINE="2368"
                         HEIGHT="96"
                         WIDTH="1656"
                         VPOS="2272"
                         HPOS="532">
                  <String HEIGHT="96"
                          WIDTH="382"
                          VPOS="2272"
                          HPOS="511"
                          CONTENT="propitiationis"/>
                  <SP HEIGHT="96" WIDTH="21" VPOS="2272" HPOS="893"/>
                  <String HEIGHT="96"
                          WIDTH="149"
                          VPOS="2272"
                          HPOS="829"
                          CONTENT="10."/>
                  <SP HEIGHT="96" WIDTH="21" VPOS="2272" HPOS="978"/>
                  <String HEIGHT="96"
                          WIDTH="149"
                          VPOS="2272"
                          HPOS="914"
                          CONTENT="die"/>
                  <SP HEIGHT="96" WIDTH="21" VPOS="2272" HPOS="1063"/>
                  <String HEIGHT="96" WIDTH="127" VPOS="2272" HPOS="999" CONTENT="7."/>
                  <SP HEIGHT="96" WIDTH="21" VPOS="2272" HPOS="1126"/>
                  <String HEIGHT="96"
                          WIDTH="212"
                          VPOS="2272"
                          HPOS="1063"
                          CONTENT="mensis"/>
                  <SP HEIGHT="96" WIDTH="21" VPOS="2272" HPOS="1275"/>
                  <String HEIGHT="96"
                          WIDTH="318"
                          VPOS="2272"
                          HPOS="1211"
                          CONTENT="peragebatur"/>
                  <SP HEIGHT="96" WIDTH="21" VPOS="2272" HPOS="1530"/>
                  <String HEIGHT="96"
                          WIDTH="191"
                          VPOS="2272"
                          HPOS="1466"
                          CONTENT="annua"/>
                  <SP HEIGHT="96" WIDTH="21" VPOS="2272" HPOS="1657"/>
                  <String HEIGHT="96"
                          WIDTH="318"
                          VPOS="2272"
                          HPOS="1594"
                          CONTENT="solennitate"/>
                  <SP HEIGHT="96" WIDTH="21" VPOS="2272" HPOS="1912"/>
                  <String HEIGHT="96"
                          WIDTH="149"
                          VPOS="2272"
                          HPOS="1848"
                          CONTENT="pro"/>
                  <SP HEIGHT="96" WIDTH="21" VPOS="2272" HPOS="1997"/>
                  <String HEIGHT="96"
                          WIDTH="234"
                          VPOS="2272"
                          HPOS="1933"
                          CONTENT="omnibus"/>
                  <SP HEIGHT="96" WIDTH="21" VPOS="2272" HPOS="2167"/>
                  <String HEIGHT="96"
                          WIDTH="106"
                          VPOS="2272"
                          HPOS="2082"
                          CONTENT="om"
                          SUBS_TYPE="HypPart1"
                          SUBS_CONTENT="omnium"/>
                  <HYP CONTENT="-"/>
               </TextLine>
               <TextLine ID="r2l39"
                         BASELINE="2420"
                         HEIGHT="90"
                         WIDTH="1655"
                         VPOS="2330"
                         HPOS="536">
                  <String HEIGHT="90"
                          WIDTH="168"
                          VPOS="2330"
                          HPOS="515"
                          CONTENT="nium"
                          SUBS_TYPE="HypPart2"
                          SUBS_CONTENT="omnium"/>
                  <SP HEIGHT="90" WIDTH="21" VPOS="2330" HPOS="683"/>
                  <String HEIGHT="90"
                          WIDTH="251"
                          VPOS="2330"
                          HPOS="620"
                          CONTENT="peccatis"/>
                  <SP HEIGHT="90" WIDTH="21" VPOS="2330" HPOS="871"/>
                  <String HEIGHT="90"
                          WIDTH="293"
                          VPOS="2330"
                          HPOS="808"
                          CONTENT="uniuersale"/>
                  <SP HEIGHT="90" WIDTH="21" VPOS="2330" HPOS="1102"/>
                  <String HEIGHT="90"
                          WIDTH="314"
                          VPOS="2330"
                          HPOS="1039"
                          CONTENT="expiatorium"/>
                  <SP HEIGHT="90" WIDTH="21" VPOS="2330" HPOS="1353"/>
                  <String HEIGHT="90"
                          WIDTH="147"
                          VPOS="2330"
                          HPOS="1290"
                          CONTENT="seu"/>
                  <SP HEIGHT="90" WIDTH="21" VPOS="2330" HPOS="1437"/>
                  <String HEIGHT="90"
                          WIDTH="377"
                          VPOS="2330"
                          HPOS="1374"
                          CONTENT="propitiatorium"/>
                  <SP HEIGHT="90" WIDTH="21" VPOS="2330" HPOS="1751"/>
                  <String HEIGHT="90"
                          WIDTH="335"
                          VPOS="2330"
                          HPOS="1688"
                          CONTENT="sacrificium."/>
                  <SP HEIGHT="90" WIDTH="21" VPOS="2330" HPOS="2023"/>
                  <String HEIGHT="90"
                          WIDTH="168"
                          VPOS="2330"
                          HPOS="1961"
                          CONTENT="Eius"/>
                  <SP HEIGHT="90" WIDTH="21" VPOS="2330" HPOS="2128"/>
                  <String HEIGHT="90"
                          WIDTH="147"
                          VPOS="2330"
                          HPOS="2044"
                          CONTENT="ritum"/>
               </TextLine>
               <TextLine ID="r2l40"
                         BASELINE="2472"
                         HEIGHT="73"
                         WIDTH="1640"
                         VPOS="2399"
                         HPOS="540">
                  <String HEIGHT="73"
                          WIDTH="170"
                          VPOS="2399"
                          HPOS="519"
                          CONTENT="nolo"/>
                  <SP HEIGHT="73" WIDTH="21" VPOS="2399" HPOS="689"/>
                  <String HEIGHT="73" WIDTH="128" VPOS="2399" HPOS="625" CONTENT="in"/>
                  <SP HEIGHT="73" WIDTH="21" VPOS="2399" HPOS="753"/>
                  <String HEIGHT="73"
                          WIDTH="362"
                          VPOS="2399"
                          HPOS="689"
                          CONTENT="praesentiarum"/>
                  <SP HEIGHT="73" WIDTH="21" VPOS="2399" HPOS="1051"/>
                  <String HEIGHT="73"
                          WIDTH="277"
                          VPOS="2399"
                          HPOS="987"
                          CONTENT="copiosius"/>
                  <SP HEIGHT="73" WIDTH="21" VPOS="2399" HPOS="1264"/>
                  <String HEIGHT="73"
                          WIDTH="277"
                          VPOS="2399"
                          HPOS="1200"
                          CONTENT="prosequi,"/>
                  <SP HEIGHT="73" WIDTH="21" VPOS="2399" HPOS="1477"/>
                  <String HEIGHT="73"
                          WIDTH="149"
                          VPOS="2399"
                          HPOS="1413"
                          CONTENT="cum"/>
                  <SP HEIGHT="73" WIDTH="21" VPOS="2399" HPOS="1562"/>
                  <String HEIGHT="73"
                          WIDTH="170"
                          VPOS="2399"
                          HPOS="1498"
                          CONTENT="luce"/>
                  <SP HEIGHT="73" WIDTH="21" VPOS="2399" HPOS="1669"/>
                  <String HEIGHT="73"
                          WIDTH="234"
                          VPOS="2399"
                          HPOS="1605"
                          CONTENT="clarius"/>
                  <SP HEIGHT="73" WIDTH="21" VPOS="2399" HPOS="1839"/>
                  <String HEIGHT="73"
                          WIDTH="298"
                          VPOS="2399"
                          HPOS="1775"
                          CONTENT="proponatur"/>
                  <SP HEIGHT="73" WIDTH="21" VPOS="2399" HPOS="2074"/>
                  <String HEIGHT="73"
                          WIDTH="192"
                          VPOS="2399"
                          HPOS="1988"
                          CONTENT="omnibus"/>
               </TextLine>
               <TextLine ID="r2l41"
                         BASELINE="2537"
                         HEIGHT="93"
                         WIDTH="1647"
                         VPOS="2444"
                         HPOS="544">
                  <String HEIGHT="93" WIDTH="127" VPOS="2444" HPOS="523" CONTENT="in"/>
                  <SP HEIGHT="93" WIDTH="21" VPOS="2444" HPOS="650"/>
                  <String HEIGHT="93" WIDTH="127" VPOS="2444" HPOS="586" CONTENT="eo"/>
                  <SP HEIGHT="93" WIDTH="21" VPOS="2444" HPOS="713"/>
                  <String HEIGHT="93"
                          WIDTH="169"
                          VPOS="2444"
                          HPOS="650"
                          CONTENT="loco"/>
                  <SP HEIGHT="93" WIDTH="21" VPOS="2444" HPOS="819"/>
                  <String HEIGHT="93"
                          WIDTH="275"
                          VPOS="2444"
                          HPOS="755"
                          CONTENT="Leuitici,"/>
                  <SP HEIGHT="93" WIDTH="21" VPOS="2444" HPOS="1030"/>
                  <String HEIGHT="93"
                          WIDTH="169"
                          VPOS="2444"
                          HPOS="966"
                          CONTENT="quem"/>
                  <SP HEIGHT="93" WIDTH="21" VPOS="2444" HPOS="1135"/>
                  <String HEIGHT="93"
                          WIDTH="169"
                          VPOS="2444"
                          HPOS="1072"
                          CONTENT="modo"/>
                  <SP HEIGHT="93" WIDTH="21" VPOS="2444" HPOS="1241"/>
                  <String HEIGHT="93"
                          WIDTH="296"
                          VPOS="2444"
                          HPOS="1177"
                          CONTENT="citauimus,"/>
                  <SP HEIGHT="93" WIDTH="21" VPOS="2444" HPOS="1473"/>
                  <String HEIGHT="93" WIDTH="106" VPOS="2444" HPOS="1410" CONTENT="&amp;"/>
                  <SP HEIGHT="93" WIDTH="21" VPOS="2444" HPOS="1515"/>
                  <String HEIGHT="93"
                          WIDTH="148"
                          VPOS="2444"
                          HPOS="1452"
                          CONTENT="nos"/>
                  <SP HEIGHT="93" WIDTH="21" VPOS="2444" HPOS="1600"/>
                  <String HEIGHT="93"
                          WIDTH="148"
                          VPOS="2444"
                          HPOS="1536"
                          CONTENT="iam"/>
                  <SP HEIGHT="93" WIDTH="21" VPOS="2444" HPOS="1684"/>
                  <String HEIGHT="93"
                          WIDTH="190"
                          VPOS="2444"
                          HPOS="1621"
                          CONTENT="illum"/>
                  <SP HEIGHT="93" WIDTH="21" VPOS="2444" HPOS="1811"/>
                  <String HEIGHT="93"
                          WIDTH="127"
                          VPOS="2444"
                          HPOS="1748"
                          CONTENT="in"/>
                  <SP HEIGHT="93" WIDTH="21" VPOS="2444" HPOS="1874"/>
                  <String HEIGHT="93"
                          WIDTH="296"
                          VPOS="2444"
                          HPOS="1811"
                          CONTENT="explicando"/>
                  <SP HEIGHT="93" WIDTH="21" VPOS="2444" HPOS="2107"/>
                  <String HEIGHT="93"
                          WIDTH="169"
                          VPOS="2444"
                          HPOS="2022"
                          CONTENT="myste"
                          SUBS_TYPE="HypPart1"
                          SUBS_CONTENT="mysterio,"/>
                  <HYP CONTENT="-"/>
               </TextLine>
               <TextLine ID="r2l42"
                         BASELINE="2588"
                         HEIGHT="76"
                         WIDTH="1650"
                         VPOS="2512"
                         HPOS="537">
                  <String HEIGHT="76"
                          WIDTH="169"
                          VPOS="2512"
                          HPOS="516"
                          CONTENT="rio,"
                          SUBS_TYPE="HypPart2"
                          SUBS_CONTENT="mysterio,"/>
                  <SP HEIGHT="76" WIDTH="21" VPOS="2512" HPOS="685"/>
                  <String HEIGHT="76"
                          WIDTH="233"
                          VPOS="2512"
                          HPOS="622"
                          CONTENT="quantum"/>
                  <SP HEIGHT="76" WIDTH="21" VPOS="2512" HPOS="854"/>
                  <String HEIGHT="76"
                          WIDTH="190"
                          VPOS="2512"
                          HPOS="791"
                          CONTENT="satis"/>
                  <SP HEIGHT="76" WIDTH="21" VPOS="2512" HPOS="981"/>
                  <String HEIGHT="76"
                          WIDTH="169"
                          VPOS="2512"
                          HPOS="918"
                          CONTENT="est,"/>
                  <SP HEIGHT="76" WIDTH="21" VPOS="2512" HPOS="1087"/>
                  <String HEIGHT="76"
                          WIDTH="275"
                          VPOS="2512"
                          HPOS="1024"
                          CONTENT="adumbrare"/>
                  <SP HEIGHT="76" WIDTH="21" VPOS="2512" HPOS="1299"/>
                  <String HEIGHT="76"
                          WIDTH="296"
                          VPOS="2512"
                          HPOS="1235"
                          CONTENT="cogitemus."/>
                  <SP HEIGHT="76" WIDTH="21" VPOS="2512" HPOS="1531"/>
                  <String HEIGHT="76"
                          WIDTH="127"
                          VPOS="2512"
                          HPOS="1468"
                          CONTENT="De"/>
                  <SP HEIGHT="76" WIDTH="21" VPOS="2512" HPOS="1595"/>
                  <String HEIGHT="76"
                          WIDTH="381"
                          VPOS="2512"
                          HPOS="1531"
                          CONTENT="significatione"/>
                  <SP HEIGHT="76" WIDTH="21" VPOS="2512" HPOS="1912"/>
                  <String HEIGHT="76"
                          WIDTH="169"
                          VPOS="2512"
                          HPOS="1849"
                          CONTENT="enim"/>
                  <SP HEIGHT="76" WIDTH="21" VPOS="2512" HPOS="2018"/>
                  <String HEIGHT="76" WIDTH="106" VPOS="2512" HPOS="1954" CONTENT="&amp;"/>
                  <SP HEIGHT="76" WIDTH="21" VPOS="2512" HPOS="2060"/>
                  <String HEIGHT="76"
                          WIDTH="212"
                          VPOS="2512"
                          HPOS="1975"
                          CONTENT="mysterio"/>
               </TextLine>
               <TextLine ID="r2l43"
                         BASELINE="2647"
                         HEIGHT="78"
                         WIDTH="419"
                         VPOS="2569"
                         HPOS="546">
                  <String HEIGHT="78"
                          WIDTH="168"
                          VPOS="2569"
                          HPOS="525"
                          CONTENT="eius"/>
                  <SP HEIGHT="78" WIDTH="21" VPOS="2569" HPOS="693"/>
                  <String HEIGHT="78"
                          WIDTH="189"
                          VPOS="2569"
                          HPOS="630"
                          CONTENT="dicam"/>
                  <SP HEIGHT="78" WIDTH="21" VPOS="2569" HPOS="818"/>
                  <String HEIGHT="78"
                          WIDTH="251"
                          VPOS="2569"
                          HPOS="756"
                          CONTENT="paucula/"/>
                  <SP HEIGHT="78" WIDTH="21" VPOS="2569" HPOS="1007"/>
                  <String HEIGHT="78" WIDTH="42" VPOS="2569" HPOS="923" CONTENT=""/>
               </TextLine>
               <TextLine ID="r2l44"
                         BASELINE="2687"
                         HEIGHT="69"
                         WIDTH="1574"
                         VPOS="2618"
                         HPOS="617">
                  <String HEIGHT="69"
                          WIDTH="299"
                          VPOS="2618"
                          HPOS="597"
                          CONTENT="Figurabatur"/>
                  <SP HEIGHT="69" WIDTH="20" VPOS="2618" HPOS="896"/>
                  <String HEIGHT="69"
                          WIDTH="159"
                          VPOS="2618"
                          HPOS="836"
                          CONTENT="illo"/>
                  <SP HEIGHT="69" WIDTH="20" VPOS="2618" HPOS="996"/>
                  <String HEIGHT="69"
                          WIDTH="299"
                          VPOS="2618"
                          HPOS="936"
                          CONTENT="spectaculo,"/>
                  <SP HEIGHT="69" WIDTH="20" VPOS="2618" HPOS="1235"/>
                  <String HEIGHT="69"
                          WIDTH="179"
                          VPOS="2618"
                          HPOS="1175"
                          CONTENT="certe"/>
                  <SP HEIGHT="69" WIDTH="20" VPOS="2618" HPOS="1354"/>
                  <String HEIGHT="69"
                          WIDTH="339"
                          VPOS="2618"
                          HPOS="1294"
                          CONTENT="iucundissimo,"/>
                  <SP HEIGHT="69" WIDTH="20" VPOS="2618" HPOS="1633"/>
                  <String HEIGHT="69"
                          WIDTH="159"
                          VPOS="2618"
                          HPOS="1573"
                          CONTENT="tota"/>
                  <SP HEIGHT="69" WIDTH="20" VPOS="2618" HPOS="1733"/>
                  <String HEIGHT="69"
                          WIDTH="199"
                          VPOS="2618"
                          HPOS="1673"
                          CONTENT="passio"/>
                  <SP HEIGHT="69" WIDTH="20" VPOS="2618" HPOS="1872"/>
                  <String HEIGHT="69" WIDTH="100" VPOS="2618" HPOS="1812" CONTENT="&amp;"/>
                  <SP HEIGHT="69" WIDTH="20" VPOS="2618" HPOS="1912"/>
                  <String HEIGHT="69"
                          WIDTH="239"
                          VPOS="2618"
                          HPOS="1852"
                          CONTENT="effectus"/>
                  <SP HEIGHT="69" WIDTH="20" VPOS="2618" HPOS="2091"/>
                  <String HEIGHT="69"
                          WIDTH="179"
                          VPOS="2618"
                          HPOS="2012"
                          CONTENT="passio"
                          SUBS_TYPE="HypPart1"
                          SUBS_CONTENT="passionis"/>
                  <HYP CONTENT="-"/>
               </TextLine>
               <TextLine ID="r2l45"
                         BASELINE="2760"
                         HEIGHT="77"
                         WIDTH="1641"
                         VPOS="2683"
                         HPOS="540">
                  <String HEIGHT="77"
                          WIDTH="147"
                          VPOS="2683"
                          HPOS="519"
                          CONTENT="nis"
                          SUBS_TYPE="HypPart2"
                          SUBS_CONTENT="passionis"/>
                  <SP HEIGHT="77" WIDTH="21" VPOS="2683" HPOS="666"/>
                  <String HEIGHT="77"
                          WIDTH="210"
                          VPOS="2683"
                          HPOS="603"
                          CONTENT="domini"/>
                  <SP HEIGHT="77" WIDTH="21" VPOS="2683" HPOS="814"/>
                  <String HEIGHT="77"
                          WIDTH="210"
                          VPOS="2683"
                          HPOS="750"
                          CONTENT="nostri"/>
                  <SP HEIGHT="77" WIDTH="21" VPOS="2683" HPOS="961"/>
                  <String HEIGHT="77"
                          WIDTH="168"
                          VPOS="2683"
                          HPOS="898"
                          CONTENT="Iesu"/>
                  <SP HEIGHT="77" WIDTH="21" VPOS="2683" HPOS="1066"/>
                  <String HEIGHT="77"
                          WIDTH="252"
                          VPOS="2683"
                          HPOS="1003"
                          CONTENT="Christi:"/>
                  <SP HEIGHT="77" WIDTH="21" VPOS="2683" HPOS="1255"/>
                  <String HEIGHT="77"
                          WIDTH="168"
                          VPOS="2683"
                          HPOS="1192"
                          CONTENT="quae"/>
                  <SP HEIGHT="77" WIDTH="21" VPOS="2683" HPOS="1361"/>
                  <String HEIGHT="77"
                          WIDTH="274"
                          VPOS="2683"
                          HPOS="1297"
                          CONTENT="quotannis"/>
                  <SP HEIGHT="77" WIDTH="21" VPOS="2683" HPOS="1571"/>
                  <String HEIGHT="77"
                          WIDTH="189"
                          VPOS="2683"
                          HPOS="1508"
                          CONTENT="semel"/>
                  <SP HEIGHT="77" WIDTH="21" VPOS="2683" HPOS="1697"/>
                  <String HEIGHT="77"
                          WIDTH="316"
                          VPOS="2683"
                          HPOS="1634"
                          CONTENT="exhibebatur"/>
                  <SP HEIGHT="77" WIDTH="21" VPOS="2683" HPOS="1950"/>
                  <String HEIGHT="77" WIDTH="105" VPOS="2683" HPOS="1886" CONTENT="&amp;"/>
                  <SP HEIGHT="77" WIDTH="21" VPOS="2683" HPOS="1992"/>
                  <String HEIGHT="77"
                          WIDTH="274"
                          VPOS="2683"
                          HPOS="1908"
                          CONTENT="renouabatur"/>
               </TextLine>
               <TextLine ID="r2l46"
                         BASELINE="2810"
                         HEIGHT="88"
                         WIDTH="1643"
                         VPOS="2722"
                         HPOS="541">
                  <String HEIGHT="88"
                          WIDTH="260"
                          VPOS="2722"
                          HPOS="521"
                          CONTENT="uniuersae"/>
                  <SP HEIGHT="88" WIDTH="20" VPOS="2722" HPOS="781"/>
                  <String HEIGHT="88"
                          WIDTH="260"
                          VPOS="2722"
                          HPOS="721"
                          CONTENT="ecclesiae"/>
                  <SP HEIGHT="88" WIDTH="20" VPOS="2722" HPOS="982"/>
                  <String HEIGHT="88"
                          WIDTH="160"
                          VPOS="2722"
                          HPOS="922"
                          CONTENT="dei."/>
                  <SP HEIGHT="88" WIDTH="20" VPOS="2722" HPOS="1082"/>
                  <String HEIGHT="88"
                          WIDTH="220"
                          VPOS="2722"
                          HPOS="1022"
                          CONTENT="Placuit"/>
                  <SP HEIGHT="88" WIDTH="20" VPOS="2722" HPOS="1242"/>
                  <String HEIGHT="88"
                          WIDTH="160"
                          VPOS="2722"
                          HPOS="1182"
                          CONTENT="enim"/>
                  <SP HEIGHT="88" WIDTH="20" VPOS="2722" HPOS="1342"/>
                  <String HEIGHT="88"
                          WIDTH="140"
                          VPOS="2722"
                          HPOS="1282"
                          CONTENT="deo"/>
                  <SP HEIGHT="88" WIDTH="20" VPOS="2722" HPOS="1423"/>
                  <String HEIGHT="88"
                          WIDTH="140"
                          VPOS="2722"
                          HPOS="1363"
                          CONTENT="hic"/>
                  <SP HEIGHT="88" WIDTH="20" VPOS="2722" HPOS="1503"/>
                  <String HEIGHT="88"
                          WIDTH="180"
                          VPOS="2722"
                          HPOS="1443"
                          CONTENT="modus"/>
                  <SP HEIGHT="88" WIDTH="20" VPOS="2722" HPOS="1623"/>
                  <String HEIGHT="88"
                          WIDTH="361"
                          VPOS="2722"
                          HPOS="1563"
                          CONTENT="repraesentandi"/>
                  <SP HEIGHT="88" WIDTH="20" VPOS="2722" HPOS="1924"/>
                  <String HEIGHT="88"
                          WIDTH="240"
                          VPOS="2722"
                          HPOS="1863"
                          CONTENT="mysteria"/>
                  <SP HEIGHT="88" WIDTH="20" VPOS="2722" HPOS="2104"/>
                  <String HEIGHT="88"
                          WIDTH="180"
                          VPOS="2722"
                          HPOS="2044"
                          CONTENT="redem"/>
                  <SP HEIGHT="88" WIDTH="20" VPOS="2722" HPOS="2224"/>
                  <String HEIGHT="88" WIDTH="40" VPOS="2722" HPOS="2144" CONTENT=""/>
               </TextLine>
               <TextLine ID="r2l47"
                         BASELINE="2867"
                         HEIGHT="86"
                         WIDTH="1637"
                         VPOS="2781"
                         HPOS="545">
                  <String HEIGHT="86"
                          WIDTH="222"
                          VPOS="2781"
                          HPOS="525"
                          CONTENT="ptionis"/>
                  <SP HEIGHT="86" WIDTH="20" VPOS="2781" HPOS="747"/>
                  <String HEIGHT="86" WIDTH="101" VPOS="2781" HPOS="686" CONTENT="&amp;"/>
                  <SP HEIGHT="86" WIDTH="20" VPOS="2781" HPOS="788"/>
                  <String HEIGHT="86"
                          WIDTH="222"
                          VPOS="2781"
                          HPOS="727"
                          CONTENT="salutis"/>
                  <SP HEIGHT="86" WIDTH="20" VPOS="2781" HPOS="949"/>
                  <String HEIGHT="86"
                          WIDTH="141"
                          VPOS="2781"
                          HPOS="889"
                          CONTENT="per"/>
                  <SP HEIGHT="86" WIDTH="20" VPOS="2781" HPOS="1030"/>
                  <String HEIGHT="86"
                          WIDTH="303"
                          VPOS="2781"
                          HPOS="969"
                          CONTENT="sacramenta,"/>
                  <SP HEIGHT="86" WIDTH="20" VPOS="2781" HPOS="1273"/>
                  <String HEIGHT="86" WIDTH="101" VPOS="2781" HPOS="1212" CONTENT="&amp;"/>
                  <SP HEIGHT="86" WIDTH="20" VPOS="2781" HPOS="1313"/>
                  <String HEIGHT="86"
                          WIDTH="141"
                          VPOS="2781"
                          HPOS="1252"
                          CONTENT="non"/>
                  <SP HEIGHT="86" WIDTH="20" VPOS="2781" HPOS="1394"/>
                  <String HEIGHT="86"
                          WIDTH="141"
                          VPOS="2781"
                          HPOS="1333"
                          CONTENT="per"/>
                  <SP HEIGHT="86" WIDTH="20" VPOS="2781" HPOS="1475"/>
                  <String HEIGHT="86"
                          WIDTH="243"
                          VPOS="2781"
                          HPOS="1414"
                          CONTENT="picturas"/>
                  <SP HEIGHT="86" WIDTH="20" VPOS="2781" HPOS="1657"/>
                  <String HEIGHT="86"
                          WIDTH="141"
                          VPOS="2781"
                          HPOS="1596"
                          CONTENT="aut"/>
                  <SP HEIGHT="86" WIDTH="20" VPOS="2781" HPOS="1737"/>
                  <String HEIGHT="86"
                          WIDTH="243"
                          VPOS="2781"
                          HPOS="1677"
                          CONTENT="colores,"/>
                  <SP HEIGHT="86" WIDTH="20" VPOS="2781" HPOS="1919"/>
                  <String HEIGHT="86"
                          WIDTH="141"
                          VPOS="2781"
                          HPOS="1859"
                          CONTENT="aut"/>
                  <SP HEIGHT="86" WIDTH="20" VPOS="2781" HPOS="2000"/>
                  <String HEIGHT="86"
                          WIDTH="222"
                          VPOS="2781"
                          HPOS="1939"
                          CONTENT="denique"/>
                  <SP HEIGHT="86" WIDTH="20" VPOS="2781" HPOS="2162"/>
                  <String HEIGHT="86"
                          WIDTH="101"
                          VPOS="2781"
                          HPOS="2081"
                          CONTENT="per"/>
               </TextLine>
               <TextLine ID="r2l48"
                         BASELINE="2924"
                         HEIGHT="77"
                         WIDTH="1651"
                         VPOS="2847"
                         HPOS="545">
                  <String HEIGHT="77"
                          WIDTH="245"
                          VPOS="2847"
                          HPOS="525"
                          CONTENT="scenicos"/>
                  <SP HEIGHT="77" WIDTH="20" VPOS="2847" HPOS="769"/>
                  <String HEIGHT="77"
                          WIDTH="204"
                          VPOS="2847"
                          HPOS="708"
                          CONTENT="ludos:"/>
                  <SP HEIGHT="77" WIDTH="20" VPOS="2847" HPOS="912"/>
                  <String HEIGHT="77"
                          WIDTH="163"
                          VPOS="2847"
                          HPOS="851"
                          CONTENT="quae"/>
                  <SP HEIGHT="77" WIDTH="20" VPOS="2847" HPOS="1014"/>
                  <String HEIGHT="77"
                          WIDTH="143"
                          VPOS="2847"
                          HPOS="953"
                          CONTENT="non"/>
                  <SP HEIGHT="77" WIDTH="20" VPOS="2847" HPOS="1095"/>
                  <String HEIGHT="77"
                          WIDTH="183"
                          VPOS="2847"
                          HPOS="1034"
                          CONTENT="pauci"/>
                  <SP HEIGHT="77" WIDTH="20" VPOS="2847" HPOS="1218"/>
                  <String HEIGHT="77"
                          WIDTH="183"
                          VPOS="2847"
                          HPOS="1156"
                          CONTENT="hodie"/>
                  <SP HEIGHT="77" WIDTH="20" VPOS="2847" HPOS="1340"/>
                  <String HEIGHT="77"
                          WIDTH="183"
                          VPOS="2847"
                          HPOS="1279"
                          CONTENT="parum"/>
                  <SP HEIGHT="77" WIDTH="20" VPOS="2847" HPOS="1462"/>
                  <String HEIGHT="77"
                          WIDTH="265"
                          VPOS="2847"
                          HPOS="1401"
                          CONTENT="religiose"/>
                  <SP HEIGHT="77" WIDTH="20" VPOS="2847" HPOS="1666"/>
                  <String HEIGHT="77"
                          WIDTH="122"
                          VPOS="2847"
                          HPOS="1605"
                          CONTENT="in"/>
                  <SP HEIGHT="77" WIDTH="20" VPOS="2847" HPOS="1727"/>
                  <String HEIGHT="77"
                          WIDTH="245"
                          VPOS="2847"
                          HPOS="1666"
                          CONTENT="delicijs"/>
                  <SP HEIGHT="77" WIDTH="20" VPOS="2847" HPOS="1911"/>
                  <String HEIGHT="77"
                          WIDTH="224"
                          VPOS="2847"
                          HPOS="1849"
                          CONTENT="habent."/>
                  <SP HEIGHT="77" WIDTH="20" VPOS="2847" HPOS="2074"/>
                  <String HEIGHT="77"
                          WIDTH="183"
                          VPOS="2847"
                          HPOS="2013"
                          CONTENT="Solus"/>
                  <SP HEIGHT="77" WIDTH="20" VPOS="2847" HPOS="2196"/>
                  <String HEIGHT="77" WIDTH="82" VPOS="2847" HPOS="2114" CONTENT="au"/>
               </TextLine>
               <TextLine ID="r2l49"
                         BASELINE="2982"
                         HEIGHT="83"
                         WIDTH="1639"
                         VPOS="2899"
                         HPOS="542">
                  <String HEIGHT="83"
                          WIDTH="149"
                          VPOS="2899"
                          HPOS="521"
                          CONTENT="tem"/>
                  <SP HEIGHT="83" WIDTH="21" VPOS="2899" HPOS="670"/>
                  <String HEIGHT="83"
                          WIDTH="255"
                          VPOS="2899"
                          HPOS="606"
                          CONTENT="pontifex"/>
                  <SP HEIGHT="83" WIDTH="21" VPOS="2899" HPOS="861"/>
                  <String HEIGHT="83"
                          WIDTH="213"
                          VPOS="2899"
                          HPOS="797"
                          CONTENT="summus"/>
                  <SP HEIGHT="83" WIDTH="21" VPOS="2899" HPOS="1010"/>
                  <String HEIGHT="83" WIDTH="128" VPOS="2899" HPOS="946" CONTENT="in"/>
                  <SP HEIGHT="83" WIDTH="21" VPOS="2899" HPOS="1074"/>
                  <String HEIGHT="83"
                          WIDTH="149"
                          VPOS="2899"
                          HPOS="1010"
                          CONTENT="hac"/>
                  <SP HEIGHT="83" WIDTH="21" VPOS="2899" HPOS="1159"/>
                  <String HEIGHT="83"
                          WIDTH="298"
                          VPOS="2899"
                          HPOS="1095"
                          CONTENT="caeremonia"/>
                  <SP HEIGHT="83" WIDTH="21" VPOS="2899" HPOS="1393"/>
                  <String HEIGHT="83"
                          WIDTH="213"
                          VPOS="2899"
                          HPOS="1330"
                          CONTENT="obibat"/>
                  <SP HEIGHT="83" WIDTH="21" VPOS="2899" HPOS="1542"/>
                  <String HEIGHT="83"
                          WIDTH="213"
                          VPOS="2899"
                          HPOS="1479"
                          CONTENT="omnia:"/>
                  <SP HEIGHT="83" WIDTH="21" VPOS="2899" HPOS="1691"/>
                  <String HEIGHT="83"
                          WIDTH="170"
                          VPOS="2899"
                          HPOS="1628"
                          CONTENT="nisi"/>
                  <SP HEIGHT="83" WIDTH="21" VPOS="2899" HPOS="1798"/>
                  <String HEIGHT="83"
                          WIDTH="170"
                          VPOS="2899"
                          HPOS="1734"
                          CONTENT="quod"/>
                  <SP HEIGHT="83" WIDTH="21" VPOS="2899" HPOS="1904"/>
                  <String HEIGHT="83"
                          WIDTH="149"
                          VPOS="2899"
                          HPOS="1840"
                          CONTENT="duo"/>
                  <SP HEIGHT="83" WIDTH="21" VPOS="2899" HPOS="1989"/>
                  <String HEIGHT="83"
                          WIDTH="128"
                          VPOS="2899"
                          HPOS="1926"
                          CONTENT="ei"/>
                  <SP HEIGHT="83" WIDTH="21" VPOS="2899" HPOS="2053"/>
                  <String HEIGHT="83"
                          WIDTH="213"
                          VPOS="2899"
                          HPOS="1968"
                          CONTENT="adiunge"/>
               </TextLine>
            </TextBlock>
         </PrintSpace>
      </Page>
   </Layout>
</alto>
