2288 3632
63 284 215 93 bantur
214 284 280 93 ministri,
430 284 215 93 quorum
580 284 194 93 alter
709 284 258 93 educebat
903 284 215 93 hircum
1054 284 301 93 emissarium
1291 284 388 93 piacularemque,
1592 284 151 93 alter

71 361 260 74 portabat
267 361 195 74 extra
397 361 217 74 castra
549 361 260 74 iuuencum
744 361 108 74 &
787 361 217 74 hircum
939 361 347 74 expiatorium.
1221 361 152 74 Imo
1308 361 391 74 diligentissime
1612 361 130 74 prae

67 416 256 61 cipitur,
258 416 128 61 ne
322 416 170 61 quis
429 416 234 61 hominum
599 416 128 61 se
663 416 277 61 coniungat
876 416 192 61 summo
1004 416 298 61 pontifici,
1239 416 341 61 tabernaculum
1494 416 256 61 ingredien-

66 465 121 64 ti
126 465 101 64 &
166 465 362 64 propitiationem
468 465 141 64 pro
549 465 241 64 peccatis
730 465 261 64 facienti.
931 465 201 64 Nullus
1071 465 181 64 homo,
1192 465 141 64 ait
1272 465 241 64 dominus,
1453 465 141 64 sit
1534 465 121 64 in
1574 465 161 64 tento-

68 527 146 74 rio
152 527 396 74 constitutionis,
485 527 146 74 cum
569 527 167 74 ille
673 527 292 74 ingreditur
903 527 125 74 ad
965 527 271 74 expiandum
1174 527 125 74 in
1236 527 313 74 sanctuario,
1487 527 188 74 donec
1591 527 146 74 egre-

76 576 231 77 diatur.
244 576 147 77 Nam
328 576 231 77 Christo
496 576 126 77 in
559 576 273 77 peragendo
769 576 231 77 salutis
936 576 399 77 redemptionisque
1272 576 231 77 nostrae
1440 576 252 77 negotio,
1608 576 126 77 nemo

72 643 322 68 coniungendus
333 643 161 68 est.
434 643 181 68 Solus
555 643 161 68 enim
655 643 241 68 saluator
837 643 161 68 est,
937 643 241 68 calcauit
1118 643 181 68 solus
1239 643 262 68 torcular,
1440 643 161 68 nemo
1541 643 181 68 alius
1641 643 101 68 pro

61 694 188 73 nobis
186 694 292 73 crucifixus
416 694 167 73 est.
520 694 313 73 Excluduntur
770 694 167 73 ergo
874 694 334 73 patriarchae,
1145 694 292 73 prophetae,
1375 694 250 73 apostoli
1562 694 104 73 &
1583 694 146 73 marti

74 750 164 72 res,
176 750 184 72 omnes
298 750 225 72 denique
462 750 286 72 creatures,
687 750 123 72 ne
748 750 143 72 his
830 750 204 72 unquam
973 750 245 72 quicquam
1157 750 225 72 salutis
1320 750 245 72 acceptae
1484 750 245 72 tribuamus,

71 796 198 83 Solus
203 796 264 83 Christus
401 796 198 83 manet
533 796 264 83 saluator
731 796 110 83 &
775 796 286 83 redemptor
995 796 220 83 mundi.
1149 796 286 83 Creaturis
1369 796 154 83 aut
1457 796 264 83 operibus
1633 796 110 83 aut

76 861 228 72 meritis
242 861 228 72 nostris
408 861 228 72 salutem
574 861 269 72 tribuere,
781 861 145 72 est
864 861 145 72 cum
947 861 186 72 summo
1071 861 269 72 pontifice
1278 861 269 72 creaturas
1485 861 124 72 in
1527 861 207 72 taberna-

76 919 194 68 culum
206 919 302 68 admittere,
443 919 108 68 &
487 919 281 68 incurrere
703 919 367 68 indignationem
1005 919 367 68 omnipotentis,
1307 919 130 68 id
1372 919 151 68 est
1458 919 259 68 anathema
1631 919 108 68 hor

63 978 224 77 rendum
220 978 179 77 ueri
332 978 112 77 &
377 978 135 77 in
444 978 269 77 aeternum
646 978 269 77 uiuentis
848 978 179 77 dei.
960 978 157 77 Nam
1050 978 157 77 per
1139 978 224 77 summum
1296 978 314 77 sacerdotem
1521 978 224 77 praefigu

61 1035 186 61 ratur
185 1035 186 61 nobis
309 1035 248 61 saluator
495 1035 268 61 Christus,
702 1035 145 61 qui
784 1035 248 61 apostolo
970 1035 186 61 teste
1094 1035 310 61 sacerdotium
1342 1035 186 61 habet
1466 1035 165 61 quod
1548 1035 186 61 succes-

61 1077 194 68 sione
191 1077 129 68 ad
255 1077 237 68 neminem
428 1077 258 68 transire
621 1077 237 68 potest.
794 1077 194 68 Aaron
923 1077 194 68 porro
1052 1077 129 68 de
1117 1077 172 68 suis
1224 1077 301 68 accipiebat
1461 1077 258 68 iuuencum
1633 1077 108 68 ex-

77 1141 276 68 piatorium
289 1141 106 68 &
332 1141 234 68 arietem
501 1141 149 68 pro
586 1141 319 68 holocausto,
841 1141 106 68 a
884 1141 212 68 populo
1032 1141 191 68 autem
1160 1141 170 68 duos
1266 1141 234 68 hircos.
1436 1141 234 68 Proinde
1584 1141 149 68 Chri-

64 1198 168 67 stus
169 1198 231 67 dominus
337 1198 210 67 noster
484 1198 189 67 uerus
610 1198 105 67 &
652 1198 210 67 unicus
799 1198 273 67 ecclesiae
1010 1198 168 67 suae
1115 1198 273 67 sacerdos,
1325 1198 168 67 quod
1430 1198 147 67 pro
1514 1198 189 67 nobis
1619 1198 126 67 obtu

67 1245 155 83 lit,
163 1245 97 83 a
202 1245 174 83 nobis
318 1245 232 83 accepit,
493 1245 290 83 substantiam
725 1245 194 83 carnis
861 1245 213 83 nostre.
1016 1245 213 83 Additur
1170 1245 213 83 interim
1325 1245 213 83 Aaronen
1480 1245 97 83 (
1519 1245 136 83 sub
1596 1245 136 83 quo
1655 1245 77 83 no

69 1309 176 67 mine
179 1309 286 67 quemlibet
399 1309 352 67 intelligimus
685 1309 220 67 summum
839 1309 220 67 populi
993 1309 154 67 dei
1081 1309 330 67 sacerdotem)
1345 1309 396 67 sacrificaturum
1653 1309 88 67 in

59 1356 210 76 duisse
206 1356 252 76 uulgares
394 1356 168 76 siue
499 1356 252 76 communes
688 1356 293 76 sacerdotum
918 1356 231 76 uestes,
1086 1356 147 76 sed
1170 1356 189 76 tamen
1296 1356 231 76 sanctas
1463 1356 126 76 et
1505 1356 231 76 candidas.

66 1408 176 88 Licet
184 1408 157 88 enim
282 1408 216 88 nostram
439 1408 294 88 assumpserit
674 1408 216 88 naturam
831 1408 137 88 dei
910 1408 216 88 filius,
1066 1408 118 88 et
1125 1408 176 88 nobis
1243 1408 216 88 similis
1400 1408 216 88 factus,
1537 1408 196 88 quasique

66 1469 238 74 uulgari
240 1469 260 74 nobiscum
435 1469 195 74 ueste
565 1469 238 74 indutus
738 1469 173 74 sit,
846 1469 238 74 immunis
1020 1469 195 74 tamen
1150 1469 152 74 est
1237 1469 130 74 ab
1302 1469 173 74 omni
1410 1469 325 74 corruptione
1670 1469 108 74 &

73 1527 220 70 macula
227 1527 264 70 peccati.
426 1527 287 70 Principio
646 1527 198 70 autem
778 1527 154 70 pro
866 1527 132 70 se
933 1527 110 70 &
977 1527 154 70 pro
1065 1527 176 70 domo
1175 1527 154 70 sua
1263 1527 264 70 mactabat
1462 1527 198 70 Aaron
1572 1527 154 70 iuuen

68 1586 171 64 cum.
175 1586 150 64 Qua
260 1586 128 64 re
325 1586 300 64 declarabat
560 1586 128 64 se
624 1586 150 64 non
710 1586 171 64 esse
817 1586 193 64 uerum
946 1586 193 64 illum
1074 1586 300 64 pontificem
1310 1586 236 64 summum,
1481 1586 150 64 sed
1567 1586 171 64 eius
1652 1586 86 64 mo

77 1634 129 70 do
141 1634 215 70 typum.
291 1634 215 70 Paulus
442 1634 193 70 enim,
571 1634 215 70 Nostro
721 1634 301 70 pontifici,
957 1634 215 70 inquit
1108 1634 150 70 non
1194 1634 150 70 est
1280 1634 258 70 necesse,
1452 1634 279 70 quemadmodum

67 1691 179 78 illis
186 1691 338 78 pontificibus,
464 1691 179 78 prius
583 1691 139 78 pro
663 1691 238 78 proprijs
842 1691 238 78 peccatis
1020 1691 238 78 uictimas
1199 1691 238 78 offerre,
1378 1691 199 78 deinde
1517 1691 139 78 pro
1576 1691 159 78 pecca-

60 1759 145 61 tis
143 1759 228 61 populi.
309 1759 145 61 Nam
392 1759 124 61 id
454 1759 187 61 fecit
578 1759 187 61 semel
703 1759 145 61 cum
786 1759 290 61 semetipsum
1014 1759 249 61 obtulit.
1200 1759 207 61 Postea
1345 1759 311 61 sortiebatur
1594 1759 187 61 Aaron

64 1812 123 59 ad
126 1812 206 59 ostium
270 1812 247 59 tentorij
455 1812 185 59 inter
578 1812 164 59 duos
681 1812 226 59 hircos,
845 1812 164 59 uter
948 1812 288 59 mactaretur
1174 1812 144 59 uel
1256 1812 329 59 dimitteretur
1524 1812 123 59 in
1565 1812 164 59 deser-

69 1868 184 64 tum.
184 1868 207 64 Hirci
322 1868 161 64 duo
414 1868 345 64 significant
690 1868 276 64 Christum
897 1868 276 64 dominum,
1104 1868 207 64 uerum
1242 1868 184 64 deum
1357 1868 115 64 &
1403 1868 253 64 hominem
1587 1868 138 64 in
1633 1868 92 64 di

70 1915 230 70 uersis,
237 1915 146 70 sed
321 1915 146 70 non
404 1915 292 70 separatis,
634 1915 334 70 consistentem
906 1915 251 70 naturis.
1094 1915 251 70 Mactatur
1282 1915 104 70 &
1323 1915 230 70 moritur
1490 1915 251 70 secundum
1657 1915 84 70 id

66 1981 178 67 quod
177 1981 178 67 mori
288 1981 223 67 potuit
444 1981 111 67 :
489 1981 156 67 non
578 1981 267 67 mactatur
778 1981 156 67 nec
867 1981 245 67 moritur
1045 1981 267 67 secundum
1245 1981 356 67 diuinitatem.
1535 1981 178 67 Vnus
1624 1981 111 67 ta-

67 2036 154 73 men
155 2036 110 73 &
199 2036 176 73 idem
309 2036 285 73 indiuisus
528 2036 264 73 Christus
726 2036 285 73 redemptor
945 2036 154 73 est
1033 2036 220 73 mundi,
1187 2036 110 73 &
1231 2036 264 73 perficit
1407 2036 329 73 redemptionem,

67 2083 145 76 Sic
150 2083 104 76 &
192 2083 228 76 uterque
358 2083 207 76 hircus
503 2083 249 76 mysterio
689 2083 332 76 adhibebatur.
959 2083 124 76 Et
1021 2083 228 76 quoniam
1187 2083 228 76 dominus
1353 2083 249 76 temperat
1539 2083 228 76 sortes,

62 2147 177 61 teste
180 2147 256 61 Solomone,
377 2147 138 61 non
455 2147 157 61 sine
554 2147 256 61 uoluntate
750 2147 197 61 patris
888 2147 314 61 sacrificatus
1143 2147 138 61 est
1222 2147 216 61 filius.
1379 2147 138 61 Iam
1458 2147 157 61 uero
1536 2147 197 61 pontifex

70 2202 231 67 primum
232 2202 231 67 quidem
393 2202 254 67 iuuenci
578 2202 323 67 sanguinem,
832 2202 231 67 deinde
993 2202 115 67 &
1039 2202 208 67 hirci
1178 2202 254 67 mactati
1363 2202 277 67 cruorem,
1570 2202 115 67 &
1617 2202 162 67 cum

59 2258 159 63 his
150 2258 317 63 thuribulum
399 2258 317 63 accipiebat
648 2258 113 63 &
693 2258 204 63 intra
829 2258 204 63 uelum
965 2258 408 63 ingrediebatur,
1305 2258 159 63 ubi
1395 2258 272 63 thymiama
1576 2258 159 63 coram

57 2314 366 67 propitiatorio
359 2314 280 67 excitabat
574 2314 194 67 nubis
703 2314 237 67 instar,
875 2314 151 67 sed
961 2314 108 67 &
1004 2314 280 67 sanguinem
1219 2314 258 67 aduersus
1391 2314 344 67 propitiatorium

69 2375 201 63 digito
209 2375 281 63 aspergebat
430 2375 241 63 septies.
611 2375 160 63 Quae
711 2375 261 63 apostolus
911 2375 201 63 Paulus
1052 2375 241 63 exponens
1232 2375 120 63 in
1293 2375 120 63 9.
1353 2375 160 63 cap.
1453 2375 120 63 ad
1513 2375 160 63 Heb.
1594 2375 140 63 dicit

74 2416 254 69 Christum
264 2416 148 69 non
349 2416 148 69 cum
434 2416 233 69 iuuenci
603 2416 148 69 aut
688 2416 212 69 hirci,
836 2416 148 69 sed
921 2416 233 69 proprio
1091 2416 148 69 cum
1175 2416 275 69 sanguine,
1387 2416 148 69 non
1472 2416 127 69 in
1514 2416 212 69 taberna-

68 2478 189 78 culum
194 2478 168 78 manu
299 2478 231 78 factum,
467 2478 147 78 sed
551 2478 126 78 in
614 2478 189 78 ipsum
740 2478 210 78 coelum
887 2478 168 78 esse
991 2478 294 78 ingressum,
1222 2478 231 78 reperta
1390 2478 294 78 expiatione
1621 2478 105 78 &
1642 2478 84 78 re

60 2535 235 56 misione
231 2535 299 56 peccatorum
466 2535 278 56 perpetua.
680 2535 171 56 Ipse
787 2535 171 56 enim
894 2535 150 56 est
979 2535 321 56 propitiatio
1236 2535 235 56 nostra,
1407 2535 150 56 non
1493 2535 150 56 pro
1557 2535 171 56 pecca-

72 2593 138 64 tis
151 2593 216 64 nostris
308 2593 216 64 tantum,
466 2593 138 64 sed
545 2593 177 64 etiam
663 2593 138 64 pro
741 2593 236 64 peccatis
918 2593 197 64 totius
1056 2593 197 64 mundi.
1194 2593 138 64 Huc
1272 2593 275 64 spectarunt
1489 2593 236 64 scilicet
1646 2593 79 64 a-

71 2644 252 66 postoli,
260 2644 231 66 quoties
427 2644 314 66 appellarunt
679 2644 252 66 Christum
868 2644 398 66 propitiationem,
1203 2644 210 66 sicuti
1350 2644 126 66 S.
1413 2644 210 66 Paulus
1559 2644 126 66 ad
1601 2644 126 66 Roma

63 2706 139 61 nos
143 2706 119 61 3.
202 2706 99 61 &
242 2706 119 61 S.
301 2706 238 61 Ioannes,
480 2706 119 61 1.
539 2706 179 61 Ioan.
658 2706 159 61 cap.
758 2706 119 61 2.
817 2706 99 61 &
857 2706 119 61 4.
916 2706 278 61 Significat
1135 2706 179 61 autem
1254 2706 298 61 septenarius
1472 2706 258 61 aspersionis

57 2763 265 67 numerus,
255 2763 331 67 purgationis
520 2763 353 67 plenitudinem
807 2763 110 67 &
851 2763 375 67 perfectionem.
1160 2763 132 67 At
1226 2763 243 67 necesse
1402 2763 154 67 est
1490 2763 243 67 interim
1645 2763 88 67 ut

74 2808 286 64 aspergatur
298 2808 184 64 nobis
421 2808 225 64 digito,
584 2808 143 64 non
666 2808 245 64 hominis,
849 2808 143 64 sed
931 2808 225 64 Christi
1094 2808 184 64 summi
1217 2808 204 64 nostri
1360 2808 306 64 pontificis.
1584 2808 143 64 Cuius

72 2868 225 75 digitus
235 2868 143 75 est
317 2868 245 75 spiritus
500 2868 245 75 sanctus,
684 2868 143 75 per
766 2868 163 75 quem
868 2868 286 75 applicatur
1092 2868 102 75 &
1133 2868 265 75 confertur
1337 2868 184 75 nobis
1460 2868 265 75 purgatio.
1643 2868 82 75 Ac

59 2925 205 87 cedit
196 2925 296 87 praeterea
424 2925 274 87 thymiama
629 2925 160 87 uel
721 2925 274 87 incensum
926 2925 319 87 aromaticum
1177 2925 296 87 contusum.
1405 2925 160 87 Cum
1473 2925 251 87 Iachrymis
