2288 3632
87 313 260 87 filiorum
282 313 238 87 lsrael,
455 313 108 87 &
499 313 195 87 omnes
629 313 411 87 transgressiones
975 313 216 87 eorum,
1127 313 260 87 omniaque
1321 313 238 87 peccata
1495 313 216 87 eorum.
1646 313 130 87 2.
1689 313 87 87 Et

88 383 184 82 feret
210 383 204 82 hircus
353 383 163 82 ille
455 383 184 82 super
578 383 122 82 se
639 383 184 82 omnes
761 383 306 82 iniquitates
1006 383 225 82 illorum
1170 383 122 82 in
1231 383 204 82 terram
1374 383 265 82 desertam.
1578 383 122 82 3.
1639 383 184 82 Eodem

100 437 144 78 die
183 437 289 78 expiabitur
410 437 144 78 pro
492 437 206 78 uobis,
637 437 124 78 ut
699 437 186 78 mundi
822 437 227 78 fiatis,
987 437 103 78 &
1029 437 186 78 mundi
1152 437 186 78 sitis
1276 437 124 78 ab
1338 437 227 78 omnibus
1503 437 248 78 peccatis
1668 437 103 78 ue-

95 484 186 91 stris
219 484 186 91 coram
344 484 228 91 domino.
509 484 124 91 4.
571 484 207 91 Sitque
716 484 186 91 uobis
840 484 145 91 hoc
923 484 248 91 statutum
1109 484 290 91 perpetuum,
1337 484 124 91 ut
1399 484 207 91 expiet
1543 484 207 91 filios
1668 484 103 91 ls-

93 553 179 68 rael
204 553 134 68 ab
272 553 179 68 omni
383 553 246 68 peccato
562 553 201 68 eorum
696 553 201 68 semel
831 553 134 68 in
898 553 201 68 anno.
1032 553 134 68 At
1099 553 179 68 quis
1211 553 179 68 adeo
1323 553 268 68 stupidus
1524 553 112 68 &
1546 553 224 68 plumbeus

97 607 166 81 est,
201 607 124 81 ut
263 607 207 81 credat
408 607 290 81 animantium
636 607 249 81 sanguine
822 607 207 81 abluta
967 607 166 81 esse
1071 607 186 81 omnia
1195 607 207 81 populi
1340 607 249 81 peccata?
1526 607 145 81 Si,
1609 607 207 81 inquit

90 667 272 60 apostolus,
303 667 175 60 semel
420 667 272 60 expiassent
633 667 213 60 peccata
788 667 194 60 plene,
924 667 272 60 desijssent
1138 667 194 60 utique
1273 667 233 60 offerri.
1448 667 136 60 His
1526 667 155 60 ergo
1603 667 175 60 Christi

100 724 240 57 uenturi
275 724 284 57 mysterium
493 724 240 57 omnibus
667 724 327 57 inculcatum,
929 724 109 57 &
973 724 218 57 omnium
1126 724 218 57 oculis
1278 724 196 57 semel
1409 724 131 57 in
1475 724 175 57 anno
1584 724 153 57 est
1649 724 131 57 pro-

91 774 265 74 positum.
290 774 133 74 Ex
356 774 155 74 hac
444 774 177 74 enim
555 774 309 74 caeremonia
798 774 265 74 mutuatus
997 774 155 74 est
1085 774 287 74 zacharias
1306 774 177 74 suum
1417 774 133 74 de
1483 774 243 74 Christo
1637 774 133 74 uati

93 835 218 76 cinium
246 835 131 76 in
311 835 175 76 cap.
421 835 131 76 3.
486 835 153 76 sic
573 835 327 76 propositum,
835 835 131 76 En
901 835 153 76 ego
988 835 218 76 adduco
1141 835 218 76 seruum
1294 835 175 76 meum
1403 835 240 76 germen.
1578 835 131 76 En
1621 835 153 76 lapis

94 887 170 72 quem
200 887 191 72 posui
327 887 170 72 ante
433 887 234 72 losuam,
603 887 191 72 super
731 887 234 72 lapidem
901 887 170 72 unum
1007 887 170 72 sunt
1113 887 212 72 septem
1261 887 191 72 oculi
1389 887 106 72 :
1431 887 127 72 en
1495 887 149 72 ego
1580 887 234 72 sculpam

88 930 308 77 sculpturam
330 930 198 77 eius,
462 930 154 77 ait
551 930 242 77 dominus
727 930 330 77 exercituum:
991 930 110 77 &
1035 930 242 77 auferam
1211 930 330 77 iniquitatem
1476 930 220 77 terrae
1608 930 154 77 huius

94 997 149 83 uno
179 997 171 83 die.
286 997 278 83 Promittit
499 997 235 83 dominus
670 997 256 83 Messiam,
862 997 171 83 quem
969 997 384 83 praefigurarunt
1289 997 320 83 sacerdotes,
1545 997 128 83 in
1588 997 171 83 primis

89 1046 191 79 autem
216 1046 213 79 summus
365 1046 255 79 sacerdos
557 1046 213 79 losue.
706 1046 255 79 Christus
897 1046 149 79 est
982 1046 213 79 lapis,
1131 1046 128 79 in
1195 1046 170 79 quem
1301 1046 213 79 omnium
1450 1046 191 79 oculi
1578 1046 128 79 ut
1641 1046 128 79 in
1684 1046 85 79 u-

89 1112 179 79 nicum
208 1112 278 79 saluatorem
427 1112 159 79 sunt
526 1112 239 79 intenti.
705 1112 219 79 Foditur
864 1112 99 79 &
904 1112 258 79 scalpitur
1103 1112 119 79 is
1163 1112 119 79 in
1222 1112 258 79 passione,
1421 1112 99 79 &
1461 1112 239 79 patiendo
1620 1112 139 79 atque

86 1168 249 59 moriendo
273 1168 207 59 semel,
418 1168 187 59 omnia
542 1168 228 59 peccata
708 1168 207 59 expiat
853 1168 207 59 totius
998 1168 228 59 terrae.
1164 1168 124 59 Ex
1226 1168 145 59 hac
1309 1168 290 59 caeremonia
1537 1168 104 59 &
1578 1168 145 59 hoc
1641 1168 124 59 scri

81 1226 203 73 pturae
223 1226 162 73 loco
324 1226 244 73 mutuauit
507 1226 122 73 S.
568 1226 223 73 Christi
730 1226 264 73 apostolus
934 1226 203 73 Paulus
1076 1226 122 73 in
1137 1226 203 73 Epist.
1279 1226 122 73 ad
1340 1226 183 73 Hebr,
1461 1226 183 73 totam
1583 1226 162 73 fere
1664 1226 102 73 di-

82 1279 321 80 sputationem
338 1279 171 80 suam
445 1279 128 80 de
510 1279 300 80 sacrificio
745 1279 235 80 Christi
916 1279 193 80 semel
1044 1279 257 80 duntaxat
1237 1279 150 80 pro
1323 1279 257 80 peccatis
1515 1279 214 80 totius
1644 1279 128 80 mun-

89 1333 118 69 di
148 1333 217 69 oblato:
306 1333 118 69 in
365 1333 138 69 qua
444 1333 197 69 toties
582 1333 118 69 ex
641 1333 177 69 lege,
759 1333 158 69 suum
858 1333 177 69 illud
976 1333 177 69 Semel
1074 1333 217 69 inculcat.

182 1376 187 87 Porro
307 1376 187 87 alios
432 1376 312 87 constituere
682 1376 312 87 sacerdotes,
932 1376 187 87 aliud
1057 1376 229 87 tempus,
1224 1376 104 87 &
1265 1376 187 87 aliam
1390 1376 250 87 rationem
1557 1376 208 87 sacrifi-

86 1447 186 68 candi
211 1447 145 68 pro
293 1447 269 68 peccatis,
501 1447 145 68 est
583 1447 228 68 calcare
749 1447 228 68 diuinam
915 1447 104 68 &
956 1447 311 68 clarissimam
1205 1447 166 68 hanc
1308 1447 290 68 ueritatem.
1536 1447 145 68 Est
1619 1447 186 68 autem

87 1492 169 73 haec
193 1492 254 73 doctrina
383 1492 127 73 de
447 1492 191 73 unica
574 1492 233 73 Christi
743 1492 212 73 hostia
892 1492 169 73 uera
998 1492 106 73 &
1040 1492 233 73 antiqua
1209 1492 106 73 &
1252 1492 275 73 orthodoxa
1463 1492 106 73 &
1485 1492 275 73 irrefragabi

85 1548 145 84 lis
168 1548 311 84 perpetuaque
417 1548 249 84 doctrina
603 1548 104 84 :
645 1548 145 84 per
727 1548 166 84 quam
831 1548 269 84 saluantur
1038 1548 249 84 quotquot
1224 1548 290 84 saluantur,
1452 1548 104 84 &
1494 1548 228 84 saluati
1639 1548 124 84 sunt

83 1617 149 69 per
168 1617 212 69 eandem
316 1617 255 69 quotquot
507 1617 234 69 saluati
677 1617 170 69 sunt
783 1617 127 69 ab
847 1617 170 69 ipso
953 1617 191 69 mundi
1081 1617 255 69 exordio.
1272 1617 191 69 Huius
1399 1617 276 69 doctrinae
1590 1617 170 69 hostes

93 1676 280 72 appellauit
313 1676 180 72 legis
433 1676 320 72 peritissimus
692 1676 220 72 Christi
852 1676 100 72 &
892 1676 220 72 gentium
1052 1676 200 72 apost.
1192 1676 200 72 Paulus
1332 1676 240 72 stultos,
1511 1676 280 72 imperitos,

90 1728 235 58 amentes,
267 1728 235 58 insanos,
443 1728 294 58 instabiles,
678 1728 176 58 leues
795 1728 98 58 &
834 1728 196 58 cuiuis
971 1728 254 58 expositos
1167 1728 196 58 uento,
1304 1728 215 58 impios,
1460 1728 274 58 apostatas,
1656 1728 98 58 qui

88 1779 290 78 defecerunt
316 1779 104 78 a
357 1779 248 78 Christo,
544 1779 331 78 pseudologos,
813 1779 414 78 pseudoprophetas,
1165 1779 393 78 pseudapostolos,
1496 1779 311 78 seductores,

86 1835 332 70 conscissores,
360 1835 196 70 canes,
497 1835 332 70 incantatores,
771 1835 274 70 ueneficos,
986 1835 98 70 &
1025 1835 274 70 anathemate
1240 1835 293 70 implicitos,
1475 1835 293 70 execrabiles
1690 1835 78 70 et

87 1892 297 61 maledictos.
325 1892 218 61 Proinde
484 1892 119 61 si
543 1892 218 61 angelus
702 1892 99 61 e
741 1892 198 61 coelis
880 1892 178 61 aliud
999 1892 139 61 nos
1078 1892 258 61 docuerit,
1277 1892 139 61 sit
1356 1892 178 61 nobis
1455 1892 218 61 anathema.

165 1937 129 73 Id
230 1937 194 73 tamen
359 1937 216 73 minime
510 1937 388 73 praetereundum,
834 1937 129 73 ab
899 1937 280 73 hominibus
1114 1937 129 73 in
1179 1937 345 73 anniuersaria
1459 1937 172 73 illa
1545 1937 216 73 expiatio

78 1998 131 77 ne
144 1998 241 77 requiri
319 1998 219 77 primum
472 1998 219 77 quidem
625 1998 306 77 peccatorum
866 1998 350 77 confessionem
1150 1998 109 77 :
1194 1998 219 77 deinde
1347 1998 350 77 afflictionem
1632 1998 175 77 ani

92 2061 228 63 marum,
251 2061 250 63 dolorem
434 2061 228 63 inquam
593 2061 250 63 serium,
775 2061 137 63 ex
843 2061 296 63 agnitione
1071 2061 250 63 peccati
1253 2061 319 63 conceptum:
1503 2061 114 63 &
1526 2061 228 63 postremo

86 2109 268 81 sabbatum,
293 2109 144 81 non
375 2109 206 81 utique
520 2109 186 81 otium
643 2109 227 81 ignauum
808 2109 103 81 a
850 2109 227 81 studijs
1015 2109 268 81 honestis,
1221 2109 144 81 sed
1303 2109 227 81 quietem
1468 2109 124 81 in
1530 2109 165 81 fide
1613 2109 144 81 Chri-

90 2163 155 86 sti,
186 2163 97 86 &
225 2163 290 86 cessationem
457 2163 97 86 a
495 2163 290 86 sceleribus.
727 2163 135 86 Qui
804 2163 135 86 ita
882 2163 155 86 sese
978 2163 174 86 parat
1094 2163 116 86 in
1152 2163 174 86 festo
1268 2163 367 86 propitiationis,
1577 2163 212 86 nimirum

83 2221 125 72 in
146 2221 230 72 tempore
313 2221 376 72 praedicationis
626 2221 230 72 gratiae
793 2221 167 72 dei,
898 2221 146 72 per
981 2221 272 72 Christum,
1190 2221 313 72 proculdubio
1441 2221 251 72 purgatur
1608 2221 146 72 plene

77 2283 146 78 per
161 2283 167 78 hanc
265 2283 250 78 uictimam
453 2283 209 78 unicam
599 2283 250 78 Christi.
787 2283 125 78 De
849 2283 146 78 qua
933 2283 188 78 paulo
1058 2283 209 78 fusius
1204 2283 146 78 non
1288 2283 167 78 sine
1392 2283 230 78 ratione
1538 2283 209 78 disserui

86 2337 259 65 hucusque.
285 2337 139 65 Nam
365 2337 159 65 unus
465 2337 139 65 hic
544 2337 179 65 locus
664 2337 100 65 &
704 2337 199 65 multos
843 2337 179 65 alios
963 2337 279 65 scripturae
1182 2337 179 65 locos
1302 2337 239 65 mirifice
1481 2337 279 65 illustrat,
1700 2337 100 65 &

84 2394 264 77 mysterium
287 2394 325 77 redemptionis
551 2394 284 77 Christique
774 2394 325 77 redemptoris,
1038 2394 142 77 ita
1119 2394 203 77 clare,
1262 2394 122 77 ut
1323 2394 142 77 uix
1404 2394 203 77 alius,
1546 2394 244 77 exponit,

77 2448 224 77 exornat
240 2448 184 77 atque
362 2448 265 77 commendat
566 2448 102 77 :
607 2448 265 77 praeterea
811 2448 184 77 docet
934 2448 143 77 nos
1015 2448 306 77 intelligere
1260 2448 224 77 Christi
1423 2448 204 77 domini
1566 2448 122 77 in
1607 2448 143 77 euan-

83 2502 177 83 gelio
202 2502 217 83 Ioannis
359 2502 197 83 uerba,
497 2502 256 83 dicentis.
694 2502 138 83 Est
773 2502 138 83 qui
852 2502 217 83 accusat
1010 2502 138 83 uos
1089 2502 197 83 Moses,
1227 2502 118 83 in
1286 2502 138 83 quo
1365 2502 138 83 uos
1444 2502 256 83 speratis.
1641 2502 118 83 Si
1680 2502 79 83 e-

90 2564 135 68 nim
167 2564 329 68 credidissetis
438 2564 174 68 Mosi,
554 2564 329 68 credidissetis
825 2564 193 68 utique
960 2564 155 68 mihi
1057 2564 116 68 De
1115 2564 116 68 me
1173 2564 155 68 enim
1270 2564 155 68 ille
1347 2564 213 68 scripsit.

152 2610 198 87 Porro
284 2610 373 87 propitiatorio
591 2610 307 87 sacrificio
833 2610 110 87 &
877 2610 198 87 alijs
1008 2610 351 87 piacularibus
1294 2610 220 87 merito
1448 2610 329 87 annumeramus
1711 2610 110 87 &

87 2652 305 100 sacrificium
331 2652 204 100 Vaccae
473 2652 204 100 ruses,
616 2652 224 100 adeoque
779 2652 183 100 ipsam
901 2652 326 100 lustrationem
1165 2652 163 100 siue
1267 2652 183 100 aquam
1389 2652 285 100 lustralem,
1593 2652 183 100 institu

88 2721 146 74 tam
172 2721 209 74 contra
318 2721 188 74 omnis
444 2721 230 74 generis
611 2721 335 74 pollutiones.
883 2721 188 74 Erant
1008 2721 167 74 enim
1113 2721 314 74 pollutionis
1364 2721 209 74 uariae
1510 2721 251 74 species.
1677 2721 84 74 De

86 2795 201 67 quibus
227 2795 121 67 in
287 2795 161 67 lege
387 2795 281 67 disseritur
608 2795 241 67 copiose,
789 2795 261 67 ijsdemque
990 2795 261 67 exhibetur
1191 2795 181 67 nobis
1311 2795 181 67 typus
1432 2795 221 67 impurae
1572 2795 181 67 nostrae

95 2848 254 55 naturae,
286 2848 106 55 &
328 2848 297 55 peccatorum
561 2848 297 55 nostrorum.
795 2848 318 55 Describitur
1049 2848 191 55 autem
1176 2848 127 55 in
1240 2848 170 55 lege
1346 2848 212 55 Numeri
1495 2848 148 55 19.
1579 2848 212 55 primum

83 2900 283 75 caeremonia
305 2900 161 75 ipsa
406 2900 161 75 siue
507 2900 182 75 ritus
628 2900 202 75 sacer,
769 2900 343 75 ostenditurque
1052 2900 222 75 quomodo
1213 2900 222 75 paranda
1375 2900 141 75 sit
1455 2900 161 75 aqua
1536 2900 222 75 lustralis

86 2956 208 81 contra
232 2956 187 81 omnes
357 2956 333 81 pollutiones.
627 2956 208 81 Deinde
773 2956 229 81 eiusdem
939 2956 166 81 usus
1043 2956 187 81 atque
1168 2956 250 81 effectus
1356 2956 312 81 subijcitur.
1585 2956 166 81 Adduce
