2288 3632
489 311 195 106 batur
619 311 130 106 ad
684 311 303 106 sacerdotem
923 311 282 106 Eleazarum
1139 311 195 106 uacca
1269 311 195 106 rufa,
1399 311 195 106 eaque
1529 311 173 106 sine
1637 311 238 106 macula,
1811 311 108 106 &
1854 311 173 106 quae
1962 311 195 106 iugum
2071 311 108 106 nun

512 380 172 103 quam
620 380 280 103 subierat,
835 380 129 103 ea
900 380 258 103 protinus
1093 380 301 103 educebatur
1330 380 194 103 extra
1459 380 215 103 castra
1610 380 108 103 &
1653 380 323 103 mactabatur.
1911 380 215 103 Partem
2040 380 129 103 san-

509 451 203 84 guinis
651 451 284 84 excipiebat
873 451 263 84 sacerdos,
1076 451 122 84 ac
1137 451 203 84 digito
1279 451 142 84 suo
1360 451 223 84 septies
1522 451 284 84 aspergebat
1745 451 203 84 contra
1886 451 263 84 tentorium
2069 451 101 84 con

515 494 304 84 stitutionis.
762 494 133 84 Sed
838 494 190 84 uaccam
971 494 171 84 ipsam
1085 494 190 84 totam,
1218 494 133 84 ita
1294 494 114 84 ut
1351 494 171 84 nihil
1464 494 190 84 fieret
1597 494 114 84 ex
1654 494 114 84 ea
1711 494 228 84 reliqui,
1882 494 228 84 cobussit
2034 494 133 84 igne-

514 549 131 89 in
580 549 175 89 quem
689 549 197 89 etiam
821 549 241 89 iniecit
996 549 219 89 lignum
1149 549 285 89 cedrinum,
1368 549 241 89 hysopum
1543 549 109 89 &
1587 549 241 89 coccum.
1762 549 153 89 Hic
1850 549 131 89 se
1915 549 241 89 eluebat
2069 549 109 89 sa-

517 606 205 85 cerdos
660 606 184 85 aqua,
782 606 286 85 succedebat
1007 606 143 85 uir
1089 606 225 85 mundus,
1253 606 143 85 qui
1335 606 225 85 cinerem
1498 606 286 85 colligens,
1723 606 245 85 deposuit
1907 606 123 85 in
1969 606 184 85 locum
2071 606 102 85 san

521 668 189 79 ctum.
647 668 168 79 Ergo
752 668 231 79 quoties
919 668 168 79 usus
1024 668 293 79 postularet
1255 668 293 79 ponebantur
1485 668 231 79 cineres
1653 668 126 79 in
1716 668 147 79 uas
1800 668 293 79 testaceum,
2009 668 168 79 affun-

515 719 218 86 debatur
673 719 158 86 aqua
772 719 178 86 uiua,
891 719 99 86 &
931 719 138 86 ita
1010 719 257 86 parabatur
1208 719 158 86 aqua
1307 719 277 86 lustralis,
1524 719 158 86 quam
1623 719 237 86 pollutis
1801 719 297 86 aspergebant
2019 719 158 86 asper-

524 772 177 115 gillo
642 772 255 115 hysopino.
838 772 157 115 Haec
937 772 157 115 erat
1035 772 314 115 lustrationis
1290 772 294 115 caeremonia,
1525 772 98 115 &
1565 772 137 115 hic
1643 772 177 115 finis
1761 772 98 115 &
1800 772 157 115 usus
1898 772 314 115 caeremoniae.

586 829 181 90 Porro
707 829 363 90 euidentissimum
1009 829 161 90 haec
1110 829 222 90 Christi
1271 829 181 90 typum
1392 829 181 90 nobis
1513 829 262 90 exhibere,
1714 829 202 90 testis
1856 829 141 90 est
1936 829 282 90 apostolus,

516 888 143 87 qui
597 888 122 87 ad
658 888 184 87 Hebr.
781 888 122 87 9.
842 888 163 87 cap.
944 888 204 87 dixit,
1087 888 122 87 Si
1148 888 184 87 cinis
1270 888 245 87 iuuencae
1454 888 245 87 aspersus
1637 888 143 87 eos
1719 888 143 87 qui
1800 888 306 87 communicant
2025 888 163 87 sancti

510 955 188 72 ficat
635 955 125 72 ad
698 955 209 72 carnis
844 955 292 72 puritatem,
1074 955 209 72 quanto
1220 955 188 72 magis
1346 955 230 72 sanguis
1513 955 251 72 Christi?
1701 955 167 72 Ergo
1805 955 104 72 &
1847 955 251 72 sacerdos
2035 955 104 72 &
2056 955 125 72 uac-

509 996 124 105 ca
571 996 186 105 typum
695 996 289 105 praetulere
922 996 268 105 Christi,.
1128 996 186 105 Sexus
1252 996 330 105 infirmitatem
1520 996 227 105 denotat
1685 996 227 105 naturae
1850 996 227 105 humanae
2015 996 103 105 :
2036 996 144 105 rufus

518 1063 194 75 color
648 1063 237 75 admonet
820 1063 280 75 sanguinis
1035 1063 237 75 domini,
1208 1063 151 75 per
1294 1063 172 75 quem
1402 1063 215 75 abluti
1552 1063 215 75 sumus.
1703 1063 194 75 Nulla
1832 1063 172 75 uero
1940 1063 215 75 macula
2069 1063 108 75 re-

525 1112 186 98 perta
649 1112 145 98 est
732 1112 124 98 in
794 1112 248 98 Christo:
981 1112 207 98 quippe
1125 1112 145 98 qui
1208 1112 166 98 erat
1312 1112 228 98 sanctus
1477 1112 290 98 sanctorum,
1705 1112 228 98 immunis
1871 1112 228 98 prorsus
2036 1112 124 98 ab
2078 1112 103 98 om-

518 1167 125 93 ni
581 1167 249 93 peccato.
767 1167 145 93 Nec
851 1167 166 93 ulla
954 1167 166 93 fuit
1058 1167 228 93 adactus
1224 1167 312 93 necessitate
1474 1167 125 93 ad
1536 1167 228 93 mortem.
1702 1167 145 93 Nam
1785 1167 145 93 sua
1868 1167 208 93 sponte
2014 1167 166 93 sese
2097 1167 83 93 ob

521 1226 198 85 tulit.
660 1226 119 85 Et
719 1226 218 85 obtulit
877 1226 198 85 quidem
1016 1226 178 85 extra
1134 1226 198 85 castra
1273 1226 158 85 siue
1372 1226 198 85 moenia
1510 1226 119 85 in
1570 1226 178 85 monte
1688 1226 277 85 Caluariae.
1906 1226 119 85 Id
1965 1226 158 85 quod
2064 1226 99 85 &
2084 1226 99 85 Pau

526 1282 142 82 lus
607 1282 224 82 attigit
770 1282 122 82 ad
831 1282 183 82 Hebr.
953 1282 163 82 cap.
1054 1282 142 82 13.
1136 1282 183 82 Totus
1258 1282 183 82 autem
1380 1282 244 82 Christus
1563 1282 163 82 deus
1665 1282 122 82 et
1726 1282 183 82 homo,
1848 1282 224 82 corpore
2010 1282 102 82 &
2031 1282 142 82 anima

528 1340 209 78 oblatus
680 1340 152 78 est.
775 1340 171 78 Cuius
889 1340 209 78 sanguis
1041 1340 133 78 fit
1117 1340 171 78 nobis
1231 1340 266 78 salutaris,
1440 1340 114 78 si
1497 1340 209 78 spiritu
1649 1340 190 78 sancto
1782 1340 266 78 aspergatur
1991 1340 190 78 animis
2105 1340 76 78 no

525 1390 200 84 stris.
665 1390 180 84 Simul
785 1390 180 84 autem
904 1390 100 84 &
944 1390 220 84 fideles
1104 1390 140 84 cum
1184 1390 220 84 Christo
1344 1390 160 84 mori
1443 1390 240 84 oportet,
1623 1390 279 84 humiliari,
1843 1390 200 84 ardere
1982 1390 180 84 amore
2082 1390 100 84 di-

520 1454 170 74 uino
626 1454 106 74 &
669 1454 255 74 extolli:
860 1454 170 74 ergo
966 1454 128 74 in
1030 1454 213 74 eundem
1179 1454 191 74 ignem
1306 1454 361 74 inijciebantur
1604 1454 255 74 cedrinum
1795 1454 234 74 lignum,
1965 1454 255 74 hysopus,

522 1502 102 98 &
562 1502 225 98 coccum.
726 1502 143 98 lam
808 1502 102 98 &
849 1502 225 98 Cineres
1013 1502 123 98 ex
1074 1502 286 98 sacrificio
1299 1502 246 98 confecti
1483 1502 307 98 colliguntur
1729 1502 123 98 ad
1790 1502 368 98 purificationem
2077 1502 102 98 seu

514 1558 368 81 emundationem.
817 1558 238 81 Cineres
990 1558 195 81 autem
1120 1558 195 81 aliud
1249 1558 151 81 non
1336 1558 173 81 sunt
1444 1558 173 81 quam
1552 1558 259 81 effectus
1747 1558 216 81 mortis
1898 1558 108 81 &
1920 1558 259 81 sacrificij

521 1609 244 91 Christi,
704 1609 163 91 ipsa
805 1609 203 91 inquam
948 1609 305 91 purificatio
1192 1609 163 91 siue
1294 1609 285 91 peccatorum
1518 1609 264 91 remissio.
1721 1609 163 91 Ideo
1823 1609 163 91 enim
1925 1609 122 91 ex
1965 1609 224 91 morientis

521 1668 102 81 &
561 1668 143 81 iam
643 1668 246 81 extincti
828 1668 225 81 Christi
992 1668 205 81 latere
1135 1668 225 81 aperto,
1299 1668 266 81 ebulliens
1504 1668 328 81 effundebatur
1770 1668 184 81 larga
1893 1668 164 81 aqua
1996 1668 102 81 &
2016 1668 164 81 sangui

520 1726 149 82 nis
605 1726 213 82 copia,
754 1726 128 82 ut
818 1726 298 82 disceremus
1052 1726 128 82 ex
1116 1726 192 82 morte
1244 1726 234 82 Christi
1415 1726 234 82 emanare
1585 1726 192 82 nobis
1713 1726 320 82 purgationem
1969 1726 107 82 &
2012 1726 213 82 uitam.

510 1779 148 82 Nam
595 1779 127 82 in
658 1779 254 82 sanguine
849 1779 170 82 uita
955 1779 170 82 est,
1061 1779 127 82 in
1125 1779 170 82 aqua
1231 1779 318 82 expurgatio.
1485 1779 254 82 Caeterum
1676 1779 233 82 cineres
1846 1779 297 82 colligebat
2058 1779 127 82 homo

515 1851 243 73 mundus,
691 1851 154 73 qui
780 1851 199 73 tamen
912 1851 265 73 immundus
1111 1851 243 73 manebat
1287 1851 132 73 ad
1353 1851 265 73 uesperam
1552 1851 221 73 usque.
1707 1851 177 73 Aqua
1817 1851 243 73 denique
1971 1851 221 73 pollutis

512 1891 126 84 ad
575 1891 421 84 sanctificationem
933 1891 337 84 aspergebatur
1207 1891 295 84 aspergillo
1439 1891 274 84 hysopino.
1649 1891 169 84 Quid
1755 1891 169 84 quod
1860 1891 126 84 in
1923 1891 169 84 loco
2007 1891 169 84 sancto

516 1947 171 102 haec
623 1947 171 102 erat
730 1947 300 102 collocata?
965 1947 150 102 Nam
1051 1947 235 102 canibus
1222 1947 107 102 &
1265 1947 214 102 porcis
1415 1947 300 102 margaritae
1650 1947 107 102 &
1693 1947 235 102 sanctum
1864 1947 214 102 minime
2014 1947 150 102 est
2078 1947 107 102 obi

513 2000 251 84 ciendum,
701 2000 251 84 Requirit
890 2000 167 84 item
995 2000 230 84 dominus
1162 2000 377 84 praedicatores,
1476 2000 147 84 qui
1560 2000 251 84 effectum
1748 2000 272 84 passionis
1958 2000 230 84 Christi
2104 2000 84 84 do

518 2059 216 88 ceant,
669 2059 108 88 &
713 2059 280 88 euangelij
928 2059 216 88 (coram
1079 2059 216 88 mundo)
1230 2059 280 88 contempta
1446 2059 280 88 humilique
1661 2059 367 88 praedicatione
1942 2059 237 88 redemptio

512 2120 145 81 nem
595 2120 104 81 &
637 2120 415 81 sanctificationem
989 2120 124 81 in
1052 2120 187 81 morte
1176 2120 104 81 &
1218 2120 249 81 sanguine
1404 2120 228 81 Christi
1570 2120 311 81 annuncient:
1819 2120 270 81 requirit,
2006 2120 166 81 inquam

519 2173 244 83 doctores
702 2173 224 83 sanctos
865 2173 102 83 &
905 2173 224 83 fideles
1068 2173 305 83 sanguineque
1312 2173 224 83 Christi
1475 2173 264 83 mundatos.
1678 2173 163 83 llli
1780 2173 224 83 interim
1943 2173 142 83 cum
2024 2173 163 83 tota
2106 2173 81 83 ec

526 2232 205 95 clesia
670 2232 123 95 ad
732 2232 185 95 finem
855 2232 185 95 usque
978 2232 185 95 uitae
1101 2232 205 95 orant,
1244 2232 226 95 Remitte
1409 2232 185 95 nobis
1532 2232 205 95 debita
1675 2232 226 95 nostra.
1839 2232 144 95 Nam
1921 2232 103 95 &
1962 2232 226 95 dominus
2106 2232 82 95 di

515 2281 159 85 xit.
614 2281 139 85 Qui
694 2281 179 85 lotus
813 2281 159 85 est,
912 2281 198 85 mundus
1051 2281 159 85 est,
1150 2281 139 85 nec
1230 2281 159 85 opus
1329 2281 198 85 habet,
1468 2281 159 85 nisi
1567 2281 119 85 ut
1626 2281 179 85 pedes
1745 2281 198 85 lauet.
1884 2281 139 85 Huc
1964 2281 238 85 pertinet
2122 2281 60 85 &

516 2351 247 72 frequens
702 2351 123 72 in
763 2351 144 72 hac
845 2351 288 72 caeremonia
1072 2351 247 72 ablutio,
1257 2351 308 72 significans
1503 2351 103 72 &
1545 2351 206 72 gratia
1689 2351 144 72 dei
1771 2351 185 72 omnia
1894 2351 226 72 peccata
2038 2351 144 72 purga

519 2395 141 82 ri,
599 2395 100 82 &
639 2395 221 82 sanctos
800 2395 241 82 perpetuo
981 2395 281 82 inuigilare
1201 2395 201 82 sancta
1342 2395 161 82 cura
1442 2395 201 82 contra
1583 2395 241 82 peccata,
1763 2395 181 82 eaque
1884 2395 141 82 non
1964 2395 161 82 alia
2065 2395 161 82 quam

510 2452 232 97 gratiae
679 2452 232 97 Christi
848 2452 169 97 aqua
954 2452 254 97 abluere.
1144 2452 380 97 Diligentissime
1461 2452 190 97 autem
1587 2452 127 97 in
1651 2452 169 97 lege
1756 2452 317 97 inculcatur,
1989 2452 190 97 impuros

512 2504 224 92 manere
669 2504 202 92 omnes
803 2504 269 92 quotquot
1005 2504 336 92 coinquinati
1274 2504 157 92 hac
1364 2504 179 92 aqua
1476 2504 269 92 lustrali
1678 2504 157 92 non
1768 2504 359 92 repurgantur.
2037 2504 157 92 Dixit

520 2561 179 89 enim
632 2561 246 89 dominus
811 2561 224 89 Petro,
968 2561 179 89 Nisi
1080 2561 157 89 ego
1169 2561 134 89 te
1236 2561 246 89 lauero,
1415 2561 157 89 non
1505 2561 246 89 habebis
1684 2561 224 89 partem
1841 2561 224 89 mecum.
1998 2561 157 89 Non
2065 2561 112 89 om-

524 2618 141 89 nia
604 2618 100 89 &
644 2618 221 89 singula
805 2618 181 89 huius
926 2618 322 89 caeremoniae,
1187 2618 141 89 sed
1268 2618 261 89 potissima
1469 2618 141 89 sic
1549 2618 181 89 uolui
1670 2618 342 89 perstringere.
1951 2618 181 89 Pergo
2051 2618 121 89 ergo

526 2695 131 66 iam
601 2695 113 66 ad
639 2695 131 66 alia.

593 2719 148 93 His
677 2719 338 93 piacularibus
952 2719 233 93 adiungi
1122 2719 233 93 possunt
1291 2719 317 93 Sacrificia,
1545 2719 211 93 quibus
1693 2719 275 93 corporeae
1883 2719 296 93 contaminatio

533 2787 165 85 nes,
636 2787 288 85 peccatorum
863 2787 206 85 uarias
1007 2787 391 85 coinquinationes
1336 2787 391 85 praefigurantes,
1665 2787 370 85 purificabantur
1974 2787 144 85 uel
2036 2787 144 85 expia

530 2843 224 85 bantur,
693 2843 204 85 quales
835 2843 183 85 erant
957 2843 305 85 pollutiones
1202 2843 244 85 seminis,
1385 2843 163 85 esus
1487 2843 122 85 et
1548 2843 204 85 tactus
1690 2843 305 85 immundorum,
1935 2843 163 85 item
2016 2843 163 85 lepre,

523 2914 98 66 &
563 2914 275 66 puerperae.
779 2914 118 66 De
837 2914 196 66 quibus
975 2914 157 66 fuse
1073 2914 196 66 agitur
1210 2914 98 66 a
1250 2914 157 66 Mose
1348 2914 98 66 a
1387 2914 137 66 12.
1465 2914 157 66 cap.
1564 2914 196 66 Leuit,
1701 2914 177 66 usque
1819 2914 118 66 ad
1878 2914 157 66 cap.
1976 2914 137 66 16.
2035 2914 137 66 Neque

505 2954 191 105 aliud
632 2954 191 105 istis
760 2954 234 105 omnibus
930 2954 276 105 ecclesiae
1142 2954 149 105 dei
1227 2954 298 105 propositum
1461 2954 170 105 est,
1568 2954 170 105 quam
1674 2954 213 105 nostra
1823 2954 276 105 corruptio
2014 2954 170 105 natiua
