2288 3632
33 318 176 73 tur,
143 318 132 73 in
209 318 221 73 quibus
364 318 176 73 boni
474 318 176 73 uiri
584 318 265 73 officium
783 318 419 73 comprehenditur.
1136 318 132 73 Si
1202 318 176 73 enim
1312 318 243 73 uolumus
1488 318 198 73 munda
1599 318 132 73 esse

38 384 270 69 animalia,
246 384 104 69 &
287 384 249 69 diuidere
474 384 228 69 ungulam
640 384 104 69 &
681 384 249 69 ruminare
868 384 249 69 oportet.
1054 384 145 69 Pes
1137 384 187 69 animi
1262 384 249 69 affectus
1448 384 166 69 est,
1552 384 145 69 qui
1614 384 104 69 mi-

35 446 173 57 nime
144 446 282 57 sequendus
360 446 173 57 est,
469 446 282 57 discretio
685 446 238 57 habenda
859 446 130 57 in
923 446 217 57 rebus,
1075 446 108 57 &
1118 446 325 57 quemadmodum
1378 446 130 57 in
1443 446 238 57 fissura
1595 446 130 57 sunt

46 500 202 71 partes
187 500 162 71 duae
288 500 202 71 dextra
430 500 101 71 &
470 500 263 71 sinistra,
672 500 141 71 ita
753 500 141 71 uir
834 500 182 71 bonus
955 500 182 71 bonum
1076 500 222 71 eligit,
1238 500 182 71 fugit
1359 500 303 71 contrarium,
1582 500 141 71 Rumi-

46 548 193 67 natio
174 548 258 67 iudicium
368 548 172 67 est.
475 548 150 67 Non
561 548 172 67 enim
668 548 258 67 quelibet
861 548 301 67 admittenda
1097 548 172 67 sunt
1205 548 172 67 quae
1312 548 236 67 uidemus
1484 548 107 67 &
1505 548 215 67 audimus,

40 615 153 60 sed
128 615 132 60 ea
194 615 263 60 duntaxat
391 615 175 60 quae
500 615 285 60 diligenti
720 615 241 60 examine
895 615 329 60 expendimus,
1158 615 438 60 deprehendimusque
1531 615 153 60 deo
1618 615 110 60 &
1640 615 88 60 le

45 671 131 64 gi
111 671 175 64 eius
220 671 153 64 non
307 671 306 64 aduersari.
547 671 349 64 Subiunguntur
831 671 218 64 deinde
984 671 262 64 animalia
1180 671 196 64 multa
1311 671 262 64 catalogo
1508 671 196 64 certo
1617 671 109 64 per

40 718 255 69 species,
231 718 213 69 quibus
380 718 277 69 illicitum
593 718 170 69 erat
699 718 191 69 uesci
827 718 213 69 populo
976 718 234 69 domini.
1146 718 170 69 Haec
1252 718 191 69 erant
1380 718 149 69 uel
1444 718 277 69 quadrupedia

39 780 296 65 terrestria,
276 780 138 65 uel
355 780 276 65 aquatilia,
571 780 138 65 uel
650 780 256 65 uolucria,
847 780 138 65 uel
926 780 256 65 reptilia.
1123 780 296 65 Quadrupedia
1359 780 256 65 animantia
1537 780 177 65 quatuor

31 825 277 74 nominatim
243 825 340 74 prohibentur,
520 825 234 74 Camelus
690 825 149 74 qui
775 825 149 74 est
860 825 191 74 elata
988 825 255 74 ceruice,
1179 825 213 74 docens
1328 825 277 74 superbiam
1541 825 128 74 ac
1583 825 128 74 arro

45 882 248 81 gantiam
226 882 203 81 modis
362 882 248 81 omnibus
542 882 316 81 fugiendam:
791 882 294 81 Cuniculus
1017 882 181 81 item
1130 882 158 81 uel
1220 882 158 81 mus
1310 882 294 81 montanus.
1536 882 158 81 Nam
1604 882 113 81 im-

39 952 288 69 probantur
260 952 155 69 deo
349 952 244 69 homines
526 952 266 69 terrenis
725 952 244 69 prorsus
903 952 266 69 immersi.
1102 952 199 69 Lepus
1235 952 221 69 animal
1390 952 266 69 timidum,
1567 952 155 69 igna-

42 1010 168 54 uum
138 1010 264 54 pauorem
330 1010 361 54 depellendum
619 1010 240 54 monet:
787 1010 216 54 sicut
932 1010 120 54 &
980 1010 240 54 Porcus
1148 1010 361 54 immundiciem
1436 1010 240 54 omnem.
1605 1010 168 54 Nam

45 1055 195 66 typus
175 1055 108 66 &
219 1055 260 66 symbolum
414 1055 325 66 impuritatis
675 1055 152 66 est
761 1055 239 66 porcus,
935 1055 152 66 qui
1022 1055 108 66 &
1065 1055 304 66 Prouerbijs
1304 1055 195 66 locum
1434 1055 217 66 dedit.
1586 1055 130 66 Et
1629 1055 87 66 de

53 1117 184 65 Circe
175 1117 225 65 dicitur
339 1117 163 65 quod
441 1117 163 65 suis
543 1117 388 65 incantationibus
870 1117 225 65 Vlyssis
1033 1117 204 65 socios
1176 1117 306 65 conuerterit
1422 1117 123 65 in
1483 1117 225 65 porcos.
1626 1117 102 65 Por

54 1175 125 60 ro
117 1175 272 60 aquatilia
326 1175 313 60 conceduntur
577 1175 125 60 in
639 1175 209 60 cibum,
786 1175 167 60 quae
890 1175 230 60 squamas
1057 1175 104 60 &
1099 1175 209 60 pinnas
1245 1175 230 60 habent:
1413 1175 125 60 si
1475 1175 209 60 altero
1601 1175 125 60 care

53 1231 177 57 rent,
171 1231 197 57 uetita
309 1231 197 57 erant,
447 1231 118 57 ut
506 1231 256 57 anguilla,
703 1231 157 57 quae
801 1231 157 57 etsi
899 1231 197 57 pinnas
1037 1231 216 57 habeat,
1195 1231 216 57 squamis
1352 1231 177 57 tamen
1470 1231 197 57 caret.
1608 1231 118 57 Vt
1647 1231 79 57 e-

49 1274 147 75 nim
133 1274 232 75 corpora
302 1274 232 75 piscium
470 1274 253 75 reguntur
660 1274 232 75 pinnis:
828 1274 147 75 sic
913 1274 147 75 spe
997 1274 190 75 firma
1123 1274 232 75 oportet
1292 1274 169 75 regi
1397 1274 190 75 totum
1502 1274 211 75 hominem,

49 1332 223 70 Squamae
211 1332 183 70 durae
333 1332 183 70 sunt,
455 1332 122 70 ac
516 1332 264 70 contegunt
719 1332 244 70 corpora:
902 1332 162 70 nisi
1003 1332 162 70 uero
1105 1332 284 70 constantes
1328 1332 122 70 ac
1389 1332 264 70 patientes
1572 1332 142 70 simus

44 1387 136 75 in
112 1387 205 75 opere
249 1387 250 75 domini,
431 1387 227 75 merito
590 1387 318 75 abominatur
840 1387 159 75 nos
931 1387 273 75 dominus.
1135 1387 136 75 Ex
1203 1387 318 75 uolucribus
1431 1387 295 75 prohibentur

47 1449 215 65 maxime
197 1449 236 65 rapaces
369 1449 193 65 aues,
498 1449 258 65 uoraces,
691 1449 193 65 rebus
820 1449 236 65 impuris
992 1449 322 65 uictitantes
1250 1449 107 65 &
1293 1449 301 65 gaudentes,
1508 1449 215 65 crepuscu

55 1495 205 73 lares,
199 1495 288 73 nocturnae,
425 1495 288 73 lucifugae,
651 1495 103 73 &
692 1495 246 73 subdole,
877 1495 308 73 instabiles,
1123 1495 103 73 &
1164 1495 185 73 parum
1288 1495 246 73 alacres.
1452 1495 267 73 Commendatur

49 1553 157 68 ergo
148 1553 177 68 nobis
266 1553 335 68 beneficentia,
541 1553 315 68 abstinentia,
797 1553 315 68 temperantia,
1053 1553 216 68 denique
1210 1553 315 68 simplicitas,
1466 1553 157 68 lux,
1545 1553 177 68 constan

50 1612 156 65 tia,
147 1612 273 65 alacritas,
361 1612 273 65 integritas
576 1612 97 65 &
615 1612 214 65 puritas
770 1612 195 65 uitae.
907 1612 136 65 lam
985 1612 117 65 ex
1043 1612 273 65 reptilibus
1257 1612 195 65 quoque
1394 1612 136 65 non
1472 1612 175 65 pauca
1569 1612 156 65 notan-

51 1680 167 56 tur.
156 1680 146 56 Nam
239 1680 293 56 displicent
469 1680 146 56 deo
553 1680 230 56 homines
720 1680 125 56 in
783 1680 188 56 lutum
908 1680 230 56 immersi
1075 1680 251 56 prorsus.
1263 1680 188 56 Nolui
1389 1680 230 56 singula
1535 1680 188 56 uetito-

47 1720 155 71 rum
135 1720 309 71 animantium
378 1720 265 71 uocabula
577 1720 309 71 recensere,
820 1720 155 71 cum
909 1720 177 71 quod
1019 1720 133 71 id
1085 1720 243 71 fuisset
1262 1720 265 71 molestum
1461 1720 221 71 satis,
1616 1720 155 71 tum

53 1777 161 64 quod
153 1777 161 64 mire
254 1777 121 64 in
314 1777 141 64 his
395 1777 362 64 interpretandis
696 1777 241 64 laborant
877 1777 121 64 ac
938 1777 221 64 uariant
1099 1777 302 64 expositores
1340 1777 181 64 sacri
1461 1777 221 64 codicis
1621 1777 101 64 :
1642 1777 80 64 ut

50 1827 147 78 hic
134 1827 147 78 non
218 1827 189 78 satis
344 1827 252 78 admirari
533 1827 210 78 possim
680 1827 231 78 extreme
848 1827 210 78 caecam
996 1827 231 78 ludaici
1164 1827 210 78 populi
1311 1827 315 78 pertinaciam
1563 1827 126 78 in
1605 1827 126 78 dele

49 1903 158 52 ctu
140 1903 248 52 ciborum
320 1903 271 52 mordicus
524 1903 361 52 conseruando,
817 1903 158 52 cum
908 1903 248 52 ipsorum
1089 1903 226 52 Rabini
1247 1903 158 52 hic
1337 1903 136 52 se
1405 1903 158 52 non
1495 1903 203 52 satis
1608 1903 113 52 ex-

48 1946 227 70 plicent
213 1946 144 70 nec
296 1946 227 70 diserte
461 1946 103 70 &
502 1946 186 70 certo
626 1946 206 70 dicere
771 1946 227 70 possint
936 1946 227 70 quaenam
1101 1946 165 70 sint
1204 1946 165 70 illa
1307 1946 248 70 animalia
1493 1946 144 70 qua
1555 1946 165 70 prohi-

46 2009 193 70 buit
142 2009 241 70 dominus,

133 2063 147 70 Huc
217 2063 253 70 pertinet
407 2063 168 70 quod
512 2063 168 70 ante
617 2063 211 70 legem,
765 2063 295 70 temporibus
996 2063 168 70 Noe,
1101 2063 168 70 deus
1207 2063 295 70 sanguinis,
1438 2063 105 70 &
1480 2063 211 70 carnis
1607 2063 105 70 cum

53 2120 241 61 sanguine
234 2120 161 61 siue
334 2120 282 61 morticini,
556 2120 241 61 lacerati
737 2120 101 61 a
777 2120 201 61 feris,
918 2120 141 61 aut
998 2120 261 61 suffocati
1199 2120 161 61 esum
1300 2120 282 61 prohibuit.
1521 2120 161 61 Ante
1601 2120 121 61 dilu

65 2175 159 67 uium
164 2175 238 67 oleribus
343 2175 318 67 fructibusque
601 2175 199 67 terrae
740 2175 298 67 uescebantur
978 2175 218 67 patres,
1137 2175 99 67 a
1177 2175 218 67 diluuio
1336 2175 258 67 concessit
1534 2175 139 67 eis
1614 2175 99 67 &
1634 2175 79 67 a-

46 2237 239 56 nimalium
225 2237 179 56 esum,
344 2237 139 56 sed
424 2237 239 56 iugulare
603 2237 179 56 illa,
722 2237 318 56 sanguinemque
981 2237 219 56 elicere
1140 2237 139 56 uel
1220 2237 219 56 fundere
1379 2237 219 56 iussit.
1538 2237 179 56 Extat
1637 2237 80 56 lo

52 2293 146 61 cus
136 2293 167 61 Gen.
240 2293 167 61 cap.
345 2293 126 61 9.
408 2293 188 61 Porro
533 2293 126 61 in
596 2293 167 61 lege
701 2293 188 61 magna
826 2293 146 61 cum
910 2293 293 61 seueritate
1140 2293 188 61 dicit
1266 2293 251 61 dominus,
1454 2293 272 61 Quicunque
1642 2293 84 61 de

58 2342 170 66 domo
164 2342 213 66 lzrael
313 2342 149 66 aut
398 2342 128 66 ex
462 2342 234 66 incolis
632 2342 149 66 qui
717 2342 191 66 inter
844 2342 149 66 uos
929 2342 255 66 habitant
1121 2342 191 66 ullum
1248 2342 276 66 sanguinem
1461 2342 298 66 comederit,

54 2400 200 64 ponam
187 2400 222 64 faciem
342 2400 177 64 meam
453 2400 222 64 contra
608 2400 222 64 animam
763 2400 222 64 talem,
919 2400 111 64 &
963 2400 266 64 excindam
1163 2400 155 64 eam
1251 2400 133 64 de
1318 2400 200 64 medio
1451 2400 222 64 populi
1584 2400 133 64 sui-

66 2452 191 72 Leuit.
200 2452 134 72 17.
276 2452 115 72 Ac
333 2452 248 72 repetitur
524 2452 172 72 eadem
639 2452 134 72 lex
715 2452 191 72 Leuit.
849 2452 134 72 19.
926 2452 96 72 &
964 2452 172 72 Deut.
1078 2452 134 72 52.
1155 2452 96 72 &
1193 2452 134 72 15.
1269 2452 229 72 Iteratur
1441 2452 210 72 subinde
1575 2452 153 72 Leuit.

57 2514 122 68 3.
118 2514 101 68 &
158 2514 122 68 7.
219 2514 162 68 cap.
320 2514 142 68 Nec
402 2514 183 68 caret
523 2514 203 68 iustis
665 2514 101 68 &
706 2514 223 68 maximis
868 2514 223 68 caussis
1030 2514 162 68 quod
1132 2514 264 68 sanguinis
1335 2514 162 68 esum
1436 2514 183 68 tanta
1537 2514 183 68 seueri-

51 2565 174 67 tate
160 2565 305 67 prohibuit.
400 2565 283 67 Principio
617 2565 174 67 enim
726 2565 174 67 post
835 2565 261 67 recitata
1031 2565 218 67 uerba,
1184 2565 152 67 mox
1271 2565 305 67 subiungit,
1510 2565 152 67 Nam
1576 2565 152 67 anima

64 2627 206 63 carnis
208 2627 144 63 est
290 2627 123 63 in
352 2627 267 63 sanguine:
558 2627 103 63 &
599 2627 144 63 ego
681 2627 164 63 dedi
784 2627 185 63 illum
907 2627 185 63 uobis
1030 2627 185 63 super
1154 2627 226 63 altare,
1318 2627 123 63 ad
1380 2627 267 63 expiandum
1565 2627 164 63 animas

56 2682 241 58 uestras.
237 2682 221 58 Sanguis
398 2682 161 58 enim
498 2682 201 58 animam
639 2682 261 58 expiabit.
840 2682 121 58 Et
901 2682 121 58 ob
961 2682 121 58 id
1021 2682 161 58 dixi
1122 2682 201 58 filijs
1262 2682 221 58 lsrael,
1423 2682 181 58 Nulla
1544 2682 181 58 anima
1645 2682 80 58 ex

54 2735 186 64 uobis
178 2735 268 64 sanguinem
385 2735 186 64 edat,
508 2735 144 64 &c.
591 2735 124 64 En
653 2735 186 64 ratio
777 2735 124 64 in
839 2735 144 64 his
921 2735 248 64 redditur
1107 2735 371 64 luculentissima
1416 2735 144 64 cur
1499 2735 144 64 non
1561 2735 165 64 liceat

58 2787 185 69 uesci
182 2787 267 69 sanguine,
388 2787 165 69 quia
491 2787 391 69 praestantissima
820 2787 144 69 res
902 2787 247 69 sanguis,
1087 2787 206 69 utpote
1231 2787 391 69 sanctificationi
1540 2787 185 69 hominum

57 2843 321 71 destinatus.
313 2843 193 71 Dedit
442 2843 171 71 enim
549 2843 278 71 sanguinem
762 2843 171 71 deus
869 2843 193 71 uelut
998 2843 235 71 pretium
1169 2843 150 71 quo
1254 2843 235 71 expient
1426 2843 257 71 peccata,
1597 2843 128 71 pre-

65 2898 164 63 tium
167 2898 205 63 inquam
310 2898 348 63 redemptionis,
597 2898 143 63 quo
678 2898 307 63 absoluantur
924 2898 123 63 at
985 2898 246 63 peccato.
1170 2898 266 63 Praeterea
1374 2898 225 63 sanguis
1538 2898 143 63 est
1599 2898 123 63 ani-

52 2952 153 82 ma,
140 2952 131 82 id
205 2952 349 82 estalimentum
489 2952 218 82 uitae.
642 2952 240 82 Sanguis
817 2952 175 82 ergo
926 2952 284 82 sanguinem
1144 2952 240 82 Christi
1319 2952 131 82 in
1385 2952 197 82 cruce
1494 2952 240 82 fundendum
