2288 3632
41 319 186 81 minus
165 319 186 81 Iesus
289 319 269 81 illuminet
496 319 186 81 corda
620 319 227 81 uestra,
785 319 124 81 ut
847 319 165 81 haec
950 319 186 81 omnia
1074 319 207 81 cedant
1219 319 124 81 ad
1281 319 227 81 gloriam
1446 319 227 81 nominis
1591 319 124 81 sui,

48 395 121 66 &
96 395 145 66 ad
169 395 267 66 salutem
363 395 291 66 animarum
581 395 339 66 uestrarum,
824 395 145 66 Amen

371 490 154 75 De
448 490 283 75 legibus
654 490 180 75 dei
757 490 437 75 ludicialibus.
1117 490 231 75 SERMO
1245 490 129 75 VII

236 610 123 76 E
286 610 271 76 QVVNTVR
483 610 173 76 iam
582 610 197 76 loco
705 610 296 76 postremo
927 610 148 76 in
1001 610 370 76 tractatione
1297 610 222 76 legum
1446 610 321 76 diuinarum

262 672 187 64 leges
387 672 311 64 iudiciales:
636 672 125 64 de
698 672 208 64 quibus
843 672 187 64 dicam
968 672 208 64 quanta
1113 672 208 64 possum
1258 672 291 64 breuitate,
1487 672 104 64 &
1528 672 228 64 quantum

244 725 176 70 C.V.
354 725 132 70 ad
420 725 397 70 aedificationem
751 725 176 70 fore
862 725 375 70 existimauero.
1170 725 154 70 Non
1259 725 265 70 inutilis
1457 725 110 70 &
1479 725 243 70 iniucunda

256 781 155 56 erit
353 781 155 56 haec
449 781 252 56 tractatio
643 781 174 56 licet
760 781 136 56 sit
837 781 252 56 forensis.
1031 781 136 56 Nam
1109 781 174 56 leges
1225 781 271 56 iudiciales
1438 781 116 56 ab
1496 781 194 56 optimo
1632 781 97 56 &
1651 781 78 56 sa

47 844 308 65 pientissimo
293 844 144 65 deo
375 844 246 65 traditae
559 844 164 65 sunt
661 844 144 65 per
744 844 185 65 Mosen
867 844 164 65 mira
969 844 164 65 fide
1072 844 103 65 &
1113 844 308 65 diligentia.
1359 844 164 65 Deus
1461 844 185 65 autem
1564 844 144 65 nihil

51 908 209 54 temere
198 908 147 54 aut
281 908 189 54 citra
407 908 230 54 eximiam
575 908 230 54 aliquam
742 908 293 54 utilitatem
973 908 189 54 tanta
1098 908 293 54 diligentia
1329 908 272 54 hominibus
1517 908 189 54 reuelat

40 950 179 76 Licet
160 950 179 76 autem
279 950 179 76 leges
399 950 139 76 hae
478 950 279 76 iudiciales
697 950 239 76 pauculae
877 950 179 76 sint,
996 950 119 76 si
1056 950 239 76 conferas
1235 950 139 76 cum
1315 950 199 76 libris
1454 950 179 76 legum
1554 950 159 76 decre-

48 1012 262 62 torumque
245 1012 349 62 lmperatorum,
529 1012 197 62 Regum
660 1012 109 62 &
703 1012 240 62 hominum
878 1012 437 62 sapientissimorum
1249 1012 349 62 uastissimis,
1533 1012 131 62 in
1577 1012 131 62 com-

57 1059 241 77 pendiosa
238 1059 181 77 tamen
358 1059 161 77 illa
459 1059 141 77 sua
539 1059 261 77 breuitate
740 1059 341 77 complectuntur
1021 1059 261 77 praecipua
1222 1059 201 77 capita
1363 1059 221 77 iudicij
1523 1059 100 77 &
1543 1059 161 77 iusti-

52 1120 185 74 tiae,
176 1120 226 74 adeoque
340 1120 206 74 tantum
484 1120 165 74 fere
587 1120 226 74 quantum
752 1120 370 74 comprehenditur
1061 1120 123 74 in
1122 1120 206 74 libris
1266 1120 185 74 legum
1390 1120 103 74 &
1431 1120 329 74 constitutio¬

49 1171 153 69 num
136 1171 174 69 lmp.
245 1171 109 69 &
289 1171 414 69 iurisperitorum.
637 1171 218 69 Noluit
790 1171 196 69 bonus
921 1171 240 69 dominus
1095 1171 218 69 populo
1247 1171 153 69 suo
1335 1171 327 69 prolixitate
1596 1171 109 69 &
1618 1171 87 69 cc

62 1229 138 64 pia
141 1229 158 64 siue
240 1229 178 64 onere
359 1229 178 64 legum
477 1229 237 64 molestus
655 1229 138 64 aut
734 1229 237 64 onerosus
912 1229 158 64 esse
1011 1229 99 64 :
1051 1229 178 64 neque
1169 1229 158 64 uero
1268 1229 217 64 necesse
1426 1229 158 64 erat
1506 1229 217 64 curiosius

60 1294 252 64 prosequi
249 1294 231 64 singula
417 1294 168 64 male
522 1294 294 64 feriatorum
753 1294 231 64 hominum
921 1294 252 64 cogitata
1110 1294 105 64 :
1152 1294 252 64 sufficit
1341 1294 231 64 omnibus
1488 1294 231 64 sapienti-

53 1341 143 68 bus
134 1341 285 68 nationibus
358 1341 102 68 &
399 1341 244 68 populis,
582 1341 122 68 si
643 1341 204 68 tantum
786 1341 265 68 quibusque
990 1341 143 68 sit
1071 1341 204 68 legum,
1214 1341 224 68 quantum
1377 1341 183 68 satis
1499 1341 143 68 est
1580 1341 122 68 ad
1621 1341 102 68 con

53 1395 301 67 seruationem
294 1395 201 67 pacis,
434 1395 301 67 honestatis,
675 1395 442 67 tranquillitatisque
1057 1395 261 67 publicae.
1257 1395 201 67 Tantum
1398 1395 161 67 uero
1498 1395 201 67 fuisse
1619 1395 100 67 po-

46 1453 156 68 pulo
144 1453 234 68 lzraelis
320 1453 234 68 testatur
496 1453 234 68 uniuersa
671 1453 234 68 historia
847 1453 195 68 sacra.
984 1453 156 68 Sunt
1081 1453 176 68 autem
1198 1453 332 68 antiquissimae
1472 1453 137 68 hae
1550 1453 195 68 leges,

52 1509 110 61 &
96 1509 220 61 fontes
250 1509 220 61 quidam
404 1509 220 61 omnium
559 1509 176 61 fere
669 1509 242 61 aliarum
845 1509 132 61 in
911 1509 198 61 mundo
1043 1509 242 61 bonarum
1219 1509 220 61 legum.
1374 1509 308 61 Praecessit
1594 1509 132 61 Mo

55 1563 138 71 ses
134 1563 178 71 omnes
253 1563 178 71 alios
372 1563 317 71 legislatores
629 1563 317 71 celebriores.
886 1563 317 71 Vetustissimi
1143 1563 119 71 ex
1203 1563 138 71 his
1282 1563 257 71 Mercurius
1480 1563 158 71 ille
1559 1563 158 71 trisme

44 1624 225 70 gistus
202 1624 113 70 &
247 1624 361 70 Rhadamanthus
541 1624 248 70 Licius.
721 1624 271 70 Aegyptij
924 1624 361 70 legislatorem
1217 1624 180 70 suum
1330 1624 293 70 Mercurium
1533 1624 180 70 appel-

50 1676 212 64 larunt
198 1676 212 64 Thoth,
347 1676 149 64 qui
432 1676 127 64 &,
495 1676 233 64 authore
665 1676 297 64 Lactantio,
899 1676 191 64 Argum
1026 1676 318 64 multioculum
1281 1676 191 64 illum
1408 1676 255 64 occidit,
1599 1676 106 64 &
1620 1676 85 64 in

50 1730 269 68 Aegyptum
251 1730 291 68 profugit.
475 1730 202 68 Vixit
610 1730 202 68 autem
744 1730 202 68 Argus
879 1730 112 68 &
924 1730 224 68 Athlas
1080 1730 202 68 circa
1215 1730 269 68 Cecropis
1417 1730 247 68 Diphyis
1574 1730 134 68 tem-

49 1785 193 74 pora.
177 1785 236 74 Cecrops
349 1785 193 74 autem
478 1785 301 74 coaetaneus
714 1785 215 74 fuisse
865 1785 236 74 dicitur
1036 1785 215 74 Mosis,
1187 1785 344 74 Rhadamanthus
1466 1785 172 74 uero
1552 1785 150 74 puta-

59 1852 143 61 tur
140 1852 225 61 uixisse
304 1852 163 61 post
406 1852 225 61 tempora
569 1852 204 61 losue.
712 1852 123 61 At
773 1852 286 61 longissimo
998 1852 286 61 interuallo
1223 1852 163 61 post
1325 1852 184 61 Mosen
1447 1852 266 61 succedunt
1631 1852 82 61 le

49 1898 315 72 gislatores
297 1898 338 72 famosissimi
567 1898 293 72 maximarum
793 1898 113 72 &
838 1898 428 72 antiquissimarum
1198 1898 270 72 gentium,
1401 1898 203 72 Draco
1536 1898 113 72 &
1558 1898 158 72 Solon

49 1953 364 72 Athenienses,
345 1953 205 72 Minos
481 1953 341 72 Cretensium,
754 1953 295 72 Charondas
981 1953 295 72 syriorum,
1208 1953 318 72 Phoronaeus
1435 1953 273 72 Argiuorum,

52 2009 292 67 Lycurgus
271 2009 487 67 Lacedaemoniorum,
685 2009 341 67 Pythagoras
953 2009 317 67 ltalorum,
1196 2009 268 67 Romulus
1391 2009 122 67 &
1440 2009 195 67 Numa
1537 2009 171 67 Roma-

49 2066 228 65 norum.
209 2066 205 65 Plato
346 2066 137 65 de
414 2066 251 65 Legibus
596 2066 342 65 commentatur
870 2066 205 65 paulo
1006 2066 182 65 ante
1120 2066 228 65 regnum
1280 2066 274 65 Philippi
1462 2066 251 65 Macedonum

59 2122 192 68 regis,
193 2122 249 68 Alexandri
384 2122 192 68 illius
519 2122 172 68 magni
633 2122 211 68 patris.
787 2122 192 68 Cicero
921 2122 192 68 quoque
1055 2122 115 68 2.
1112 2122 153 68 lib,
1208 2122 115 68 de
1265 2122 230 68 Legibus.
1438 2122 153 68 Hanc
1534 2122 211 68 igitur,

61 2179 229 61 inquit,
228 2179 188 61 uideo
353 2179 417 61 sapientissimorum
707 2179 208 61 fuisse
853 2179 313 61 sententiam,
1103 2179 188 61 legem
1229 2179 188 61 neque
1354 2179 229 61 hominum
1500 2179 208 61 ingenijs

57 2238 355 66 excogitatam.
345 2238 155 66 nec
434 2238 222 66 scitum
589 2238 244 66 aliquod
766 2238 177 66 esse
877 2238 310 66 populorum,
1121 2238 155 66 sed
1209 2238 266 66 aeternum
1409 2238 266 66 quiddam,
1586 2238 133 66 quod

50 2291 280 72 uniuersum
265 2291 215 72 mundum
415 2291 237 72 regeret
587 2291 280 72 imperandi
802 2291 366 72 prohibendique
1103 2291 301 72 sapientia.
1340 2291 151 72 Ita
1426 2291 280 72 principem
1619 2291 86 72 le

45 2355 153 66 gem
133 2355 197 66 illam
264 2355 109 66 &
308 2355 241 66 ultimam
483 2355 219 66 mentem
636 2355 175 66 esse
746 2355 263 66 dicebant
943 2355 197 66 omnia
1074 2355 241 66 ratione
1249 2355 153 66 aut
1337 2355 263 66 cogentis
1534 2355 153 66 aut
1600 2355 109 66 ue-

53 2412 201 60 tantis
194 2412 161 60 dei.
294 2412 121 60 Ex
355 2412 141 60 quo
435 2412 161 60 illa
536 2412 161 60 lex,
636 2412 161 60 quam
737 2412 161 60 diji
838 2412 201 60 humano
979 2412 201 60 generi
1119 2412 262 60 dederunt,
1321 2412 181 60 recte
1441 2412 141 60 est
1502 2412 201 60 laudata:

56 2454 145 69 est
139 2454 165 69 enim
242 2454 186 69 ratio
367 2454 228 69 mensque
532 2454 269 69 sapientis
739 2454 124 69 ad
801 2454 248 69 iubendum
987 2454 103 69 &
1028 2454 124 69 ad
1090 2454 310 69 detrahendum
1339 2454 228 69 idonea.
1504 2454 124 69 Et
1566 2454 186 69 reli¬

53 2512 169 78 qua.
159 2512 339 78 Commendantur
434 2512 169 78 ergo
540 2512 191 78 nobis
667 2512 148 78 dei
751 2512 191 78 leges
878 2512 318 78 iudiciales,
1132 2512 148 78 non
1217 2512 148 78 tam
1302 2512 339 78 antiquitate,
1577 2512 169 78 quam

55 2570 290 59 authoritate
287 2570 213 59 diuina.

118 2630 241 70 Caeterum
299 2630 261 70 ludicare,
499 2630 120 70 ut
559 2630 181 70 clare
680 2630 100 70 &
720 2630 261 70 distincte
920 2630 120 70 de
981 2630 140 70 hac
1061 2630 120 70 re
1121 2630 301 70 disseramus,
1362 2630 181 70 actio
1482 2630 140 70 est
1562 2630 100 70 :
1603 2630 100 70 &
1643 2630 120 70 in

56 2684 243 74 praesenti
244 2684 225 74 forensis
412 2684 187 74 quidem
543 2684 187 74 actio:
674 2684 281 74 significans
899 2684 243 74 uidelicet
1086 2684 262 74 discernere
1292 2684 169 74 inter
1405 2684 281 74 litigantes,
1629 2684 131 74 uel

53 2746 144 59 ius
136 2746 227 59 dicere,
301 2746 206 59 audita
445 2746 206 59 inquam
589 2746 206 59 caussa
733 2746 309 59 pronunciare
980 2746 247 59 ferreque
1166 2746 309 59 sententiam.
1413 2746 247 59 ludicare
1578 2746 144 59 deni-

56 2805 151 57 que,
151 2805 133 57 est
226 2805 322 57 periclitantes
491 2805 246 57 asserere,
681 2805 246 57 oppressos
870 2805 246 57 releuare,
1059 2805 246 57 afflictos
1249 2805 189 57 tueri,
1381 2805 95 57 &
1419 2805 189 57 noxios
1533 2805 189 57 scelera-

56 2858 203 64 tosque
198 2858 203 64 punire
340 2858 122 64 ac
401 2858 285 64 cohercere.
625 2858 224 64 Proinde
787 2858 244 64 ludicium
970 2858 142 64 non
1052 2858 142 64 est
1133 2858 264 64 consessus
1336 2858 244 64 duntaxat
1499 2858 203 64 iudicum,

52 2904 144 73 qui
135 2904 123 73 ad
196 2904 288 73 iudicandum
422 2904 329 73 conuenerunt:
690 2904 144 73 sed
772 2904 164 73 ipsa
874 2904 185 73 magis
998 2904 267 73 discussio
1203 2904 247 73 diligens
1388 2904 288 73 caussarum,
1594 2904 123 73 pro-

37 2956 287 76 nunciatio
258 2956 265 76 secundum
457 2956 221 76 aequum
611 2956 110 76 &
656 2956 221 76 iustum
810 2956 133 76 ex
876 2956 155 76 dei
965 2956 265 76 legibus,
1164 2956 177 76 item
1274 2956 265 76 assertio
1473 2956 110 76 &
1495 2956 221 76 defensio
