2288 3632
68 341 146 70 per
152 341 188 70 Mosen
277 341 292 70 defcribit,
506 341 209 70 Audite
652 341 229 70 caussas
819 341 229 70 fratrum
986 341 292 70 uestrorum,
1215 341 104 70 &
1257 341 250 70 iudicate
1444 341 188 70 iuste
1569 341 188 70 inter
1674 341 83 70 ui

65 403 147 77 rum
149 403 105 77 &
191 403 232 77 fratrem
360 403 190 77 eius,
486 403 105 77 &
528 403 190 77 inter
655 403 295 77 peregrinum
886 403 190 77 eius.
1013 403 147 77 Non
1097 403 295 77 agnoscetis
1329 403 232 77 facies,
1497 403 147 77 non
1560 403 190 77 recipie

71 455 155 62 tis
159 455 265 62 personas
358 455 133 62 in
425 455 265 62 iudicio:
624 455 133 62 ut
690 455 221 62 paruum
845 455 155 62 ita
933 455 111 62 &
977 455 221 62 magnum
1132 455 287 62 audiatis:
1353 455 155 62 nec
1442 455 265 62 quenquam
1618 455 133 62 mor-

69 511 181 72 talem
189 511 301 72 formidetis.
430 511 241 72 ludicium
611 511 161 72 enim
711 511 141 72 hoc
792 511 141 72 dei
872 511 161 72 est.
972 511 181 72 Item,
1093 511 241 72 ludicate
1273 511 221 72 populum
1434 511 181 72 iusto
1554 511 241 72 iudicio:

65 575 128 55 ne
129 575 236 55 ffectas
300 575 278 55 iudicium,
514 575 193 55 neque
643 575 257 55 agnoscas
835 575 278 55 personam,
1049 575 193 55 neque
1178 575 257 55 accipias
1371 575 214 55 munus:
1520 575 236 55 quoniam
1670 575 86 55 mu

60 620 140 69 nus
140 620 241 69 excaecat
321 620 201 69 oculos
461 620 261 69 sapientum
662 620 100 69 &
702 620 261 69 peruertit
902 620 221 69 caussas
1063 620 221 69 iustas.
1223 620 261 69 lustitiam
1424 620 241 69 iustitia
1585 620 160 69 perse-

71 678 229 72 quaris,
238 678 125 72 ut
300 678 187 72 uiuas
425 678 104 72 &
466 678 270 72 possideas
674 678 208 72 terram
820 678 166 72 quam
924 678 229 72 dominus
1090 678 166 72 deus
1194 678 166 72 tuus
1298 678 229 72 daturus
1465 678 146 72 est
1548 678 187 72 tibi.
1652 678 83 72 Et

74 736 224 70 iterum,
236 736 122 70 Ne
297 736 224 70 feceris
460 736 224 70 iniquum
622 736 163 70 quid
724 736 122 70 in
785 736 244 70 iudicio,
968 736 122 70 ne
1029 736 264 70 suscipias
1232 736 203 70 faciem
1374 736 264 70 pauperis.
1577 736 142 70 nec
1638 736 102 70 re-

61 789 251 65 uerearis
249 789 209 65 faciem
396 789 272 65 potentis,
605 789 146 65 sed
689 789 188 65 iuste
814 789 272 65 iudicabis
1024 789 230 65 proximo
1191 789 167 65 tuo,
1296 789 230 65 Rursus,
1463 789 126 65 Ne
1505 789 230 65 receperis

73 851 234 62 rumorem
243 851 234 62 falsum,
414 851 128 62 ne
478 851 256 62 sequaris
669 851 213 62 multos
819 851 128 62 ad
883 851 384 62 malefaciendum,
1202 851 192 62 neque
1330 851 298 62 respondeas
1565 851 128 62 in
1607 851 128 62 iudi

64 907 144 65 cio
147 907 289 65 declinando
374 907 165 65 post
477 907 206 65 multos
622 907 124 65 ut
683 907 268 65 peruersum
890 907 165 65 quid
993 907 289 65 committas.
1220 907 124 65 Id
1282 907 165 65 est,
1385 907 124 65 si
1447 907 227 65 uideris
1592 907 144 65 inno-

65 961 176 73 xium
175 961 242 73 damnari
351 961 110 73 a
394 961 242 73 multis,
570 961 176 73 noli
680 961 176 73 ideo
790 961 110 73 &
834 961 132 73 tu
900 961 198 73 ipsum
1031 961 264 73 damnare,
1229 961 176 73 quia
1339 961 198 73 maior
1470 961 242 73 numerus
1624 961 110 73 il-

60 1006 148 78 lum
144 1006 232 78 damnat,
313 1006 148 78 sed
398 1006 190 78 iuste
524 1006 232 78 iudica,
693 1006 190 78 neque
820 1006 253 78 quicquam
1010 1006 211 78 iniqui
1158 1006 274 78 committas
1369 1006 232 78 propter
1517 1006 232 78 multitudi

67 1070 147 70 nem
151 1070 356 70 suffragiorum.
444 1070 126 70 Ne
507 1070 272 70 ornaueris
716 1070 251 70 pauperem
905 1070 126 70 in
967 1070 209 70 caussa
1114 1070 147 70 sua
1198 1070 105 70 :
1240 1070 188 70 neque
1365 1070 272 70 infexeris
1554 1070 188 70 caussam

70 1122 257 76 pauperis
263 1122 172 76 tui.
370 1122 107 76 A
413 1122 193 76 uerbo
542 1122 236 76 mendaci
713 1122 300 76 longissime
949 1122 215 76 absis.
1099 1122 300 76 Innocentem
1335 1122 107 76 &
1378 1122 215 76 iustum
1528 1122 129 76 ne
1571 1122 172 76 occide

61 1188 170 64 ris.
167 1188 149 64 Non
252 1188 170 64 enim
358 1188 318 64 iustificabo
612 1188 233 64 impium.
782 1188 233 64 Aduenae
952 1188 127 64 ne
1016 1188 149 64 uim
1100 1188 255 64 inferas,
1291 1188 191 64 neque
1419 1188 255 64 opprimas
1610 1188 170 64 eum,

64 1228 243 67 Fuistis
241 1228 177 67 enim
351 1228 111 67 &
395 1228 155 67 uos
484 1228 243 67 aduenae
661 1228 133 67 in
705 1228 221 67 Aegypto.

141 1285 135 78 Ac
209 1285 181 78 deus
322 1285 226 78 quidem
480 1285 226 78 populo
638 1285 158 78 suo
728 1285 181 78 quem
841 1285 135 78 ex
909 1285 248 78 Aegypto
1089 1285 113 78 a
1134 1285 203 78 regum
1270 1285 293 78 tyrannide
1473 1285 248 78 liberauit

59 1351 144 71 non
142 1351 206 71 iterum
286 1351 226 71 regibus
450 1351 185 71 ipsum
574 1351 309 71 substrauit,
821 1351 185 71 neque
944 1351 267 71 regalibus
1150 1351 247 71 tributis
1335 1351 247 71 imposits
1500 1351 226 71 onerauit.

69 1406 329 77 rempublicam
333 1406 176 77 siue
442 1406 395 77 aristocratiam,
772 1406 285 77 optimatum
991 1406 220 77 inquam
1145 1406 132 77 ex
1211 1406 198 77 plebe
1343 1406 307 77 delectorum
1584 1406 198 77 regi

57 1464 145 64 men
140 1464 248 64 optimum,
326 1464 290 64 instituit:
554 1464 145 64 sed
637 1464 166 64 quia
740 1464 145 64 non
823 1464 269 64 ignorauit
1030 1464 207 64 populi
1174 1464 145 64 sui
1257 1464 310 64 stultitiam,
1505 1464 103 64 &
1547 1464 166 64 quod
1630 1464 103 64 li-

68 1510 250 81 bertatis
255 1510 250 81 pertesus
443 1510 187 81 regem
567 1510 166 81 erat
671 1510 354 81 postulaturus,
962 1510 166 81 quam
1066 1510 146 81 rem
1150 1510 146 81 tum
1233 1510 208 81 quoque
1378 1510 208 81 multis
1524 1510 104 81 &
1545 1510 187 81 ualidis

68 1567 277 85 rationibus
286 1567 139 85 per
365 1567 238 85 Samuelem
544 1567 317 85 dissuadebat,
801 1567 159 85 regi
901 1567 198 85 quoque
1039 1567 238 85 dictauit
1218 1567 198 85 leges,
1356 1567 119 85 ut
1416 1567 119 85 is
1456 1567 277 85 intelligeret

77 1630 191 71 etiam
204 1630 170 71 ipsi
310 1630 255 71 uiuendum
502 1630 170 71 esse
608 1630 149 71 sub
693 1630 255 71 legibus,
884 1630 106 71 &
927 1630 297 71 iudicandum
1160 1630 255 71 secundum
1352 1630 212 71 leges.
1479 1630 255 71 Institutio

73 1691 201 67 regis
207 1691 157 67 est
296 1691 313 67 huiusmodi,
542 1691 157 67 Cum
632 1691 246 67 ueneris
811 1691 134 67 in
878 1691 224 67 terram
1035 1691 179 67 quam
1146 1691 246 67 dominus
1325 1691 179 67 deus
1437 1691 179 67 tuus
1527 1691 201 67 daturus

65 1739 150 79 est
150 1739 193 79 tibi,
279 1739 107 79 &
322 1739 257 79 dixeris.
514 1739 300 79 Constituam
750 1739 193 79 super
878 1739 128 79 me
943 1739 214 79 regem,
1093 1739 321 79 quemadmodum
1350 1739 193 79 omnes
1478 1739 214 79 gentes
1607 1739 128 79 quae

65 1799 213 68 circum
214 1799 128 68 me
278 1799 192 68 sunt.
406 1799 213 68 Omnino
555 1799 192 68 regem
683 1799 192 68 super
811 1799 128 68 te
875 1799 192 68 pones
1004 1799 171 68 quem
1110 1799 256 68 elegerit
1302 1799 235 68 dominus
1473 1799 171 68 deus
1580 1799 192 68 tuus:

63 1842 126 75 de
126 1842 189 75 medio
252 1842 231 75 fratrum
420 1842 210 75 tuorum
566 1842 294 75 constitues
797 1842 189 75 super
923 1842 126 75 te
986 1842 210 75 regem:
1133 1842 147 75 non
1217 1842 189 75 autem
1342 1842 231 75 poteris
1510 1842 168 75 tibi
1594 1842 147 75 prae-

59 1895 212 84 ficere
207 1895 234 84 hominem
377 1895 255 84 alienum,
568 1895 149 84 qui
653 1895 149 84 non
738 1895 149 84 est
823 1895 212 84 frater
972 1895 191 84 tuus.
1099 1895 297 84 Veruntamen
1333 1895 149 84 hic
1418 1895 149 84 non
1502 1895 234 84 parabit
1651 1895 85 84 si

65 1953 128 78 bi
129 1953 192 78 equos
256 1953 234 78 multos:
427 1953 192 78 neque
555 1953 234 78 populum
725 1953 128 78 in
789 1953 256 78 Aegyptum
981 1953 256 78 reducat,
1173 1953 149 78 quo
1258 1953 192 78 equos
1386 1953 341 78 multiplicet,
1642 1953 85 78 id

74 2011 147 74 est
158 2011 210 74 fortem
305 2011 168 74 sibi
411 2011 252 74 comparet
600 2011 295 74 equitatum.
831 2011 147 74 Nam
916 2011 231 74 dominus
1084 2011 189 74 dixit
1210 2011 210 74 uobis,
1357 2011 126 74 Ne
1420 2011 189 74 ultra
1526 2011 210 74 redeatis

58 2079 145 59 per
141 2079 165 59 uiam
244 2079 207 59 istam.
389 2079 207 59 Deinde
534 2079 124 59 ne
596 2079 165 59 sibi
699 2079 207 59 multas
844 2079 248 59 mulieres
1029 2079 186 59 paret
1153 2079 124 59 ne
1215 2079 248 59 deficiat
1401 2079 145 59 cor
1484 2079 186 59 eius:
1587 2079 145 59 neque

71 2134 293 63 multiplicet
306 2134 156 63 sibi
404 2134 195 63 multum
540 2134 156 63 auri
638 2134 98 63 &
677 2134 234 63 argenti.
853 2134 137 63 Cum
931 2134 215 63 sederit
1087 2134 117 63 in
1146 2134 176 63 solio
1263 2134 176 63 regni
1380 2134 156 63 sui,
1478 2134 254 63 describet
1654 2134 78 63 si

54 2178 123 79 bi
115 2178 245 79 exemplar
299 2178 184 79 huius
422 2178 184 79 legis
544 2178 123 79 ad
606 2178 245 79 exemplar
790 2178 184 79 libri
912 2178 286 79 sacerdotum
1137 2178 286 79 Leuitarum:
1362 2178 225 79 eritque
1526 2178 184 79 illud
1628 2178 102 79 pe-

69 2242 137 67 nes
148 2242 157 67 eum,
246 2242 117 67 ut
304 2242 176 67 legat
422 2242 117 67 in
480 2242 117 67 eo
539 2242 215 67 cunctis
696 2242 196 67 diebus
833 2242 176 67 uitae
950 2242 176 67 suae,
1068 2242 117 67 ut
1126 2242 235 67 scilicet
1302 2242 196 67 discat
1439 2242 196 67 timere
1557 2242 176 67 dominum

66 2294 160 77 deum
166 2294 180 77 suum,
286 2294 100 77 &
327 2294 221 77 seruare
487 2294 180 77 omnia
607 2294 180 77 uerba
728 2294 180 77 legis
848 2294 200 77 huius,
988 2294 180 77 atque
1108 2294 221 77 statuta
1269 2294 180 77 ista,
1389 2294 120 77 ut
1449 2294 200 77 faciat
1590 2294 140 77 ea.
1650 2294 80 77 Et

62 2345 119 75 ne
122 2345 238 75 extollat
301 2345 139 75 cor
380 2345 159 75 suum
479 2345 179 75 supra
599 2345 219 75 fratres
757 2345 179 75 suos,
877 2345 179 75 neque
996 2345 219 75 recedat
1155 2345 99 75 a
1194 2345 258 75 praecepto
1393 2345 139 75 uel
1473 2345 119 75 ad
1532 2345 219 75 dextram

66 2411 134 73 uel
142 2411 114 73 ad
199 2411 267 73 sinistram,
409 2411 114 73 ut
467 2411 229 73 proroget
638 2411 153 73 dies
734 2411 114 73 in
791 2411 172 73 regno
905 2411 153 73 suo,
1001 2411 153 73 ipse
1096 2411 95 73 &
1134 2411 172 73 filij
1249 2411 153 73 eius
1344 2411 114 73 in
1402 2411 172 73 medio
1516 2411 248 73 lsraelis,

62 2455 165 86 Haec
165 2455 124 86 de
227 2455 309 86 magistratu,
474 2455 288 86 iudicibus,
701 2455 103 86 &
742 2455 226 86 regibus
906 2455 268 86 hactenus.
1112 2455 165 86 Puto
1215 2455 185 86 autem
1339 2455 124 86 in
1401 2455 144 86 hac
1483 2455 185 86 regia
1586 2455 144 86 insti

58 2515 234 79 tutione
228 2515 320 79 comprehendi
484 2515 298 79 quaecunque
718 2515 128 79 ab
782 2515 192 79 alijs
910 2515 298 79 authoribus
1145 2515 128 79 de
1209 2515 277 79 principis
1422 2515 298 79 educatione
1656 2515 107 79 &

69 2574 319 83 institutione
328 2574 319 83 profusissime
587 2574 319 83 proseruntur.
847 2574 120 83 In
907 2574 199 83 primis
1046 2574 179 83 autem
1166 2574 179 83 illud
1285 2574 259 83 obseruari
1485 2574 199 83 decet,
1604 2574 120 83 quod

67 2628 199 88 reges
199 2628 199 88 uerbo
332 2628 110 88 &
376 2628 243 88 legibus
553 2628 155 88 dei
641 2628 155 88 non
730 2628 376 88 praeficiuntur
1039 2628 243 88 tanquam
1216 2628 221 88 domini
1370 2628 110 88 &
1415 2628 354 88 moderatores,

58 2682 147 88 sed
142 2682 336 88 subijciuntur
415 2682 210 88 ueluti
562 2682 105 88 a
604 2682 147 88 deo
688 2682 147 88 per
772 2682 210 88 uerbum
920 2682 294 88 iudicandi,
1151 2682 105 88 &
1193 2682 147 88 qui
1277 2682 189 88 omnia
1403 2682 126 88 ad
1466 2682 210 88 normam
1592 2682 126 88 uer-

64 2735 128 73 bi
128 2735 149 73 dei
213 2735 213 73 debent
340 2735 234 73 moderari.

136 2792 145 90 lam
219 2792 165 90 uero
322 2792 289 90 recitandae
549 2792 186 90 nobis
673 2792 227 90 ueniunt
838 2792 227 90 aliquot
1003 2792 186 90 leges
1127 2792 310 90 iudiciales,
1375 2792 145 90 non
1458 2792 186 90 omnes
1561 2792 165 90 quidem

54 2851 101 87 &
94 2851 263 87 singulae,
296 2851 142 87 sed
377 2851 222 87 aliquot
539 2851 101 87 &
579 2851 263 87 potiores:
782 2851 121 87 ex
842 2851 202 87 quibus
984 2851 182 87 alias
1105 2851 202 87 liceat
1247 2851 283 87 aestimare,
1469 2851 101 87 &
1510 2851 182 87 palam
1611 2851 121 87 per-

65 2905 222 80 spicere
226 2905 323 80 lsraeliticum
488 2905 222 80 populum
649 2905 181 80 nulla
770 2905 161 80 lege
871 2905 282 80 necessaria
1093 2905 101 80 &
1133 2905 181 80 utili
1254 2905 202 80 fuisse
1395 2905 302 80 destitutum.
1617 2905 101 80 Per

57 2971 315 71 compendium
304 2971 202 71 autem
439 2971 202 71 illas
574 2971 292 71 enumerabo
798 2971 112 71 &
843 2971 225 71 ordine
1001 2971 225 71 maxime
1158 2971 270 71 naturali
1360 2971 135 71 ac
1405 2971 270 71 perspicuos
