2288 3632
556 322 119 82 De
616 322 278 82 aedificijs
834 322 218 82 sacris,
993 322 99 82 &
1033 322 139 82 non
1112 322 278 82 alienandis
1330 322 179 82 rebus
1449 322 139 82 deo
1529 322 318 82 consecratis,
1787 322 218 82 denique
1946 322 119 82 de
1985 322 159 82 tuenda

497 392 106 67 &
539 392 298 67 propaganda
773 392 170 67 uera
880 392 277 67 religione
1093 392 213 67 multus
1242 392 149 67 est
1327 392 234 67 sparsim
1497 392 128 67 in
1561 392 170 67 lege
1667 392 213 67 sermo.
1816 392 149 67 Nec
1902 392 170 67 puto
1987 392 170 67 operae

493 461 232 65 pretium
662 461 253 65 uerbotim
852 461 190 65 omnes
978 461 253 65 recitare
1168 461 190 65 leges
1295 461 148 65 aut
1379 461 253 65 proferre
1569 461 127 65 ea
1632 461 169 65 quae
1738 461 127 65 de
1801 461 127 65 hi
1843 461 317 65 precipiuntur.

498 505 189 69 Certe
624 505 126 69 de
687 505 231 69 Paganis
854 505 252 69 eorumque
1043 505 231 69 templis
1211 505 105 69 &
1253 505 210 69 sacris
1399 505 356 69 subuertendis,
1693 505 252 69 breuibus
1882 505 168 69 baec
1965 505 189 69 praeci-

489 561 241 82 piuntur
665 561 110 82 a
708 561 241 82 domino.
884 561 175 82 Quum
994 561 263 82 eiecerit
1191 561 175 82 ante
1301 561 132 82 te
1366 561 241 82 dominus
1542 561 175 82 deus
1652 561 219 82 Gentes
1805 561 241 82 multas,
1959 561 197 82 extermi

494 613 183 69 nabis
616 613 163 69 eas.
718 613 143 69 nec
799 613 204 69 ferias
942 613 143 69 cum
1023 613 143 69 eis
1104 613 224 69 pactum,
1267 613 143 69 nec
1349 613 285 69 miserearis
1573 613 204 69 eorum,
1715 613 143 69 nec
1797 613 204 69 iungas
1939 613 143 69 cum
2020 613 143 69 eis
2082 613 81 69 at

494 679 277 72 finitatem:
712 679 217 72 quoniam
870 679 198 72 filium
1008 679 158 72 tuum
1107 679 257 72 seducent,
1305 679 119 72 ut
1364 679 217 72 seruiat
1522 679 158 72 dijs
1621 679 237 72 alienis,
1799 679 99 72 &
1839 679 257 72 irascatur
2017 679 138 72 furor

499 736 157 64 meus
598 736 196 64 contra
735 736 137 64 te,
813 736 98 64 &
853 736 196 64 deleam
990 736 137 64 te.
1069 736 137 64 Sic
1147 736 177 64 autem
1265 736 196 64 facies
1402 736 157 64 eis,
1500 736 157 64 Aras
1598 736 177 64 eorum
1716 736 255 64 diruetis,
1912 736 216 64 statuas
2050 736 98 64 eo-

495 787 149 70 rum
580 787 362 70 confringetis,
878 787 192 70 lucos
1006 787 192 70 eorum
1133 787 319 70 succidetis,
1389 787 106 70 &
1431 787 298 70 simulachra
1665 787 192 70 eorum
1793 787 319 70 comburetis.
2049 787 149 70 Nam

503 838 224 83 populus
666 838 224 83 sanctus
829 838 122 83 es
890 838 245 83 tudomino
1073 838 143 83 deo
1155 838 163 83 tuo,
1257 838 102 83 &
1298 838 122 83 te
1359 838 204 83 elegit
1502 838 224 83 dominus
1665 838 163 83 deus
1767 838 183 83 tuus,
1889 838 122 83 ut
1950 838 143 83 sis
2032 838 122 83 ei
2072 838 82 83 po

499 891 189 85 pulus
625 891 314 85 peculiaris.
876 891 189 85 Eadem
1002 891 147 85 lex
1086 891 231 85 ponitur
1254 891 189 85 Exodi
1379 891 147 85 23.
1463 891 105 85 &
1505 891 273 85 repetitur
1715 891 189 85 Deut.
1841 891 147 85 12.
1924 891 147 85 Huc
1987 891 168 85 perti-

490 957 160 62 nent
590 957 181 62 leges
711 957 301 62 promulgatae
951 957 201 62 contra
1092 957 221 62 statuas
1252 957 100 62 &
1292 957 261 62 imagines.
1493 957 201 62 Leuit.
1633 957 160 62 159.
1734 957 181 62 dicit
1854 957 241 62 dominus,
2035 957 120 62 Ne
2075 957 80 62 re

504 1003 251 76 spiciatis
697 1003 116 76 ad
755 1003 193 76 idola,
890 1003 174 76 neque
1005 1003 154 76 deos
1102 1003 212 76 fusiles
1256 1003 174 76 uobis
1372 1003 251 76 faciatis:
1565 1003 135 76 ego
1642 1003 212 76 dominus
1796 1003 154 76 deus
1893 1003 212 76 uester.
2047 1003 154 76 Item

501 1060 135 71 26.
578 1060 154 71 cap.
674 1060 116 71 Ne
732 1060 250 71 feceritis
924 1060 173 71 uobis
1040 1060 193 71 idolum
1175 1060 135 71 aut
1252 1060 270 71 sculptile,
1464 1060 173 71 neque
1579 1060 212 71 statuam
1733 1060 270 71 erexeritis
1945 1060 193 71 uobis,
2061 1060 96 71 sed

503 1122 143 70 nec
584 1122 225 70 lapidem
748 1122 266 70 figuratum
953 1122 225 70 ponatis
1117 1122 123 70 in
1178 1122 184 70 terra
1301 1122 225 70 uestra,
1465 1122 123 70 ut
1526 1122 246 70 adoretis
1711 1122 123 70 ad
1772 1122 164 70 eum:
1874 1122 164 70 quia
1977 1122 143 70 ego
2038 1122 123 70 domi

496 1182 142 63 nus
577 1182 162 63 deus
678 1182 223 63 uester.
840 1182 162 63 Item
942 1182 182 63 Deut.
1063 1182 142 63 16.
1144 1182 142 63 Non
1226 1182 264 63 plantabis
1428 1182 162 63 tibi
1530 1182 182 63 lucum
1651 1182 122 63 ex
1712 1182 182 63 ullis
1834 1182 264 63 arboribus
2016 1182 142 63 iuxta

493 1239 165 62 aram
596 1239 206 62 domini
740 1239 144 62 dei
822 1239 144 62 tui
905 1239 103 62 :
946 1239 185 62 neque
1069 1239 206 62 eriges
1213 1239 144 62 ibi
1295 1239 226 62 statuam
1460 1239 165 62 quam
1563 1239 165 62 odit
1666 1239 226 62 dominus
1830 1239 165 62 deus
1933 1239 185 62 tuus.
2036 1239 123 62 Sunt

504 1281 179 89 autem
623 1281 179 89 huius
743 1281 219 89 generis
901 1281 179 89 leges
1021 1281 238 89 plurimae
1199 1281 199 89 passim
1338 1281 119 89 in
1398 1281 278 89 scripturis
1617 1281 278 89 expositae.

575 1350 118 63 De
634 1350 295 63 pauperibus,
871 1350 217 63 uiduis,
1028 1350 256 63 pupillis,
1225 1350 236 63 orphanis
1402 1350 98 63 &
1441 1350 276 63 peregrinis
1658 1350 157 63 bene
1756 1350 276 63 tractandis
1973 1350 138 63 ita
2032 1350 118 63 prae

497 1402 186 58 cipit
621 1402 247 58 dominus,
807 1402 206 58 Nullam
951 1402 206 58 uiduam
1095 1402 144 58 nec
1178 1402 247 58 pupillum
1363 1402 309 58 affligetis.
1610 1402 124 58 Si
1672 1402 165 58 uero
1775 1402 206 58 omnino
1920 1402 186 58 illos
2023 1402 144 58 affli

498 1458 164 74 gere
600 1458 348 74 perrexeritis,
887 1458 225 74 indubie
1051 1458 123 74 ad
1112 1458 123 74 me
1174 1458 287 74 clamabunt,
1399 1458 102 74 &
1440 1458 143 74 ego
1522 1458 287 74 certissime
1747 1458 246 74 exaudiam
1932 1458 164 74 eos,
2034 1458 102 74 &
2055 1458 102 74 ira

513 1506 150 68 scar
607 1506 187 68 uobis,
738 1506 112 68 ac
794 1506 281 68 interficiam
1019 1506 131 68 uos
1094 1506 206 68 gladio,
1244 1506 94 68 &
1281 1506 169 68 erunt
1393 1506 187 68 uxores
1524 1506 206 68 uestrae
1674 1506 206 68 uiduae,
1824 1506 94 68 &
1861 1506 169 68 filij
1974 1506 187 68 uestri
2086 1506 75 68 or

494 1568 140 68 bi.
574 1568 140 68 Huc
654 1568 240 68 pertinet
835 1568 160 68 bona
935 1568 160 68 pars
1035 1568 160 68 cap.
1135 1568 140 68 15.
1215 1568 120 68 in
1275 1568 180 68 Deut.
1396 1568 120 68 In
1456 1568 140 68 24.
1536 1568 160 68 cap.
1636 1568 120 68 Ne
1696 1568 240 68 declines
1876 1568 240 68 iudicium
2037 1568 120 68 pere

501 1621 178 84 grini
620 1621 99 84 &
659 1621 218 84 pupilli
818 1621 178 84 atque
936 1621 198 84 uidue.
1075 1621 257 84 Memineris
1273 1621 138 84 que
1352 1621 99 84 &
1391 1621 119 84 tu
1451 1621 198 84 fueris
1589 1621 277 84 peregrinus
1807 1621 119 84 in
1866 1621 178 84 terra
1965 1621 198 84 Aegypti-

572 1684 124 62 De
634 1684 247 62 testibus
820 1684 103 62 &
861 1684 309 62 testimonijs
1108 1684 124 62 in
1170 1684 227 62 iudicio
1335 1684 309 62 recipiendis
1582 1684 103 62 &
1623 1684 330 62 repudiandis,
1891 1684 227 62 paucula
2035 1684 124 62 haec

496 1732 267 67 traduntur
702 1732 123 67 in
764 1732 185 67 lege.
887 1732 144 67 Non
969 1732 206 67 stabit
1113 1732 206 67 testis
1257 1732 164 67 unus
1360 1732 206 67 contra
1503 1732 247 67 aliquem,
1688 1732 247 67 quicquid
1873 1732 185 67 illud
1976 1732 185 67 peccati

505 1782 103 70 &
547 1782 269 70 facinoris
753 1782 227 70 fuerit:
919 1782 145 70 sed
1001 1782 124 70 in
1063 1782 145 70 ore
1146 1782 207 70 duorum
1290 1782 145 70 aut
1373 1782 186 70 trium
1497 1782 207 70 stabit
1642 1782 165 70 omne
1745 1782 227 70 uerbum.
1910 1782 165 70 Quod
2013 1782 124 70 si
2055 1782 103 70 ste

494 1842 188 70 terit
620 1842 209 70 testis
766 1842 209 70 mendax
912 1842 209 70 contra
1059 1842 230 70 hominem
1226 1842 251 70 accusans
1414 1842 146 70 eum
1498 1842 439 70 praeuaricationis,
1874 1842 230 70 iudices
2021 1842 146 70 dili-

495 1905 214 74 genter
644 1905 278 74 inquirent
858 1905 128 74 ac
922 1905 363 74 scrutabuntur,
1221 1905 214 74 cumque
1371 1905 385 74 deprehenderint
1692 1905 214 74 testem
1841 1905 235 74 dixisse
1991 1905 171 74 menda-

503 1956 179 62 cium,
622 1956 219 62 reddent
781 1956 119 62 ei
841 1956 199 62 sicuti
980 1956 199 62 fratri
1119 1956 139 62 suo
1198 1956 199 62 facere
1338 1956 278 62 cogitauit,
1556 1956 99 62 &
1596 1956 219 62 auferes
1755 1956 179 62 malum
1874 1956 119 62 de
1933 1956 179 62 medio
2033 1956 119 62 tui-

500 2006 255 64 Caeterum
691 2006 298 64 iuramentum
925 2006 170 64 quod
1031 2006 234 64 exigant
1201 2006 234 64 iudices
1371 2006 106 64 &
1414 2006 276 64 praestent
1627 2006 319 64 litigantes,
1882 2006 149 64 uel
1945 2006 213 64 testimo-

498 2074 141 58 nia
578 2074 262 58 dicentes,
780 2074 181 58 iubet
901 2074 181 58 fieri
1021 2074 221 58 dominus
1182 2074 141 58 sub
1263 2074 322 58 obtestatione
1525 2074 101 58 &
1565 2074 302 58 inuocatione
1807 2074 201 58 diuini
1948 2074 242 58 nominis,

505 2124 102 81 &
545 2124 205 81 solius
689 2124 225 81 quidem,
852 2124 205 81 Deute.
995 2124 143 81 19.
1057 2124 102 81 &c.

576 2177 184 66 Porro
698 2177 348 66 appellationis
985 2177 225 66 speciem
1149 2177 184 66 habet
1272 2177 164 66 quod
1375 2177 205 66 toties
1518 2177 184 66 iubet
1641 2177 184 66 Moses
1764 2177 123 66 in
1825 2177 205 66 caussa
1969 2177 184 66 dubia
2071 2177 82 66 et

489 2232 271 68 difficili
698 2232 271 68 recurrere
906 2232 229 68 iudices
1073 2232 125 68 ad
1135 2232 208 68 summum
1281 2232 313 68 sacerdotem,
1531 2232 229 68 adeoque
1698 2232 125 68 ad
1760 2232 188 68 ipsum
1885 2232 167 68 deum
1989 2232 146 68 uel
2052 2232 104 68 di-

498 2300 179 58 uinum
617 2300 258 58 oraculum:
816 2300 198 58 sicuti
954 2300 198 58 uidere
1093 2300 179 58 licet
1212 2300 179 58 Exodi
1331 2300 139 58 18.
1411 2300 99 58 &
1450 2300 179 58 Deut.
1569 2300 119 58 5.
1629 2300 99 58 &
1668 2300 139 58 16.
1728 2300 119 58 cap.

569 2332 120 79 De
629 2332 221 79 Nuptijs
790 2332 261 79 legitimis
991 2332 201 79 contra
1131 2332 241 79 incestas
1312 2332 100 79 &
1352 2332 241 79 inutiles
1533 2332 241 79 nuptias,
1713 2332 161 79 item
1814 2332 120 79 de
1874 2332 241 79 gradibus
2055 2332 141 79 con

500 2397 314 74 sanguinitatis
758 2397 92 74 &
795 2397 295 74 affinitatis,
1035 2397 332 74 diligentissime
1311 2397 277 74 praecipitur
1533 2397 184 74 Leuit.
1662 2397 129 74 18.
1736 2397 148 74 cap.
1828 2397 129 74 tum
1902 2397 92 74 &
1939 2397 166 74 alijs
2049 2397 111 74 in
2086 2397 74 74 lo

490 2452 141 71 cis
571 2452 243 71 librorum
753 2452 202 71 Mosis.
894 2452 182 71 Certe
1015 2452 141 71 ubi
1096 2452 141 71 non
1177 2452 162 71 sunt
1278 2452 263 71 legitimae
1480 2452 243 71 nuptiae,
1662 2452 141 71 ibi
1743 2452 202 71 nullum
1864 2452 283 71 matrimonium:

495 2531 134 57 qui
571 2531 153 57 ergo
667 2531 249 57 nascuntur
858 2531 210 57 liberi,
1011 2531 191 57 spurij
1145 2531 268 57 censentur:
1356 2531 134 57 nec
1432 2531 153 57 ulla
1528 2531 134 57 ibi
1605 2531 287 57 haereditas,
1834 2531 191 57 nullae
1949 2531 153 57 dotes,

580 2565 258 74 Praecipit
778 2565 218 74 dominus
937 2565 277 74 parentibus
1155 2565 198 74 multis
1293 2565 119 74 in
1353 2565 178 74 locis
1472 2565 178 74 legis
1590 2565 178 74 suae,
1709 2565 119 74 ut
1769 2565 218 74 liberos
1927 2565 158 74 suos
2006 2565 139 74 hone-

496 2620 132 77 ste
572 2620 226 77 educent,
741 2620 94 77 &
779 2620 189 77 sancte
911 2620 283 77 instituant.
1138 2620 170 77 Inter
1251 2620 170 77 alia,
1364 2620 226 77 Inculca,
1534 2620 208 77 inquit,
1685 2620 170 77 uerba
1798 2620 151 77 ista
1893 2620 151 77 quae
1987 2620 132 77 ego
2044 2620 113 77 tibi

498 2676 261 80 praecipio
699 2676 181 80 hodie
819 2676 201 80 filijs
960 2676 181 80 tuis,
1080 2676 100 80 &
1121 2676 241 80 loqueris
1301 2676 121 80 de
1362 2676 141 80 eis
1442 2676 141 80 cum
1522 2676 161 80 domi
1623 2676 161 80 tuae
1723 2676 241 80 resides,
1904 2676 100 80 &
1944 2676 141 80 cum
2004 2676 141 80 ambu-

497 2731 138 72 las
576 2731 118 72 in
635 2731 237 72 itinere,
813 2731 138 72 cum
892 2731 158 72 abis
990 2731 237 72 cubitum,
1168 2731 99 72 &
1207 2731 138 72 cum
1286 2731 217 72 surgis.
1444 2731 217 72 Ligabis
1602 2731 217 72 denique
1760 2731 118 72 ea
1819 2731 118 72 in
1878 2731 197 72 signum
2016 2731 118 72 ad
2055 2731 99 72 ma-

489 2789 147 76 num
573 2789 189 76 tuam,
699 2789 252 76 eruntque
888 2789 273 76 monimenta
1097 2789 189 76 inter
1223 2789 210 76 oculos
1370 2789 189 76 tuos,
1496 2789 231 76 scribes
1664 2789 210 76 quoque
1810 2789 126 76 ea
1873 2789 189 76 super
1978 2789 168 76 postes

493 2851 178 66 domus
612 2851 178 66 tuae,
731 2851 99 66 &
771 2851 119 66 in
830 2851 198 66 portis
969 2851 178 66 tuis,
1068 2851 99 66 &c.

556 2898 213 71 Rursus
705 2898 128 71 de
768 2898 319 71 honorandis,
1024 2898 277 71 colendis,
1236 2898 298 71 alendisque
1470 2898 319 71 parentibus,
1726 2898 149 71 non
1811 2898 170 71 modo
1917 2898 128 71 in
1960 2898 191 71 morali-

492 2952 160 98 bus,
592 2952 140 98 sed
672 2952 180 98 etiam
791 2952 120 98 in
851 2952 319 98 iudicialibus
1111 2952 219 98 legibus
1270 2952 219 98 quaedam
1430 2952 319 98 proponuntur,
1689 2952 219 98 quibus,
1829 2952 319 98 diligentissime
