2288 3632
446 377 219 66 unquam
600 377 175 66 mali
709 377 329 66 concupiuit:
972 377 153 66 aut
1060 377 175 66 quis
1169 377 153 66 non
1257 377 329 66 concupiscit
1520 377 263 66 quotidie
1718 377 110 66 :
1761 377 329 66 lmperfectio
2002 377 132 66 ergo

443 427 111 68 &
487 427 266 68 peccatum
687 427 177 68 lege
798 427 155 68 uel
886 427 244 68 indicio
1064 427 200 68 legis
1197 427 377 68 deprehenditur
1507 427 133 68 in
1574 427 244 68 homine,
1751 427 133 68 ut
1818 427 155 68 non
1906 427 200 68 dicam
2017 427 111 68 hic

447 482 192 69 aliud
574 482 255 69 grauius.
766 482 170 69 Quid
872 482 149 69 hic
957 482 255 69 dicemus?
1149 482 149 69 Vbi
1234 482 149 69 oro
1319 482 234 69 apparet
1490 482 128 69 in
1553 482 213 69 homine
1702 482 213 69 diuina
1851 482 106 69 &
1873 482 255 69 perfectis-

445 536 157 67 sima
544 536 177 67 illa,
662 536 157 67 quam
760 536 138 67 lex
839 536 256 67 requirit,
1036 536 256 67 iustitia:
1233 536 138 67 lob
1311 536 217 67 clamat,
1469 536 157 67 Vere
1567 536 157 67 scio
1666 536 157 67 quod
1764 536 138 67 non
1823 536 315 67 iustificabitur

444 595 178 67 homo
555 595 311 67 compositus
799 595 178 67 deo.
910 595 178 67 Vel,
1021 595 244 67 Quomodo
1199 595 222 67 iustus
1355 595 311 67 inuenietur
1599 595 178 67 homo
1710 595 133 67 si
1777 595 311 67 conferatur
2021 595 155 67 cum

446 653 175 75 deo?
555 653 131 75 Si
621 653 262 75 uoluerit
817 653 305 75 contendere
1057 653 153 75 cum
1144 653 153 75 eo,
1232 653 153 75 non
1319 653 240 75 poterit
1493 653 131 75 ei
1559 653 305 75 respondere
1799 653 175 75 unum
1908 653 153 75 pro
1973 653 153 75 mille

441 707 203 65 ltem,
577 707 135 65 Si
645 707 271 65 quippiam
848 707 226 65 iustum
1006 707 271 65 habuero,
1209 707 158 65 non
1299 707 339 65 respondebo,
1570 707 158 65 sed
1660 707 181 65 meum
1773 707 248 65 iudicem
1931 707 203 65 depreca

445 758 169 69 bor,
551 758 148 69 &c.
635 758 254 69 Succinit
826 758 169 69 huic
931 758 233 69 Ioannes
1101 758 296 69 apostolus,
1333 758 106 69 &
1376 758 169 69 ait,
1481 758 127 69 Si
1545 758 296 69 dixerimus,
1777 758 254 69 Peccatum
1968 758 148 69 non
2031 758 106 69 ha-

447 823 205 68 bemus,
591 823 246 68 nosipsos
776 823 267 68 fallimus,
981 823 103 68 &
1022 823 226 68 ueritas
1186 823 123 68 in
1248 823 185 68 nobis
1371 823 144 68 non
1453 823 164 68 est.
1555 823 185 68 Item,
1679 823 123 68 Si
1740 823 287 68 dixerimus,
1966 823 144 68 Non
2027 823 103 68 pec

444 877 259 68 cauimus,
639 877 259 68 mendacem
833 877 237 68 facimus
1006 877 173 68 eum,
1114 877 108 68 &
1157 877 194 68 sermo
1286 877 173 68 eius
1394 877 151 68 non
1480 877 151 68 est
1567 877 130 68 in
1632 877 216 68 nobis.
1783 877 237 68 Proinde
1955 877 151 68 hac
2020 877 108 68 ra-

446 937 205 67 tione
583 937 159 67 lex
674 937 273 67 speculum
878 937 250 67 quoddam
1060 937 182 67 est,
1174 937 136 67 in
1242 937 159 67 quo
1333 937 364 67 contemplamur
1628 937 250 67 nostram
1787 937 341 67 corruptionem,

447 989 390 64 imbecillitatem,
776 989 329 64 impotentiam,
1043 989 390 64 imperfectionem,
1372 989 247 64 iudicium
1557 989 247 64 nostrum,
1742 989 123 64 id
1803 989 164 64 est,
1906 989 205 64 iustam
2029 989 103 64 no-

457 1040 191 62 stram
584 1040 404 62 condemnationem.
924 1040 149 62 Nam
1009 1040 276 62 apostolus
1222 1040 234 62 diserte
1391 1040 212 62 dicit,
1540 1040 191 62 legem
1668 1040 170 62 esse
1774 1040 212 62 latam,
1923 1040 127 62 ut
1986 1040 191 62 palam

454 1098 231 74 faceret
622 1098 420 74 transgressiones,
979 1098 189 74 atque
1105 1098 126 74 eo
1168 1098 168 74 modo
1273 1098 231 74 cogeret
1441 1098 231 74 homines
1609 1098 126 74 ad
1672 1098 294 74 agnitionem
1903 1098 168 74 suae
1987 1098 147 74 imper

455 1152 262 64 fectionis
657 1152 202 64 suique
798 1152 222 64 reatus.
959 1152 161 64 Nemo
1060 1152 161 64 enim
1161 1152 222 64 nostrum
1322 1152 242 64 sibijpsi
1504 1152 121 64 in
1564 1152 182 64 sinum
1685 1152 101 64 &
1726 1152 121 64 in
1786 1152 222 64 proprij
1927 1152 202 64 pectoris

455 1215 143 66 sui
536 1215 245 66 latebras
720 1215 266 66 inspicit,
925 1215 143 66 sed
1007 1215 286 66 indulgemus
1231 1215 184 66 nobis
1354 1215 204 66 omnes,
1497 1215 143 66 nec
1579 1215 286 66 arbitramur
1804 1215 143 66 res
1886 1215 225 66 nostras
2029 1215 102 66 ita

464 1279 258 58 corruptas
663 1279 179 58 esse,
782 1279 119 58 ut
842 1279 199 58 reuera
981 1279 179 58 sunt:
1100 1279 139 58 lex
1180 1279 159 58 ergo
1279 1279 179 58 subit
1398 1279 99 58 &
1438 1279 219 58 excutit
1597 1279 179 58 animi
1717 1279 99 58 &
1756 1279 239 58 pectoris
1935 1279 199 58 nostri
2054 1279 80 58 om

448 1323 155 66 nes
536 1323 288 66 latebras,
758 1323 111 66 &
802 1323 244 66 profert
979 1323 266 66 peccatum
1179 1323 111 66 &
1223 1323 199 66 omnem
1356 1323 244 66 nostram
1533 1323 376 66 corruptionem.
1843 1323 177 66 Ante
1954 1323 221 66 legem,

460 1383 212 58 inquit
608 1383 296 58 apostolus,
841 1383 169 58 etsi
946 1383 254 58 peccatum
1137 1383 190 58 esset
1264 1383 127 58 in
1327 1383 212 58 mundo,
1475 1383 148 58 non
1560 1383 190 58 tamen
1687 1383 317 58 imputabatur
1941 1383 148 58 uel
2004 1383 127 58 repu

452 1436 244 58 tabatur.
635 1436 163 58 Idem
737 1436 224 58 quoque,
899 1436 142 58 Lex
981 1436 163 58 iram
1083 1436 265 58 operatur,
1286 1436 163 58 ait,
1388 1436 142 58 Nam
1469 1436 142 58 ubi
1551 1436 142 58 non
1632 1436 142 58 est
1714 1436 163 58 lex,
1815 1436 142 58 ibi
1897 1436 142 58 nec
1958 1436 183 58 praeua-

457 1493 248 66 ricatio.
643 1493 124 66 Et
705 1493 227 66 iterum,
870 1493 145 66 Per
953 1493 186 66 legem
1077 1493 145 66 est
1159 1493 227 66 agnitio
1325 1493 248 66 peccati.
1511 1493 145 66 Nam
1593 1493 124 66 ad
1655 1493 165 66 Rom.
1758 1493 124 66 7.
1820 1493 165 66 idem
1903 1493 227 66 apostolus

450 1552 236 68 plenius
621 1552 214 68 dicit,
771 1552 257 68 Peccatum
963 1552 150 68 non
1049 1552 236 68 cognoui
1220 1552 171 68 nisi
1327 1552 150 68 per
1413 1552 214 68 legem.
1563 1552 150 68 Nam
1649 1552 107 68 &
1691 1552 407 68 concupiscentiam
2034 1552 150 68 non

457 1616 270 58 nouissem,
665 1616 166 58 nisi
769 1616 145 58 lex
852 1616 270 58 dixisset,
1059 1616 145 58 Non
1142 1616 332 58 concupisces.
1412 1616 145 58 Sed
1495 1616 270 58 occasione
1702 1616 228 58 accepta
1868 1616 249 58 peccatum
2034 1616 104 58 per

460 1664 305 68 praeceptum
700 1664 218 68 genuit
853 1664 131 68 in
918 1664 131 68 me
984 1664 196 68 omnem
1115 1664 436 68 concupiscentiam.
1486 1664 262 68 Siquidem
1682 1664 218 68 absque
1835 1664 175 68 lege
1922 1664 218 68 peccatum

461 1723 182 60 erat
575 1723 273 60 mortuum:
780 1723 159 60 ego
871 1723 205 60 autem
1008 1723 251 60 uiuebam
1190 1723 182 60 sine
1304 1723 182 60 lege
1418 1723 251 60 quondam
1600 1723 114 60 :
1646 1723 273 60 ueniente
1851 1723 205 60 autem
1965 1723 159 60 manda

453 1770 153 64 to,
541 1770 263 64 peccatum
738 1770 263 64 reuixit:
935 1770 153 64 ego
1022 1770 175 64 uero
1132 1770 241 64 mortuus
1307 1770 175 64 sum.
1416 1770 131 64 Et
1482 1770 263 64 repertum
1679 1770 153 64 est
1767 1770 263 64 mandatum
1964 1770 175 64 quod
2051 1770 88 64 in

454 1825 256 69 stitutum
646 1825 171 69 erat
753 1825 128 69 ad
817 1825 213 69 uitam,
966 1825 171 69 mihi
1073 1825 213 69 cedere
1222 1825 128 69 ad
1286 1825 235 69 mortem.
1457 1825 128 69 Et
1521 1825 256 69 reliqua.
1713 1825 149 69 Nam
1798 1825 171 69 bona
1905 1825 171 69 pars
1991 1825 149 69 huius

463 1880 213 60 capitis
617 1880 135 60 huc
695 1880 251 60 pertinet.
888 1880 135 60 Est
965 1880 193 60 itaque
1101 1880 135 60 hoc
1178 1880 232 60 proprium
1352 1880 174 60 Mosis
1468 1880 251 60 officium,
1662 1880 232 60 legisque
1836 1880 155 60 usus
1932 1880 97 60 &
1952 1880 193 60 effectus

452 1935 310 72 primarius,
696 1935 288 72 ostendere
917 1935 222 72 homini
1072 1935 222 72 morbum
1227 1935 177 72 siue
1338 1935 288 72 peccatum.

566 1993 146 68 Qui
650 1993 188 68 autem
775 1993 146 68 hic
859 1993 313 68 subsistunt,
1109 1993 146 68 nec
1193 1993 188 68 ullum
1318 1993 272 68 praeterea
1527 1993 188 68 legis
1652 1993 167 68 usum
1757 1993 104 68 &
1799 1993 251 68 effectum
1966 1993 167 68 osten-

458 2047 199 75 dunt,
591 2047 111 75 &
635 2047 155 75 non
723 2047 376 75 progrediuntur
1033 2047 288 75 ulterius,
1255 2047 199 75 quasi
1387 2047 199 75 Moses
1520 2047 199 75 nihil
1653 2047 199 75 aliud
1786 2047 177 75 quam
1897 2047 266 75 iugulet,
2074 2047 66 75 &

459 2107 152 68 lex
546 2107 260 68 duntaxat
741 2107 260 68 occidat,
936 2107 152 68 non
1023 2107 152 68 uno
1110 2107 173 68 modo
1218 2107 152 68 nec
1305 2107 239 68 leuiter
1478 2107 390 68 hallucinantur,
1804 2107 282 68 Repetimus
1999 2107 130 68 qui-

464 2160 146 64 dem
548 2160 104 64 &
589 2160 229 64 dicimus
756 2160 355 64 proprijssimum
1048 2160 188 64 legis
1173 2160 167 64 opus
1278 2160 167 64 esse
1382 2160 250 64 peccatum
1570 2160 271 64 proferre,
1778 2160 167 64 item
1883 2160 188 64 Mosis
1987 2160 146 64 offi-

456 2218 165 64 cium
560 2218 289 64 praecipuum
786 2218 165 64 esse
890 2218 206 64 docere
1034 2218 165 64 quid
1137 2218 186 64 agas,
1261 2218 103 64 &
1302 2218 186 64 minis
1426 2218 433 64 execrationibusque
1797 2218 227 64 urgere,
1941 2218 186 64 praeser

460 2275 147 57 tim
544 2275 168 57 uero
649 2275 126 57 in
711 2275 314 57 collatione,
963 2275 147 57 cum
1047 2275 272 57 uidelicet
1256 2275 147 57 fex
1340 2275 272 57 confertur
1549 2275 147 57 cum
1633 2275 293 57 euangelio.
1864 2275 147 57 Nam
1947 2275 126 57 in
2010 2275 126 57 2.
2052 2275 84 57 ad

463 2329 247 59 Corinth.
649 2329 165 59 cap.
751 2329 123 59 3.
813 2329 206 59 Paulus
957 2329 185 59 legem
1081 2329 247 59 appellat
1266 2329 247 59 literam,
1451 2329 144 59 mox
1533 2329 103 59 &
1574 2329 309 59 ministerium
1821 2329 226 59 mortis,
1965 2329 165 59 deinde

461 2383 264 69 doctrinam
664 2383 223 69 literis
826 2383 101 69 &
867 2383 264 69 atramento
1070 2383 264 69 exaratam,
1273 2383 203 69 rursus
1415 2383 284 69 insculptam
1638 2383 223 69 tabulis
1800 2383 264 69 lapideis,
2003 2383 101 69 &
2024 2383 101 69 non

452 2443 315 68 perpetuam,
700 2443 158 68 sed
790 2443 270 68 caducam.
993 2443 180 68 Idem
1105 2443 270 68 protinus
1308 2443 113 68 &
1353 2443 135 68 ex
1421 2443 270 68 opposito
1623 2443 315 68 euangelium
1871 2443 203 68 uocat
1983 2443 158 68 mini-

458 2495 228 62 sterium
624 2495 104 62 &
666 2495 270 62 doctrinam
873 2495 270 62 spiritus,
1080 2495 166 62 quae
1184 2495 228 62 maneat,
1350 2495 145 62 non
1433 2495 311 62 intercidat,
1682 2495 166 62 quae
1785 2495 311 62 inscribatur
2014 2495 124 62 cor-

457 2555 209 68 dibus,
603 2555 105 68 &
645 2555 293 68 uiuificet.
875 2555 167 68 Vnde
980 2555 167 68 sane
1084 2555 251 68 libenter
1273 2555 314 68 agnoscimus,
1524 2555 188 68 legem
1649 2555 230 68 proprie
1816 2555 251 68 proferre
1984 2555 146 68 mor-

444 2606 177 70 bum,
554 2606 154 70 sed
643 2606 309 70 euangelium
885 2606 265 70 adhibere
1084 2606 265 70 medelam,
1282 2606 375 70 desperatisque
1591 2606 287 70 remedium.
1812 2606 265 70 Caeterum
1989 2606 132 70 cogi

448 2665 214 56 tandum
597 2665 150 56 est
683 2665 257 56 interim,
876 2665 236 56 sanctos
1047 2665 214 56 patres
1197 2665 236 56 nostros
1368 2665 150 56 non
1454 2665 214 56 tantum
1604 2665 257 56 habuisse
1796 2665 193 56 legem
1925 2665 171 56 quae
2011 2665 128 56 pec-

452 2717 156 71 cati
550 2717 274 71 reuicerit,
765 2717 137 71 aut
843 2717 176 71 Mosen
961 2717 137 71 qui
1039 2717 176 71 nihil
1156 2717 176 71 aliud
1273 2717 156 71 quam
1371 2717 254 71 iugularit
1566 2717 313 71 laniaritque,
1820 2717 176 71 neque
1938 2717 156 71 hunc
2016 2717 117 71 illo

451 2776 266 72 spectasse
655 2776 123 72 ut
717 2776 307 72 uulneraret,
963 2776 143 72 sed
1045 2776 123 72 ut
1106 2776 266 72 mederetur
1311 2776 184 72 etiam
1434 2776 102 72 :
1475 2776 143 72 non
1557 2776 143 72 sua
1639 2776 205 72 quidem
1783 2776 246 72 uirtute,
1967 2776 143 72 sed
2029 2776 102 72 per

446 2835 372 70 manuductionem
753 2835 131 70 ad
819 2835 153 70 eum
906 2835 153 70 qui
994 2835 241 70 alligat
1169 2835 285 70 contritos
1388 2835 219 70 corde,
1541 2835 110 70 &
1585 2835 197 70 sanat
1717 2835 197 70 omnes
1826 2835 307 70 contritiones

455 2890 204 75 eorum.
597 2890 122 75 Is
659 2890 143 75 est
740 2890 265 75 Christus,
944 2890 143 75 qui
1026 2890 184 75 etiam
1148 2890 245 75 operatus
1332 2890 143 75 est
1413 2890 143 75 per
1495 2890 306 75 ministerium
1739 2890 204 75 Mosis.
1882 2890 184 75 Neque
2005 2890 163 75 enim

451 2945 254 66 putandum
641 2945 148 66 est
726 2945 127 66 ab
789 2945 212 66 initio
937 2945 190 66 mundi
1064 2945 148 66 aut
1149 2945 106 66 a
1191 2945 169 66 Mose
1297 2945 127 66 ad
1360 2945 254 66 Christum
1551 2945 190 66 usque
1678 2945 233 66 literam
1847 2945 254 66 duntaxat
2016 2945 106 66 fu-

449 2995 166 91 isse
553 2995 333 91 praedicatam,
824 2995 229 91 gratiam
990 2995 166 91 uero
1094 2995 312 91 spiritumque
1344 2995 146 91 dei
1427 2995 229 91 otiosum
1593 2995 125 91 in
1656 2995 270 91 sanctorum
1864 2995 208 91 animis
1988 2995 146 91 nihil
