2288 3632
99 309 288 106 effecisse.
326 309 206 106 Etenim
470 309 144 106 cum
552 309 144 106 lex
634 309 185 106 nobis
758 309 267 106 ostendit,
963 309 144 106 imo
1046 309 103 106 &
1087 309 411 106 irrefragabiliter
1436 309 226 106 euincit
1601 309 123 106 in
1642 309 144 106 nobis

103 382 141 96 seu
184 382 121 96 in
244 382 182 96 carne
365 382 202 96 nostra
507 382 141 96 non
587 382 162 96 esse
688 382 182 96 illam
810 382 343 96 perfectionem,
1092 382 162 96 quam
1193 382 101 96 a
1234 382 182 96 nobis
1355 382 242 96 requirit
1537 382 121 96 in
1597 382 162 96 lege
1678 382 101 96 sua

98 443 361 86 sanctissimus
391 443 248 86 dominus
572 443 113 86 &
617 443 428 86 perfectissimus,
978 443 270 86 profecto
1180 443 248 86 reuocat
1361 443 113 86 &
1406 443 270 86 retrahit
1586 443 203 86 hominem

107 506 164 79 (non
209 506 143 79 sua
291 506 225 79 quidem,
455 506 143 79 sed
536 506 246 79 spiritus
721 506 225 79 Christi
884 506 328 79 uiuificantis
1150 506 246 79 uirtute)
1335 506 123 79 ab
1396 506 164 79 omni
1498 506 205 79 carne,
1621 506 164 79 utpote

103 553 118 81 in
162 553 138 81 qua
241 553 138 81 non
320 553 138 81 est
399 553 158 81 ulla
497 553 197 81 salus,
635 553 158 81 ulla
733 553 276 81 perfectio:
950 553 177 81 atque
1068 553 138 81 ita
1147 553 138 81 per
1226 553 276 81 consequens
1442 553 276 81 occasionem
1639 553 138 81 nobis

98 615 222 69 praebet
260 615 283 69 diuertendi
482 615 121 69 ad
543 615 283 69 mediatorem
765 615 263 69 Christum,
967 615 142 69 qui
1048 615 182 69 solus
1169 615 142 69 est
1250 615 344 69 sanctificatio
1533 615 101 69 &
1554 615 222 69 perfectio

95 679 240 66 nostra.
270 679 131 66 Et
336 679 197 66 iuxta
467 679 175 66 hanc
576 679 393 66 concomitantiam
904 679 153 66 uel
991 679 306 66 occasionem
1232 679 153 66 lex
1319 679 219 66 quoque
1472 679 153 66 uia
1559 679 109 66 &
1581 679 197 66 compen-

96 724 178 83 dium
207 724 156 83 est
296 724 245 83 adeoque
474 724 111 83 &
519 724 312 83 paedagogus
764 724 223 83 quidam
920 724 289 83 hominibus
1142 724 111 83 a
1187 724 156 83 deo
1276 724 312 83 adhibitus,
1521 724 156 83 qui
1588 724 200 83 abducat

90 784 154 84 nos
178 784 132 84 ab
244 784 176 84 omni
354 784 220 84 uirium
508 784 286 84 nostrarum
728 784 264 84 fiducia,
926 784 132 84 ab
992 784 176 84 omni
1102 784 220 84 operum
1256 784 286 84 nostrorum
1476 784 286 84 respectu,
1674 784 110 84 de-

97 842 166 71 niqe
201 842 125 71 ab
264 842 229 71 omnibus
430 842 291 71 creaturis,
659 842 187 71 recta
784 842 146 71 per
867 842 187 71 fidem
992 842 125 71 ad
1054 842 270 71 Christum,
1262 842 146 71 qui
1345 842 208 71 factus
1491 842 146 71 est
1574 842 208 71 nobis,
1699 842 83 71 ut

99 898 164 68 modo
202 898 247 68 diximus,
387 898 103 68 a
428 898 144 68 deo
510 898 267 68 iustitia,
716 898 349 68 sanctificatio
1003 898 103 68 &
1044 898 288 68 redemptio,
1270 898 185 68 extra
1394 898 164 68 quem
1496 898 144 68 non
1579 898 144 68 est
1661 898 164 68 ulla

86 943 152 87 sub
173 943 174 87 sole
282 943 217 87 salus.
434 943 239 87 Proinde
607 943 195 87 Moses
738 943 152 87 non
825 943 217 87 tantum
977 943 195 87 legem
1107 943 217 87 ursit,
1259 943 152 87 sed
1346 943 109 87 &
1389 943 261 87 Christum
1563 943 217 87 annuncia

99 1009 171 80 uit,
205 1009 107 80 &
248 1009 128 80 in
312 1009 171 80 ipso
418 1009 213 80 uitam.
568 1009 149 80 Nam
653 1009 235 80 dominus
824 1009 128 80 in
888 1009 277 80 euangelio
1101 1009 128 80 ad
1165 1009 235 80 ludaeos
1335 1009 213 80 dicit,
1485 1009 213 80 Nolite
1612 1009 171 80 putare

95 1063 176 74 quod
205 1063 154 74 ego
293 1063 329 74 accusaturus
556 1063 154 74 sim
644 1063 154 74 uos
732 1063 176 74 apud
842 1063 242 74 patrem.
1017 1063 154 74 Est
1105 1063 154 74 qui
1193 1063 242 74 accusat
1369 1063 154 74 uos
1457 1063 220 74 Moses,
1610 1063 132 74 in
1654 1063 110 74 que

93 1112 252 89 speratis.
287 1112 116 89 Si
345 1112 155 89 enim
442 1112 330 89 credidissetis
713 1112 175 89 Mosi,
830 1112 330 89 credidissetis
1101 1112 194 89 utique
1237 1112 175 89 mihi.
1353 1112 116 89 De
1411 1112 116 89 me
1470 1112 155 89 enim
1567 1112 155 89 ille
1644 1112 136 89 scri-

101 1180 169 66 psit.
214 1180 113 66 Et
271 1180 188 66 Paulus
402 1180 113 66 ad
459 1180 226 66 Galatas,
628 1180 113 66 Si
685 1180 151 66 data
779 1180 207 66 fuisset
930 1180 151 66 lex,
1024 1180 207 66 inquit,
1174 1180 151 66 quae
1269 1180 188 66 possit
1400 1180 282 66 uiuificare,
1626 1180 151 66 uere
1702 1180 75 66 ex

95 1230 154 79 lege
191 1230 174 79 esset
307 1230 231 79 iustitia
480 1230 96 79 :
519 1230 135 79 sed
596 1230 251 79 conclusit
789 1230 251 79 scriptura
982 1230 174 79 omnia
1097 1230 135 79 sub
1174 1230 251 79 peccatum,
1367 1230 116 79 ut
1425 1230 251 79 promissio
1618 1230 116 79 ex
1656 1230 116 79 fide

89 1281 163 92 Iesu
191 1281 224 92 Christi
354 1281 224 92 daretur
517 1281 327 92 credentibus.
782 1281 265 92 Caeterum,
987 1281 245 92 antequam
1170 1281 245 92 uenisset
1354 1281 204 92 fides,
1497 1281 143 92 sub
1578 1281 163 92 lege
1660 1281 102 92 cu-

95 1337 328 92 stodiebamur,
361 1337 246 92 conclusi
545 1337 123 92 in
607 1337 143 92 eam
689 1337 184 92 fidem
812 1337 164 92 quae
914 1337 164 92 erat
1017 1337 287 92 reuelanda.
1242 1337 205 92 Itaque
1386 1337 143 92 lex
1468 1337 287 92 paedagogus
1673 1337 102 92 no-

89 1397 157 73 ster
187 1397 157 73 fuit
285 1397 118 73 ad
344 1397 255 73 Christum,
540 1397 118 73 ut
599 1397 118 73 ex
658 1397 157 73 fide
756 1397 372 73 iustificaremur.
1069 1397 118 73 En
1128 1397 157 73 quid
1226 1397 216 73 poterat
1383 1397 157 73 dici
1481 1397 235 73 planius,
1657 1397 157 73 quam

86 1444 195 92 legem
216 1444 195 92 omnes
346 1444 325 92 conclusisse
606 1444 152 92 sub
693 1444 282 92 peccatum?
910 1444 152 92 Sed
996 1444 130 92 in
1061 1444 173 92 quem
1169 1444 217 92 finem?
1321 1444 130 92 Vt
1386 1444 282 92 promissio
1603 1444 130 92 ex
1646 1444 130 92 fide

92 1502 163 91 Iesu
193 1502 224 91 daretur
356 1502 326 91 credentibus.
621 1502 122 91 Et
682 1502 224 91 iterum,
845 1502 244 91 Antequam
1028 1502 244 91 uenisset
1211 1502 204 91 fides,
1354 1502 122 91 id
1415 1502 143 91 est
1496 1502 163 91 ille
1598 1502 122 91 in
1639 1502 122 91 quem

96 1558 195 94 fides
227 1558 217 94 nostra
379 1558 282 94 dirigitur
596 1558 109 94 &
639 1558 282 94 incumbit,
856 1558 152 94 sub
943 1558 174 94 lege
1052 1558 391 94 custodiebamur.
1377 1558 261 94 Quomodo?
1551 1558 217 94 Conclusi

98 1624 209 83 utique
244 1624 125 83 in
307 1624 146 83 eam
391 1624 188 83 fidem
516 1624 167 83 quae
621 1624 167 83 erat
725 1624 293 83 reuelanda.
955 1624 251 83 Conclusi
1144 1624 167 83 ergo
1248 1624 188 83 erant
1374 1624 209 83 patres
1520 1624 167 83 lege
1604 1624 167 83 necubi

89 1684 298 68 erumperent
323 1684 106 68 &
365 1684 192 68 alibi
493 1684 170 68 quam
599 1684 128 68 in
663 1684 234 68 Christo
834 1684 234 68 salutem
1004 1684 106 68 &
1046 1684 192 68 uitam
1174 1684 319 68 quaererent.
1429 1684 234 68 Proinde
1600 1684 128 68 ad
1642 1684 128 68 Chri

85 1731 165 89 stum
189 1731 186 89 recta
313 1731 145 89 per
395 1731 186 89 fidem
520 1731 227 89 adduxit
685 1731 165 89 lex.
788 1731 124 89 Et
850 1731 186 89 adhuc
974 1731 248 89 planius,
1160 1731 145 89 Lex
1243 1731 186 89 fuit,
1367 1731 227 89 inquit,
1512 1731 248 89 paedagogus

82 1793 217 81 noster
234 1793 130 81 ad
299 1793 282 81 Christum.
516 1793 130 81 En
581 1793 195 81 ducit
712 1793 152 81 lex
798 1793 130 81 ad
864 1793 260 81 Christum
1059 1793 217 81 etiam.
1211 1793 130 81 Et
1276 1793 217 81 iterum
1428 1793 347 81 subiungitur,
1688 1793 87 81 Vt

88 1849 127 78 ex
151 1849 169 78 fide
257 1849 402 78 iustificaremur.
596 1849 233 78 Proinde
765 1849 148 78 lex
849 1849 254 78 promouet
1040 1849 190 78 ueram
1167 1849 275 78 doctrinam
1378 1849 423 78 iustificationis,

87 1902 266 82 manifeste
291 1902 205 82 docens
435 1902 164 82 fide
537 1902 123 82 in
599 1902 246 82 Christum
783 1902 164 82 nos,
885 1902 143 82 non
967 1902 246 82 operibus
1152 1902 225 82 nostris
1315 1902 328 82 iustificari.
1582 1902 143 82 Qua
1643 1902 123 82 par-

86 1958 120 77 te
146 1958 239 77 miscetur
325 1958 299 77 apertissime
564 1958 279 77 euangelio,
784 1958 319 77 euangelijque
1043 1958 239 77 officium
1222 1958 159 77 sibi
1322 1958 199 77 sumit:
1461 1958 139 77 nec
1541 1958 199 77 mirum,
1660 1958 100 77 cum

84 2010 205 87 multis
228 2010 185 87 ipsum
352 2010 288 87 euangelium
577 2010 226 87 ipsorum
742 2010 185 87 culpa
865 2010 164 87 fiat
968 2010 226 87 litera.
1132 2010 267 87 Praeterea
1338 2010 164 87 idem
1440 2010 267 87 apostolus
1625 2010 144 87 alibi

82 2065 205 81 dicit,
225 2065 123 81 in
286 2065 327 81 sacrificijs,
552 2065 286 81 peccatorum
777 2065 205 81 factas
920 2065 164 81 esse
1023 2065 409 81 commemorationes,
1370 2065 123 81 in
1432 2065 205 81 quibus
1575 2065 102 81 &
1595 2065 164 81 expia-

83 2121 227 71 tionem
242 2121 386 71 praefiguratam
561 2121 182 71 esse
674 2121 250 71 scimus.
856 2121 341 71 Manduxerunt
1129 2121 182 71 ergo
1242 2121 136 71 ad
1310 2121 273 71 Christum
1515 2121 114 71 &
1538 2121 227 71 caeremo-

89 2183 203 75 niales
231 2183 203 75 leges,
373 2183 345 75 demonstrantes
658 2183 406 75 testificantesque
1003 2183 183 75 illum
1125 2183 183 75 solum
1247 2183 142 75 nos
1328 2183 264 75 repurgare
1531 2183 122 75 ab
1572 2183 183 75 omnibus

95 2237 262 80 peccatis.
297 2237 141 80 lam
377 2237 161 80 ergo
478 2237 323 80 concludimus,
740 2237 182 80 Mosis
861 2237 242 80 legisque
1043 2237 242 80 officium
1224 2237 202 80 fuisse
1366 2237 101 80 &
1406 2237 182 80 esse,
1527 2237 222 80 aperire
1668 2237 101 80 no-

92 2291 149 88 bis
177 2291 256 88 peccatum
369 2291 107 88 &
412 2291 256 88 iudicium
604 2291 256 88 nostrum,
796 2291 149 88 sed
882 2291 235 88 interim
1052 2291 214 88 quoque
1202 2291 107 88 &
1245 2291 149 88 per
1330 2291 299 88 occasionem
1543 2291 214 88 adducere

83 2334 142 85 ad
154 2334 307 85 Christum,
391 2334 165 85 non
485 2334 236 85 tantum
627 2334 236 85 damnare.

165 2395 124 84 Ex
227 2395 206 84 quibus
372 2395 186 84 illud
496 2395 206 84 quoque
640 2395 268 84 discitur,
847 2395 186 84 legem
971 2395 145 84 nos
1053 2395 206 84 docere
1198 2395 145 84 non
1280 2395 268 84 tyrocinia
1487 2395 206 84 tantum
1611 2395 165 84 iusti-

89 2460 183 82 tiae,
210 2460 142 82 sed
292 2460 183 82 ipsam
413 2460 183 82 ueram
535 2460 101 82 &
576 2460 264 82 absolutam
779 2460 284 82 iustitiam.
1002 2460 142 82 Nam
1083 2460 183 82 Moses
1205 2460 223 82 diserte
1367 2460 183 82 dicit
1489 2460 122 82 se
1529 2460 244 82 tradidisse

96 2518 357 77 perfectissimum
394 2518 238 77 doctrine
572 2518 198 77 genus,
711 2518 198 77 utpote
850 2518 119 77 in
909 2518 139 77 qua
989 2518 139 77 sit
1068 2518 159 77 uita
1167 2518 99 77 &
1207 2518 178 77 mors.
1326 2518 178 77 Dicit
1445 2518 238 77 preterea
1603 2518 159 77 aposto

85 2569 139 89 lus
164 2569 158 89 quod
263 2569 139 89 lex
343 2569 139 89 nos
422 2569 257 89 manuducat
620 2569 119 89 ad
679 2569 257 89 Christum,
877 2569 119 89 ut
937 2569 119 89 ex
996 2569 158 89 fide
1095 2569 337 89 iustificemur.
1373 2569 119 89 At
1432 2569 178 89 fidei
1531 2569 218 89 iustitia-

82 2631 334 79 perfectissima
358 2631 138 79 est
436 2631 256 79 iustitia.
633 2631 157 79 Ergo
731 2631 157 79 quod
829 2631 216 79 legalia
987 2631 216 79 alicubi
1144 2631 256 79 appellant
1341 2631 236 79 elementa
1517 2631 197 79 mundi,
1655 2631 157 79 duas

95 2685 279 83 potissimum
315 2685 140 83 fit
394 2685 120 83 ob
454 2685 239 83 caussas.
634 2685 200 83 Prior,
773 2685 160 83 quod
873 2685 219 83 legalia
1033 2685 160 83 sint
1133 2685 219 83 tanquam
1292 2685 259 83 primariae
1472 2685 299 83 institutiones

83 2741 108 80 &
127 2741 280 80 elementa,
342 2741 172 80 quae
449 2741 301 80 succedente
686 2741 280 80 euangelij
901 2741 258 80 doctrina
1094 2741 344 80 perficiuntur
1374 2741 108 80 &
1417 2741 323 80 absolutiori
1653 2741 108 80 ce-

83 2805 179 71 dunt.
203 2805 279 71 Posterior,
422 2805 160 71 quod
522 2805 299 71 caeremoniae
761 2805 239 71 traditae
940 2805 160 71 sint
1040 2805 140 71 sub
1120 2805 179 71 rebus
1240 2805 140 71 uel
1319 2805 199 71 signis
1459 2805 259 71 externis,
1658 2805 140 71 cum

81 2846 242 96 interim
257 2846 154 96 sub
345 2846 264 96 externis
543 2846 264 96 figurent
741 2846 198 96 atque
873 2846 286 96 proponant
1093 2846 264 96 interna,
1291 2846 198 96 ipsum
1423 2846 264 96 Christum
1621 2846 110 96 &
1643 2846 110 96 my-

91 2897 185 66 steria
202 2897 130 66 eius.

161 2957 182 87 lllud
282 2957 202 87 quoque
423 2957 242 87 discimus
605 2957 121 87 ex
665 2957 383 87 praedisputatis,
988 2957 222 87 ueteres
1149 2957 222 87 sanctos
1310 2957 141 87 qui
1391 2957 141 87 sub
1472 2957 202 87 ueteri
1593 2957 161 87 testa
