2288 3632
435 325 184 82 natio
557 325 143 82 his
639 325 143 82 qui
721 325 205 82 insiti
864 325 164 82 sunt
966 325 123 82 in
1028 325 225 82 Christo
1191 325 184 82 Iesu,
1314 325 143 82 qui
1396 325 143 82 non
1478 325 245 82 secundum
1662 325 205 82 carnem
1805 325 286 82 uersantur,
2010 325 102 82 sed

439 384 251 82 secundum
627 384 272 82 spiritum,
837 384 146 82 &c.
920 384 167 82 Ergo
1025 384 167 82 quia
1130 384 126 82 in
1192 384 230 82 Christo
1360 384 209 82 sumus,
1506 384 126 82 in
1569 384 209 82 gratia
1715 384 209 82 sumus,
1862 384 230 82 ideoque
2008 384 105 82 pla

432 439 169 81 cent
537 439 148 81 deo
622 439 211 81 nostra
769 439 211 81 opera,
917 439 169 81 quae
1022 439 126 81 ex
1085 439 169 81 fide
1191 439 105 81 &
1233 439 126 81 ex
1296 439 253 81 liberali
1486 439 232 81 spiritu
1654 439 211 81 donata
1802 439 211 81 nobis:
1928 439 190 81 denique

430 493 135 82 ex
497 493 247 82 pectore
677 493 225 82 amante
834 493 180 82 deum
946 493 427 82 proficiscuntur.
1306 493 247 82 Ioannes
1486 493 180 82 enim
1598 493 225 82 dixit,
1755 493 180 82 Haec
1868 493 157 82 est
1935 493 180 82 chari-

429 548 146 85 tas
513 548 167 85 dei,
617 548 125 85 ut
680 548 271 85 praecepta
888 548 167 85 eius
993 548 271 85 seruemus.
1202 548 125 85 Et
1264 548 271 85 praecepta
1473 548 167 85 eius
1577 548 209 85 grauia
1723 548 146 85 non
1807 548 188 85 sunt,
1911 548 209 85 Rationem

441 609 222 75 quoque
596 609 200 75 huius
729 609 311 75 subiungit.
974 609 244 75 Quoniam
1151 609 178 75 omne
1262 609 178 75 quod
1373 609 200 75 natum
1507 609 155 75 est
1595 609 133 75 ex
1662 609 178 75 deo,
1773 609 222 75 uincit
1906 609 200 75 mundum.

442 678 178 70 Natus
561 678 139 70 est
640 678 178 70 autem
759 678 119 70 ex
819 678 139 70 deo
898 678 257 70 quicunque
1096 678 218 70 credit:
1254 678 198 70 sicuti
1393 678 277 70 declaratur
1611 678 178 70 Ioan.
1730 678 198 70 cap.s.

523 727 118 78 Ex
582 727 196 78 quibus
720 727 196 78 facile
857 727 157 78 erit
955 727 275 78 conciliare
1171 727 177 78 locos
1289 727 177 78 inter
1407 727 118 78 se
1465 727 118 78 in
1524 727 216 78 speciem
1681 727 334 78 discrepantes,
1936 727 177 78 Praece-

453 780 137 88 pta
532 780 137 88 dei
610 780 196 88 grauia
747 780 176 88 sunt,
864 780 157 88 quae
962 780 176 88 neque
1080 780 137 88 nos
1158 780 176 88 neque
1275 780 196 88 patres
1412 780 196 88 nostri
1549 780 215 88 portare
1706 780 254 88 potuimus.
1902 780 137 88 Et,
1960 780 157 88 Praece

442 833 145 93 pta
525 833 145 93 dei
608 833 207 93 grauia
752 833 145 93 non
835 833 186 93 sunt.
959 833 145 93 Nam
1042 833 207 93 grauia
1186 833 145 93 non
1269 833 165 93 sunt
1372 833 269 93 fidelibus
1579 833 227 93 insitis
1744 833 124 93 in
1806 833 248 93 Christo,
1992 833 103 93 &
2013 833 103 93 do-

444 887 174 84 natis
560 887 212 84 spiritu
714 887 155 84 dei,
811 887 135 84 hoc
888 887 155 84 est,
984 887 309 84 recociliatis
1236 887 135 84 deo
1313 887 135 84 per
1390 887 251 84 Christum.
1583 887 155 84 Sine
1680 887 212 84 Christo
1834 887 97 84 &
1873 887 155 84 fide
1969 887 116 84 in
2008 887 116 84 Chri

451 940 157 91 stum
550 940 256 91 quibusuis
746 940 275 91 grauissima
962 940 177 91 sunt.
1080 940 138 91 Ita
1159 940 216 91 fidelis
1316 940 138 91 sua
1395 940 197 91 sponte
1532 940 138 91 per
1611 940 236 91 spiritum
1788 940 138 91 dei
1866 940 256 91 incitatus
2043 940 79 91 be

450 1017 236 61 nefacit
621 1017 236 61 omnibus
793 1017 301 61 hominibus,
1029 1017 236 61 quantum
1201 1017 215 61 ipsius
1352 1017 215 61 quidem
1502 1017 279 61 permittit
1717 1017 279 61 facultas,
1932 1017 193 61 nocet
2039 1017 86 61 ne

443 1073 183 65 mini:
565 1073 142 65 non
646 1073 163 65 quia
747 1073 203 65 metuit
890 1073 203 65 poenas
1032 1073 284 65 destinatas
1256 1073 122 65 in
1316 1073 163 65 lege
1418 1073 386 65 inobedientibus,
1743 1073 244 65 iniustis
1926 1073 102 65 &
1946 1073 163 65 uiolen

446 1115 161 86 tis,
546 1115 141 86 sed
627 1115 161 86 quia
727 1115 161 86 amat
828 1115 181 86 deum.
948 1115 141 86 Sic
1028 1115 201 86 implet
1169 1115 181 86 etiam
1289 1115 181 86 legem
1410 1115 301 86 iudicialem,

524 1174 141 72 Hic
604 1174 141 72 sat
685 1174 161 72 scio
785 1174 221 72 obiicis
946 1174 181 72 mihi,
1067 1174 121 72 Si
1127 1174 241 72 impletur
1308 1174 161 72 lex,
1408 1174 101 72 &
1449 1174 181 72 locum
1569 1174 181 72 habet
1690 1174 161 72 apud
1790 1174 221 72 sanctos
1951 1174 101 72 &
1971 1174 141 72 fide-

452 1229 162 89 les,
553 1229 162 89 quid
654 1229 223 89 obsecro
816 1229 162 89 opus
917 1229 162 89 fuit
1019 1229 182 89 legis
1140 1229 324 89 abrogatione:
1403 1229 162 89 quid
1505 1229 223 89 necesse
1667 1229 162 89 erat
1768 1229 142 89 tam
1849 1229 202 89 multis
1970 1229 142 89 dispu

439 1305 172 59 tare
547 1305 215 59 Paulum
698 1305 108 59 &
741 1305 237 59 optimos
913 1305 237 59 quosque
1085 1305 280 59 theologos
1300 1305 129 59 de
1365 1305 323 59 Abrogatione
1623 1305 215 59 legis?
1774 1305 194 59 Dicam
1903 1305 172 59 ergo
1989 1305 129 59 pau-

444 1355 173 59 cula
553 1355 108 59 &
596 1355 130 59 de
661 1355 325 59 Abrogatione
921 1355 217 59 legis,
1073 1355 130 59 ac
1138 1355 217 59 primum
1290 1355 217 59 quidem
1442 1355 130 59 in
1507 1355 239 59 genere,
1680 1355 217 59 deinde
1832 1355 173 59 uero
1941 1355 152 59 per
2006 1355 108 59 par

452 1415 142 55 tes
533 1415 162 55 siue
634 1415 122 55 in
695 1415 223 55 specie.
858 1415 162 55 Ante
959 1415 183 55 omnia
1081 1415 183 55 autem
1203 1415 304 55 insculpenda
1446 1415 183 55 erunt
1568 1415 183 55 animo
1690 1415 142 55 pio
1771 1415 162 55 haec
1872 1415 203 55 domini
1994 1415 122 55 uer-

443 1451 127 81 ba
506 1451 127 81 ex
570 1451 296 81 euangelio,
802 1451 127 81 Ne
866 1451 338 81 existimetis,
1141 1451 233 81 inquit,
1310 1451 169 81 quod
1415 1451 233 81 uenerim
1584 1451 127 81 ad
1648 1451 317 81 destruendam
1902 1451 190 81 legem
2007 1451 106 81 aut

457 1509 295 87 prophetas:
688 1509 147 87 imo
773 1509 147 87 non
857 1509 168 87 ueni
962 1509 126 87 ut
1025 1509 274 87 destruam,
1235 1509 147 87 sed
1320 1509 126 87 ut
1383 1509 274 87 compleam.
1593 1509 168 87 Amen
1698 1509 210 87 quippe
1846 1509 168 87 dico
1951 1509 210 87 uobis,

454 1577 183 68 donec
576 1577 285 68 praetereat
800 1577 203 68 coelum
942 1577 102 68 &
983 1577 203 68 terra,
1125 1577 163 68 iota
1227 1577 163 68 unum
1329 1577 142 68 aut
1410 1577 163 68 apex
1512 1577 142 68 non
1593 1577 326 68 praeterierit
1858 1577 122 68 ex
1919 1577 183 68 lege,
2020 1577 102 68 quo

452 1621 126 78 ad
515 1621 189 78 omnia
641 1621 189 78 facta
767 1621 252 78 fuerint.
955 1621 252 78 Quisquis
1144 1621 168 78 ergo
1249 1621 252 78 soluerit
1438 1621 168 78 unum
1543 1621 126 78 ex
1606 1621 252 78 mandatis
1794 1621 189 78 hisce
1920 1621 231 78 minnnis

455 1692 108 59 &
499 1692 260 59 docuerit
694 1692 152 59 sic
780 1692 260 59 homines,
975 1692 238 59 minimus
1148 1692 282 59 uocabitur
1365 1692 130 59 in
1430 1692 195 59 regno
1560 1692 282 59 coelorum.
1776 1692 260 59 Quisquis
1971 1692 195 59 autem

451 1731 228 73 fecerit
617 1731 104 73 &
659 1731 270 73 docuerit,
866 1731 145 73 hic
949 1731 207 73 magnus
1094 1731 270 73 uocabitur
1302 1731 124 73 in
1364 1731 187 73 regno
1488 1731 270 73 coelorum.
1696 1731 207 73 Teneat
1841 1731 166 73 ergo
1944 1731 228 73 quisque

452 1801 274 63 firmissimo
668 1801 196 63 animo,
805 1801 176 63 legem
923 1801 157 63 dei,
1021 1801 157 63 quae
1119 1801 137 63 est
1197 1801 196 63 optima
1334 1801 98 63 &
1373 1801 333 63 perfectissima
1648 1801 137 63 dei
1726 1801 255 63 uoluntas,
1922 1801 157 63 esse
2000 1801 118 63 eter

461 1841 165 78 nam,
565 1841 186 78 neque
689 1841 248 78 dissolui
874 1841 186 78 posse
998 1841 186 78 ullis
1122 1841 207 78 unquam
1267 1841 310 78 temporibus,
1515 1841 124 78 ab
1576 1841 186 78 ullis
1700 1841 145 78 uel
1783 1841 227 78 angelis
1948 1841 145 78 uel
2010 1841 124 78 homi

452 1896 213 83 nibus.
601 1896 213 83 Teneat
750 1896 234 83 quisque
920 1896 192 83 legem
1048 1896 256 83 quatenus
1240 1896 149 83 est
1325 1896 213 83 regula
1474 1896 192 83 recte
1602 1896 106 83 &
1644 1896 170 83 bene
1751 1896 256 83 uiuendi,
1921 1896 213 83 quatenus

460 1956 144 79 est
543 1956 205 79 frenum
686 1956 144 79 quo
768 1956 123 79 in
830 1956 205 79 timore
974 1956 144 79 dei
1056 1956 287 79 retinemur,
1281 1956 246 79 quatenus
1466 1956 144 79 est
1548 1956 246 79 stimulus
1733 1956 185 79 datus
1856 1956 246 79 ignauiae
2020 1956 103 79 car

465 2007 149 81 nis
550 2007 256 81 nostrae,
742 2007 171 81 item
849 2007 256 81 quatenus
1040 2007 171 81 data
1147 2007 149 81 est
1232 2007 128 81 ad
1296 2007 363 81 instituendum,
1595 2007 320 81 corrigendum
1851 2007 107 81 &
1872 2007 256 81 redarguen-

459 2063 150 77 dum
544 2063 257 77 homines,
737 2063 236 77 eatenus
909 2063 279 77 uidelicet
1123 2063 214 77 manere
1273 2063 279 77 intactam,
1487 2063 236 77 suamque
1659 2063 300 77 utilitatem
1894 2063 214 77 habere
2023 2063 107 77 uel

463 2123 182 80 hodie
584 2123 121 80 in
645 2123 242 80 ecclesia
826 2123 162 80 dei:
927 2123 101 80 &
968 2123 202 80 prinde
1109 2123 242 80 negotium
1291 2123 323 80 abrogationis
1553 2123 182 80 legis
1675 2123 141 80 ita
1755 2123 202 80 habet,

537 2169 244 93 Diximus
714 2169 288 93 praecepta
936 2169 155 93 dei
1025 2169 200 93 totum
1158 2169 288 93 requirere
1379 2169 244 93 hominem
1557 2169 111 93 &
1601 2169 355 93 perfectionem
1889 2169 200 93 plane
2000 2169 133 93 diui

447 2231 168 76 nam,
552 2231 168 76 quam
657 2231 168 76 nisi
762 2231 168 76 quis
867 2231 357 76 praestiterit,
1160 2231 147 76 eum
1244 2231 252 76 maledici
1433 2231 105 76 &
1475 2231 294 76 condemnari
1706 2231 105 76 a
1747 2231 189 76 lege.
1873 2231 168 76 Nemo
1978 2231 189 76 autem

463 2304 238 75 hominum
636 2304 151 75 eam
723 2304 259 75 praestat
917 2304 302 75 iustitiam.
1155 2304 194 75 Omnes
1284 2304 173 75 ergo
1392 2304 281 75 maledicti
1608 2304 194 75 sumus
1738 2304 151 75 per
1825 2304 216 75 legem.
1954 2304 173 75 Caete-

464 2356 137 64 rum
543 2356 157 64 haec
641 2356 274 64 maledictio
856 2356 216 64 sublata
1013 2356 157 64 est,
1111 2356 98 64 &
1150 2356 255 64 confertur
1346 2356 176 64 nobis
1464 2356 333 64 perfectissima
1738 2356 235 64 iustitia
1914 2356 196 64 gratis
2032 2356 98 64 per

451 2401 275 77 Christum.
662 2401 148 77 Nam
746 2401 253 77 Christus
937 2401 232 77 redemit
1105 2401 148 77 nos
1190 2401 127 77 ab
1253 2401 317 77 execratione
1507 2401 211 77 legis,
1654 2401 148 77 dum
1739 2401 211 77 factus
1887 2401 148 77 est
1971 2401 148 77 pro
2035 2401 84 77 no

462 2457 137 82 bis
540 2457 293 82 maledictio,
774 2457 234 82 iustitia
949 2457 98 82 &
988 2457 351 82 sanctificatio.
1281 2457 137 82 Hac
1359 2457 156 82 uero
1456 2457 215 82 ratione
1612 2457 137 82 lex
1690 2457 234 82 abrogata
1866 2457 156 82 est,
1963 2457 117 82 id
2002 2457 117 82 est.

459 2523 248 64 execratio
650 2523 172 64 legis
764 2523 248 64 fidelibus
955 2523 134 64 per
1032 2523 229 64 Christum
1204 2523 210 64 sublata
1356 2523 95 64 &
1394 2523 229 64 iustitia
1566 2523 172 64 nobis
1681 2523 153 64 uera
1776 2523 210 64 collata
1929 2523 153 64 est.
2005 2523 115 64 Ipse

465 2581 174 76 enim
574 2581 153 76 est
661 2581 305 76 benedictum
901 2581 196 76 illud
1032 2581 218 76 semen,
1184 2581 131 76 in
1250 2581 153 76 quo
1337 2581 349 76 benedicuntur
1620 2581 196 76 omnes
1751 2581 327 76 cognationes
1990 2581 131 76 ter-

467 2627 159 70 rae.
567 2627 159 70 Ipse
666 2627 139 70 est
746 2627 239 70 iustitia
925 2627 219 70 nostra.
1085 2627 139 70 Nam
1165 2627 219 70 Paulus,
1324 2627 120 70 Ab
1384 2627 239 70 omnibus,
1563 2627 219 70 inquit,
1722 2627 100 70 a
1762 2627 199 70 quibus
1902 2627 139 70 non
1962 2627 159 70 potui-

457 2680 155 77 stis
554 2680 136 77 per
631 2680 175 77 legem
748 2680 175 77 Mosis
864 2680 291 77 iustificari
1098 2680 97 77 :
1136 2680 136 77 per
1214 2680 155 77 hunc
1311 2680 175 77 omnis
1428 2680 136 77 qui
1505 2680 194 77 credit
1641 2680 330 77 iustificatur.
1913 2680 214 77 Ponitur
2049 2680 78 77 er

456 2752 122 76 go
517 2752 142 76 lex
598 2752 142 76 pro
679 2752 326 76 maledictione
944 2752 203 76 legis.
1086 2752 142 76 Vel
1168 2752 142 76 lex
1249 2752 142 76 dei
1331 2752 122 76 id
1392 2752 285 76 appellatur
1615 2752 163 76 quod
1717 2752 163 76 lege
1819 2752 244 76 proditur
2002 2752 122 76 et
2043 2752 81 76 ma

460 2803 316 64 nifestatur,
713 2803 169 64 quod
818 2803 147 64 est
902 2803 274 64 peccatum.
1113 2803 147 64 Per
1197 2803 190 64 legem
1324 2803 169 64 enim
1429 2803 295 64 agnoscitur
1661 2803 274 64 peccatum.
1871 2803 232 64 Iccirco
2019 2803 105 64 ab-

454 2867 220 60 rogatur
614 2867 160 60 lex,
714 2867 120 60 id
774 2867 140 60 est
854 2867 240 60 peccatum
1034 2867 260 60 tollitur,
1234 2867 140 60 non
1314 2867 120 60 ut
1374 2867 140 60 non
1454 2867 160 60 sit,
1554 2867 140 60 aut
1634 2867 140 60 non
1714 2867 200 60 exerat
1854 2867 160 60 suas
1954 2867 180 60 uires
2054 2867 80 60 in

453 2907 220 78 nobis,
607 2907 154 78 sed
695 2907 132 78 ne
761 2907 286 78 imputetur
981 2907 198 78 nobis
1113 2907 110 78 &
1157 2907 154 78 nos
1245 2907 308 78 condemnet.
1488 2907 198 78 Nulla
1620 2907 176 78 enim
1730 2907 330 78 condemnatio
1972 2907 154 78 inest

455 2964 162 106 ijs,
556 2964 142 106 qui
637 2964 202 106 insiti
778 2964 162 106 sunt
880 2964 121 106 in
940 2964 223 106 Christo
1102 2964 182 106 Iesu.
1224 2964 263 106 Praeterea
1426 2964 263 106 usurpatur
1628 2964 142 106 lex
1709 2964 142 106 pro
1790 2964 223 106 ultione
1952 2964 101 106 &
1972 2964 162 106 poena
