2288 3632
142 311 168 94 ques
247 311 252 94 secundum
436 311 189 94 legem
561 311 273 94 irrogatur
771 311 440 94 transgressoribus.
1148 311 252 94 Abrogata
1337 311 147 94 est
1421 311 168 94 ergo
1526 311 168 94 lex,
1630 311 168 94 quia
1714 311 105 94 poe

137 376 124 79 na
199 376 228 79 sublata
365 376 145 79 est
448 376 332 79 credentibus.
718 376 145 79 Nam
800 376 145 79 lex
883 376 187 79 iusto
1008 376 145 79 non
1091 376 145 79 est
1174 376 228 79 posita:
1339 376 145 79 Nam
1422 376 269 79 liberauit
1609 376 207 79 Christus

141 422 216 99 fideles
299 422 98 99 a
338 422 275 99 supplicijs
554 422 255 99 aeternis,
750 422 138 99 dum
829 422 236 99 innoxius
1006 422 255 99 afflictus
1202 422 138 99 est
1281 422 138 99 pro
1359 422 295 99 sceleratis.
1595 422 196 99 Deinde
1713 422 98 99 apo

141 481 222 93 stolus.
302 481 242 93 Affectus
484 481 222 93 carnis,
646 481 202 93 inquit
787 481 283 93 inimicitia
1009 481 141 93 est
1090 481 242 93 aduersus
1272 481 182 93 deum.
1393 481 141 93 Nam
1474 481 162 93 legi
1575 481 141 93 dei
1655 481 141 93 non
1716 481 101 93 sub

137 540 213 88 ditur,
286 540 149 88 imo
371 540 128 88 ne
434 540 213 88 potest
583 540 234 88 quidem.
753 540 149 88 Hoc
838 540 191 88 autem
966 540 191 88 odium
1093 540 234 88 diuinae
1263 540 191 88 legis
1391 540 255 88 eximitur
1582 540 149 88 per
1667 540 191 88 fidem

136 592 126 87 ex
199 592 210 87 animis
346 592 231 87 piorum,
514 592 273 87 inseritur
724 592 189 87 autem
850 592 168 87 amor
955 592 231 87 diuinae
1124 592 315 87 uoluntatis:
1376 592 126 87 ut
1439 592 189 87 etiam
1565 592 189 87 iuxta
1691 592 168 87 hanc

144 658 251 85 rationem
333 658 230 85 dicatur
500 658 251 85 abrogata
689 658 168 85 lex,
793 658 168 85 quia
898 658 189 85 legis
1024 658 189 85 odium
1150 658 147 85 est
1233 658 272 85 sublatum.
1443 658 230 85 Ideoque
1590 658 230 85 apostolus

135 711 206 77 confert
285 711 131 77 eos
360 711 131 77 qui
434 711 131 77 sub
509 711 149 77 lege
602 711 149 77 sunt
696 711 206 77 seruis,
845 711 243 77 liberatos
1032 711 93 77 a
1070 711 149 77 lege
1163 711 206 77 liberis
1312 711 149 77 siue
1406 711 206 77 filijs:
1555 711 187 77 quibus
1686 711 168 77 etiam

147 758 210 84 tribuit
300 758 248 84 spiritum,
491 758 134 84 non
567 758 287 84 seruitutis,
796 758 134 84 sed
873 758 287 84 adoptionis.
1102 758 210 84 Quoniam
1255 758 153 84 enim
1350 758 172 84 estis
1465 758 191 84 filij,
1599 758 153 84 ait,
1694 758 153 84 emi¬

143 813 137 88 sit
222 813 157 88 deus
320 813 235 88 spiritum
496 813 176 88 filij
614 813 137 88 sui
692 813 118 88 in
751 813 176 88 corda
868 813 216 88 nostra,
1025 813 274 88 clamantem.
1241 813 176 88 Abba,
1358 813 196 88 pater,
1495 813 137 88 &c.
1574 813 137 88 His
1633 813 176 88 accedit

142 875 174 93 quod
251 875 152 93 lex
338 875 152 93 dei
424 875 195 93 typos
555 875 195 93 habet
685 875 108 93 &
728 875 239 93 umbras,
902 875 108 93 &
945 875 174 93 quod
1054 875 325 93 caeremoniae
1314 875 195 93 satis
1444 875 239 93 alioqui
1596 875 217 93 onerosae

141 924 181 94 sunt,
262 924 201 94 sicuti
402 924 101 94 &
443 924 161 94 tota
543 924 141 94 lex
624 924 181 94 iugum
745 924 282 94 nominatur.
966 924 181 94 Venit
1087 924 181 94 autem
1207 924 121 94 in
1268 924 161 94 hunc
1368 924 201 94 mundum
1509 924 141 94 dei
1590 924 221 94 filius,
1731 924 80 94 et

132 987 217 85 implens
290 987 236 85 figuras,
467 987 177 85 ipsam
585 987 177 85 nobis
704 987 256 85 ueritatem
901 987 296 85 praestitit,
1137 987 197 85 umbras
1275 987 177 85 illas
1393 987 236 85 pepulit:
1571 987 118 85 ut
1630 987 138 85 iam
1689 987 118 85 nemo

139 1051 209 68 possit
286 1051 147 68 nos
369 1051 251 68 iudicare
558 1051 230 68 propter
725 1051 272 68 neglectas
935 1051 147 68 aut
1018 1051 230 68 omissas
1186 1051 314 68 caeremonias
1437 1051 147 68 uel
1521 1051 251 68 figuras:
1709 1051 105 68 &
1730 1051 84 68 ea

136 1109 204 66 quidem
279 1109 225 66 ratione
442 1109 245 66 abrogata
626 1109 143 66 est
708 1109 204 66 rursus
851 1109 143 66 lex
932 1109 163 66 dei,
1035 1109 143 66 hoc
1116 1109 143 66 est
1198 1109 184 66 genus
1321 1109 184 66 illud
1443 1109 286 66 regiminis,
1668 1109 163 66 quod
1750 1109 61 66 a

141 1150 161 85 Mose
242 1150 282 85 institutum
464 1150 161 85 est,
564 1150 242 85 ueniente
746 1150 222 85 Christo
907 1150 101 85 &
948 1150 282 85 docentibus
1170 1150 262 85 apostolis
1371 1150 282 85 disparuit.
1593 1150 121 85 Hi
1654 1150 161 85 enim
1734 1150 81 85 ci

140 1215 135 84 tra
217 1215 174 84 Mosis
333 1215 271 84 oeconomiam
546 1215 368 84 ecclesiasticam,
856 1215 290 84 collegerunt
1088 1215 271 84 ecclesias,
1301 1215 135 84 nec
1378 1215 174 84 genus
1494 1215 174 84 illud
1591 1215 213 84 regiminis

139 1273 275 75 ecclesiae
350 1273 338 75 tradiderunt.
625 1273 296 75 Constanter
858 1273 169 75 enim
963 1273 317 75 neglexerunt
1217 1273 148 75 cum
1302 1273 296 75 sacerdotio
1534 1273 275 75 Aaronico,
1724 1273 85 75 sa

136 1322 272 83 cramenta,
345 1322 313 83 sacrificia,
596 1322 251 83 delectus
784 1322 230 83 insuper
951 1322 230 83 dierum,
1118 1322 230 83 uestium
1285 1322 104 83 &
1327 1322 230 83 ciborum
1494 1322 104 83 a
1535 1322 167 83 Mose
1619 1322 188 83 institu

130 1377 178 90 tos.
241 1377 155 90 Pro
330 1377 155 90 his
418 1377 244 90 omnibus
596 1377 178 90 unum
707 1377 355 90 praedicarunt
995 1377 288 90 Christum,
1217 1377 111 90 &
1261 1377 244 90 paucula
1439 1377 333 90 sacramenta,
1683 1377 111 90 &c.

203 1432 170 88 Haec
309 1432 128 88 in
373 1432 213 88 genere
522 1432 106 88 &
565 1432 256 88 breuiter
756 1432 213 88 quidem
906 1432 170 88 dixi
1012 1432 256 88 hactenus
1204 1432 128 88 de
1268 1432 256 88 abrogata
1459 1432 192 88 lege,
1587 1432 149 88 iam
1672 1432 170 88 idem

134 1496 219 80 negotij
293 1496 179 80 paulo
413 1496 199 80 fusius
552 1496 139 80 per
631 1496 199 80 partes
771 1496 179 80 atque
890 1496 219 80 species
1049 1496 278 80 explicabo.
1268 1496 139 80 Lex
1347 1496 139 80 dei
1427 1496 159 80 tota
1526 1496 259 80 diuiditur
1705 1496 80 80 ir

125 1539 268 100 Moralem.
325 1539 379 100 Caeremonialem
638 1539 111 100 &
682 1539 334 100 Iudicialem.
950 1539 245 100 Moralis
1128 1539 201 100 autem
1262 1539 312 100 continetur
1507 1539 290 100 decalogo,
1708 1539 89 100 cu

130 1599 157 90 ius
219 1599 315 90 praeceptum
467 1599 225 90 primum
624 1599 202 90 docet
759 1599 157 90 nos
849 1599 180 90 unum
962 1599 112 90 &
1007 1599 202 90 solum
1142 1599 180 90 deum
1254 1599 270 90 uenerari
1457 1599 112 90 &
1502 1599 247 90 colere,
1659 1599 135 90 nul-

127 1650 144 92 los
210 1650 124 92 ei
272 1650 226 92 alienos
436 1650 309 92 coniungere.
683 1650 144 92 Hoc
766 1650 185 92 autem
889 1650 226 92 dominus
1054 1650 185 92 Iesus
1177 1650 124 92 in
1239 1650 268 92 euangelio
1445 1650 144 92 ita
1527 1650 309 92 inculcauit,

133 1710 125 91 ut
196 1710 250 91 uideamus
383 1710 188 91 nihil
509 1710 125 91 in
571 1710 146 91 hoc
655 1710 167 91 esse
759 1710 250 91 mutatum,
947 1710 250 91 Secundum
1134 1710 250 91 prohibet
1322 1710 355 91 idololatriam,
1614 1710 125 91 id
1677 1710 167 91 est,

130 1761 211 84 cultum
278 1761 105 84 &
320 1761 337 84 uenerationem
594 1761 274 84 imaginum,
805 1761 148 84 uel
889 1761 148 84 dei
974 1761 211 84 ipsius
1121 1761 148 84 uel
1205 1761 337 84 creaturarum.
1480 1761 190 84 Atqui
1585 1761 211 84 apostoli

128 1820 343 92 idololatriam
406 1820 193 92 modis
535 1820 236 92 omnibus
707 1820 129 92 in
771 1820 257 92 doctrina
964 1820 300 92 euangelica
1200 1820 279 92 insectati
1415 1820 193 92 sund.
1544 1820 215 92 Clamat
1694 1820 150 92 cum

124 1874 185 83 Paulo
248 1874 246 83 Ioannes,
432 1874 205 83 Fugite
576 1874 349 83 idololatriam.
863 1874 205 83 Cumque
1007 1874 246 83 Christus
1191 1874 103 83 &
1232 1874 246 83 apostoli
1417 1874 369 83 diligentissime
1704 1874 82 83 do

128 1935 169 79 cent
233 1935 211 79 diuini
381 1935 232 79 nominis
550 1935 422 79 sanctificationem
909 1935 106 79 &
951 1935 422 79 glorificationem,
1310 1935 253 79 profecto
1500 1935 190 79 ratum
1626 1935 211 79 uolunt

127 1989 285 90 mandatum
341 1989 309 90 prohibens
578 1989 427 90 prophanationem
934 1989 237 90 diuini
1101 1989 285 90 nominis.
1314 1989 214 90 Solum
1457 1989 285 90 mandatum
1647 1989 142 90 quar

119 2058 147 78 tum
203 2058 126 78 de
266 2058 357 78 sanctificando
560 2058 231 78 sabbato
728 2058 252 78 appellat
917 2058 126 78 S.
981 2058 294 78 Augustinus
1212 2058 336 78 caeremoniale
1485 2058 126 78 in
1548 2058 252 78 uniuerso
1716 2058 84 78 de

123 2105 237 85 calogo.
296 2105 194 85 Verum
425 2105 129 85 id
489 2105 151 85 non
575 2105 366 85 intelligendum
876 2105 151 85 est
963 2105 344 85 simpliciter.
1242 2105 258 85 Quatenus
1436 2105 172 85 enim
1543 2105 215 85 tempus
1672 2105 108 85 cer

126 2155 139 80 tum
205 2155 238 80 requirit
384 2155 238 80 exterior
562 2155 139 80 dei
641 2155 198 80 cultus
779 2155 99 80 &
819 2155 277 80 sacrificia
1037 2155 178 80 legis
1156 2155 218 80 externa
1314 2155 198 80 habet,
1452 2155 317 80 caeremoniale
1690 2155 99 80 est

131 2214 322 89 praeceptum:
388 2214 258 89 quatenus
581 2214 172 89 uero
689 2214 215 89 cultum
839 2214 172 89 dei,
946 2214 215 89 coetum
1096 2214 236 89 sacrum,
1268 2214 236 89 preces,
1440 2214 365 89 praedicatione
1719 2214 64 89 &

126 2278 161 75 usum
227 2278 363 75 sacramentorum,
529 2278 222 75 denique
690 2278 302 75 spiritualia
932 2278 282 75 sacrificia
1154 2278 222 75 tradit,
1315 2278 262 75 perpetuum
1517 2278 161 75 est.
1618 2278 121 75 Id
1658 2278 121 75 quod

124 2321 132 87 in
190 2321 330 87 expositione
454 2321 242 87 sabbati
630 2321 330 87 ostendimus.
894 2321 242 87 Quintum
1069 2321 264 87 mandatum
1267 2321 132 87 de
1333 2321 308 87 honorandis
1553 2321 220 87 parenti-

119 2376 143 72 bus
200 2376 163 72 ipse
302 2376 224 72 dominus
465 2376 204 72 Matth.
608 2376 143 72 15.
689 2376 163 72 cap.
791 2376 244 72 reparat.
974 2376 204 72 Sicuti
1117 2376 102 72 &
1158 2376 204 72 sextum
1300 2376 204 72 contra
1443 2376 224 72 caedes,
1606 2376 102 72 &
1626 2376 163 72 septi-

126 2436 142 92 mum
207 2436 202 92 contra
348 2436 263 92 adulteria
551 2436 283 92 diligenter
774 2436 243 92 explicat
956 2436 202 92 Matth.
1098 2436 162 92 cap.
1199 2436 121 92 5.
1260 2436 223 92 Octauum
1422 2436 202 92 contra
1563 2436 182 92 furta
1665 2436 121 92 pro-

125 2497 253 70 mulgatum
315 2497 274 70 renouatur
526 2497 127 70 ab
589 2497 274 70 apostolo,
800 2497 232 70 iubente
969 2497 127 70 ne
1032 2497 169 70 quis
1138 2497 232 70 fraudet
1307 2497 127 70 in
1370 2497 232 70 negotio
1539 2497 253 70 fratrem,
1708 2497 84 70 ne

132 2553 161 88 quis
233 2553 222 88 furetur
394 2553 242 88 amplius,
575 2553 141 88 sed
656 2553 222 88 quisque
817 2553 222 88 laboret
978 2553 242 88 manibus,
1159 2553 121 88 ut
1220 2553 101 88 &
1260 2553 161 88 ipse
1361 2553 201 88 habeat
1502 2553 302 88 necessaria,
1724 2553 60 88 &

121 2606 194 83 alijs
251 2606 215 83 possit
401 2606 302 83 necessaria
638 2606 345 83 suppeditare.
918 2606 194 83 Nonum
1048 2606 302 83 praeceptum
1285 2606 129 83 de
1349 2606 280 83 cohibenda
1565 2606 215 83 lingua
1715 2606 108 83 &

122 2659 146 94 non
206 2659 293 94 mentiendo,
436 2659 272 94 dicendoue
645 2659 188 94 falso
770 2659 314 94 testimonio,
1021 2659 251 94 Christus
1209 2659 105 94 &
1251 2659 251 94 apostoli
1439 2659 314 94 confirmant,
1669 2659 105 94 quo

119 2715 169 95 ties
224 2715 232 95 linguam
393 2715 274 95 cohercent
604 2715 106 95 &
646 2715 274 95 ueritatem
857 2715 338 95 praecipiunt.
1132 2715 190 95 lidem
1258 2715 190 95 malas
1385 2715 317 95 affectiones
1638 2715 106 95 &
1659 2715 127 95 cupi

122 2768 237 86 ditates
295 2768 258 86 damnant,
488 2768 172 86 ergo
596 2768 194 86 etiam
725 2768 194 86 legem
854 2768 323 86 prohibentem
1112 2768 409 86 concupiscentiam
1456 2768 280 86 reparant,
1671 2768 151 86 non

117 2825 265 100 abrogant.
321 2825 163 100 Tota
423 2825 163 100 ergo
525 2825 245 100 decalogi
708 2825 265 100 abrogatio
912 2825 122 100 in
973 2825 204 100 illis,
1116 2825 122 100 de
1177 2825 204 100 quibus
1320 2825 143 100 iam
1401 2825 163 100 ante
1503 2825 245 100 diximus,
1667 2825 122 100 con-

118 2875 204 93 sistit,
266 2875 148 93 quod
358 2875 222 93 scilicet
525 2875 222 93 Christus
691 2875 111 93 in
747 2875 148 93 fide
839 2875 130 93 est
913 2875 222 93 perfecta
1080 2875 222 93 iustitia
1246 2875 204 93 nostra,
1394 2875 130 93 &c.
1468 2875 185 93 Rursus
1579 2875 185 93 apostolo

123 2942 248 100 testante,
314 2942 286 100 dicenteque,
543 2942 153 100 quod
638 2942 134 100 lex
714 2942 248 100 praestare
905 2942 134 100 non
982 2942 229 100 peterat,
1153 2942 114 100 eo
1211 2942 153 100 quod
1306 2942 267 100 imbecillis
1516 2942 172 100 esset
1630 2942 134 100 per
1688 2942 95 100 car
