2288 3632
136 321 231 68 nimirum
304 321 126 68 ut
367 321 168 68 toti
472 321 210 68 populo
619 321 231 68 pateret
787 321 105 68 &
829 321 231 68 peccata
998 321 147 68 iam
1082 321 168 68 esse
1187 321 252 68 dimissa,
1376 321 105 68 &
1418 321 273 68 liberatum
1628 321 168 68 esse
1712 321 105 68 dei

123 389 247 71 populum
302 389 135 71 ab
370 389 180 71 omni
482 389 202 71 onere
617 389 292 71 legalium.
841 389 202 71 Certe
976 389 157 71 cum
1066 389 270 71 pergeret
1268 389 225 71 impius
1426 389 270 71 pertinax
1628 389 112 71 &
1650 389 180 71 perfi-

129 444 154 67 dus
217 444 287 67 ludaeorum
438 444 265 67 populus,
636 444 132 67 in
702 444 243 67 templo,
879 444 176 67 post
989 444 221 67 mortem
1143 444 265 67 Christi,
1342 444 331 67 caeremonias
1584 444 243 67 completas

122 491 109 73 &
166 491 284 73 abrogatas
385 491 284 73 exercere,
604 491 306 73 prorogare,
844 491 109 73 &
888 491 241 73 omnibus
1063 491 263 73 pietatis
1260 491 175 73 ergo
1369 491 306 73 obtrudere,
1610 491 263 73 Christus

128 551 231 72 sedens
290 551 139 72 ad
359 551 277 72 dexteram
566 551 231 72 patris
728 551 300 72 Romanorum
959 551 300 72 principum
1190 551 208 72 opera
1328 551 323 72 dissipauit
1582 551 208 72 urbem
1698 551 115 72 pe-

128 611 218 61 nitus,
281 611 109 61 &
324 611 240 61 templum
499 611 240 61 excidit
673 611 283 61 funditus.
891 611 131 61 Id
957 611 174 61 quod
1066 611 174 61 ante
1175 611 283 61 Danielem,
1393 611 218 61 Balaam
1524 611 305 61 praedixerat.

134 666 182 69 Neque
255 666 242 69 hucusque
437 666 141 69 per
517 666 182 69 annos
638 666 182 69 1500.
759 666 101 69 &
800 666 242 69 amplius,
981 666 182 69 ullus
1102 666 141 69 eis
1183 666 182 69 locus
1304 666 303 69 restaurandi
1546 666 202 69 templi
1688 666 141 69 uel
1748 666 81 69 ur

125 722 158 66 bis
216 722 293 66 concessus
441 722 180 66 est.
554 722 248 66 Legimus
734 722 180 66 apud
847 722 338 66 Theodoretum
1117 722 113 66 &
1162 722 293 66 Ruffinum,
1388 722 248 66 ludaeos
1568 722 158 66 sub
1636 722 180 66 lmpera

135 778 184 64 tore
250 778 276 64 luliano,
457 778 230 64 maxima
619 778 161 64 spe
711 778 115 64 &
757 778 391 64 praesumptione
1079 778 207 64 nouum
1217 778 253 64 templum
1402 778 276 64 molitos,
1586 778 230 64 fundamen

132 836 122 59 ta
193 836 285 59 quaesijsse
416 836 122 59 in
477 836 163 59 loco
579 836 203 59 templi
722 836 163 59 olim
823 836 102 59 a
864 836 285 59 Vespasiani
1088 836 183 59 filio
1210 836 163 59 Tito
1311 836 244 59 combusti
1495 836 102 59 :
1535 836 183 59 uerum
1637 836 183 59 conatus

132 885 219 64 impios
286 885 241 64 dominum
461 885 263 64 nostrum,
659 885 154 64 qui
747 885 132 64 in
812 885 285 64 euangelio
1032 885 132 64 ex
1098 885 241 64 Daniele
1273 885 351 64 desolationem
1537 885 285 64 praedicarat

131 947 104 59 &
173 947 187 59 inter
297 947 166 59 alia
401 947 249 59 dixerat,
588 947 125 59 Et
651 947 291 59 Hierusalem
879 947 291 59 calcabitur
1108 947 104 59 a
1149 947 270 59 gentibus,
1357 947 187 59 donec
1482 947 291 59 impleantur
1689 947 125 59 tem-

141 1006 169 59 pora
246 1006 253 59 gentium,
436 1006 253 59 potenter
625 1006 337 59 repressisse.
899 1006 316 59 Comportatis
1152 1006 169 59 enim
1257 1006 190 59 gypsi
1384 1006 105 59 &
1426 1006 211 59 calcis
1573 1006 211 59 multis
1700 1006 105 59 mo-

137 1060 216 63 diorum
289 1060 259 63 milibus,
483 1060 281 63 derepente
699 1060 238 63 irruens
872 1060 195 63 uenti
1002 1060 259 63 impetus,
1197 1060 130 63 ac
1262 1060 195 63 turbo
1391 1060 151 63 cum
1478 1060 238 63 fragore
1651 1060 108 63 &
1672 1060 130 63 pro-

131 1111 203 65 cellis
273 1111 263 65 dispersit
475 1111 263 65 uniuersam
678 1111 263 65 materiam.
881 1111 223 65 Obortus
1043 1111 142 65 est
1124 1111 263 65 praeterea
1327 1111 203 65 ingens
1468 1111 324 65 terraemotus,
1712 1111 101 65 per

133 1170 172 62 quem
240 1170 215 62 totius
390 1170 172 62 pene
497 1170 279 62 aedificia
712 1170 172 62 loci
819 1170 408 62 complanabantur.
1163 1170 236 62 Denique
1335 1170 150 62 cum
1421 1170 193 62 magna
1549 1170 215 62 turba,
1678 1170 129 62 quae

136 1232 190 66 operi
263 1232 274 66 uidebatur
474 1232 295 66 insistere,
706 1232 127 66 ea
769 1232 190 66 nocte
896 1232 148 66 sub
980 1232 232 66 porticu
1149 1232 211 66 uicina
1297 1232 211 66 somnum
1444 1232 232 66 caperet
1613 1232 148 66 aut
1676 1232 127 66 com-

121 1286 247 68 maneret,
307 1286 247 68 delapsum
492 1286 227 68 repente
657 1286 288 68 aedificium
883 1286 144 68 una
966 1286 144 68 cum
1048 1286 185 68 tecto
1172 1286 206 68 totum,
1316 1286 268 68 oppressit
1522 1286 144 68 qui
1604 1286 144 68 sub
1686 1286 165 68 illa

130 1338 259 59 manebant
324 1338 302 59 uniuersos.
561 1338 172 59 Luce
669 1338 172 59 uero
777 1338 194 59 orta,
906 1338 302 59 concurrunt
1143 1338 129 59 ad
1208 1338 323 59 inquirendum
1466 1338 172 59 eos,
1574 1338 151 59 qui
1660 1338 194 59 ruina

138 1390 224 71 fuerant
300 1390 264 71 oppressi:
504 1390 102 71 &
545 1390 142 71 cum
626 1390 122 71 ne
687 1390 183 71 illis
809 1390 203 71 quidem
951 1390 203 71 plagis
1094 1390 102 71 a
1135 1390 264 71 proposito
1338 1390 142 71 suo
1419 1390 346 71 auerterentur,
1684 1390 122 71 emi-

133 1445 165 74 cans
237 1445 227 74 exilijt
402 1445 103 74 e
443 1445 207 74 fossis
588 1445 310 74 fundamentis
836 1445 103 74 &
878 1445 103 74 e
919 1445 227 74 uicinis
1084 1445 227 74 aedibus
1250 1445 145 74 ubi
1332 1445 310 74 seruabantur
1560 1445 248 74 ferramenta

139 1504 103 60 &
181 1504 166 60 alia
284 1504 186 60 operi
408 1504 310 60 necessaria,
657 1504 331 60 formidabilis
925 1504 207 60 ignis,
1070 1504 310 60 plurimosque
1319 1504 166 60 opus
1422 1504 248 60 urgentes
1587 1504 228 60 infsamma-

134 1560 162 61 uit,
235 1560 182 61 alios
356 1560 162 61 uero
458 1560 121 61 ad
518 1560 182 61 fugam
640 1560 263 61 compulit.
842 1560 142 61 Nam
923 1560 223 61 saepius
1085 1560 121 61 ea
1146 1560 142 61 die
1227 1560 263 61 recurrit,
1429 1560 263 61 tandemque
1612 1560 202 61 pertina-

131 1614 132 61 cis
206 1614 188 61 populi
338 1614 263 61 temeritate
545 1614 245 61 coercuit.
733 1614 113 61 Et
790 1614 113 61 ne
846 1614 151 61 haec
940 1614 151 61 casu
1034 1614 169 61 fieri
1147 1614 301 61 crederentur,
1392 1614 151 61 illa
1486 1614 151 61 ipsa
1580 1614 169 61 nocte
1674 1614 132 61 prae-

139 1675 240 61 cedente,
319 1675 260 61 similiter
520 1675 100 61 &
560 1675 260 61 sequente,
760 1675 281 61 conspectum
981 1675 160 61 fuit
1081 1675 120 61 in
1141 1675 180 61 coelo
1261 1675 200 61 signum
1401 1675 240 61 fulgidum
1582 1675 220 61 crucis,
1742 1675 100 61 &

133 1727 233 62 ipsorum
303 1727 212 62 uestes
451 1727 276 62 ludaeorum
663 1727 255 62 crucibus
854 1727 339 62 replebantur,
1130 1727 149 62 non
1215 1727 149 62 ijs
1300 1727 191 62 tamen
1427 1727 276 62 fulgidis,
1639 1727 149 62 sed
1703 1727 106 62 ni-

131 1786 176 75 gris,
249 1786 156 75 quae
347 1786 176 75 nulla
464 1786 117 75 ui
523 1786 137 75 aut
601 1786 156 75 arte
698 1786 235 75 poterant
874 1786 176 75 dilui
992 1786 176 75 atque
1109 1786 215 75 deleri.
1266 1786 196 75 Inuiti
1402 1786 156 75 ergo
1500 1786 98 75 &
1539 1786 196 75 coacti
1657 1786 156 75 magnis

141 1843 271 63 terroribus
354 1843 97 63 &
392 1843 232 63 iudicijs
566 1843 271 63 flagrisque
779 1843 213 63 Christi
934 1843 213 63 domini,
1089 1843 116 63 re
1147 1843 213 63 infecta
1302 1843 97 63 &
1341 1843 213 63 deserta
1495 1843 174 63 domum
1611 1843 232 63 fugiunt,

131 1893 316 60 confitentes
383 1893 189 60 illum
510 1893 168 60 quem
615 1893 231 60 maiores
783 1893 231 60 ipsorum
951 1893 379 60 crucifixissent
1267 1893 189 60 Iesum
1393 1893 273 60 Christum,
1604 1893 168 60 deum
1688 1893 126 60 esse

125 1951 374 73 potentissimum,
437 1951 187 73 licet
562 1951 146 73 cum
645 1951 270 73 Pharaone,
853 1951 104 73 &
895 1951 250 73 lulianus
1082 1951 104 73 &
1124 1951 208 73 potior
1269 1951 270 73 ludaeorum
1477 1951 208 73 turba,
1623 1951 125 73 in
1664 1951 146 73 perfi

133 2017 149 63 dia
218 2017 106 63 &
260 2017 297 63 blasphemia
494 2017 212 63 contra
642 2017 255 63 Christum
833 2017 382 63 perseuerarent.
1152 2017 255 63 Vtcunque
1343 2017 170 63 uero
1449 2017 170 63 isti
1555 2017 127 63 in
1619 2017 149 63 sua
1683 2017 127 63 per-

130 2069 157 63 gant
229 2069 275 63 pertinacia
445 2069 138 63 uel
523 2069 197 63 hodie,
661 2069 197 63 aperte
799 2069 177 63 tamen
917 2069 177 63 satis
1034 2069 275 63 declarauit
1251 2069 98 63 e
1290 2069 177 63 coelo
1408 2069 236 63 dominus,
1585 2069 118 63 se
1644 2069 138 63 non
1703 2069 98 63 am-

128 2126 181 62 plius
248 2126 261 62 delectari
449 2126 281 62 legalibus,
670 2126 141 62 uel
750 2126 401 62 caeremonialibus,
1091 2126 321 62 quandoquidem
1352 2126 181 62 omnia
1473 2126 161 62 illa
1553 2126 261 62 instrumenta

135 2187 202 60 cultus
276 2187 202 60 sacri,
418 2187 222 60 denique
579 2187 182 60 ipsam
700 2187 182 60 sacri
821 2187 202 60 cultus
963 2187 283 60 officinam,
1185 2187 222 60 templum
1347 2187 263 60 uidelicet
1548 2187 101 60 &
1569 2187 242 60 Hierosoly-

128 2231 194 63 morum
258 2231 216 63 urbem,
409 2231 172 63 solo
516 2231 280 63 aequauit.
732 2231 129 63 De
797 2231 216 63 Templo
948 2231 194 63 dixit
1077 2231 129 63 in
1142 2231 280 63 euangelio
1357 2231 323 63 discipulis,
1616 2231 151 63 cum
1681 2231 129 63 admi

134 2284 250 69 ratione
316 2284 250 69 templum
497 2284 476 69 commonstrantibus,
906 2284 204 69 Nonne
1042 2284 250 69 uidetis
1223 2284 181 69 haec
1337 2284 227 69 omnia?
1495 2284 181 69 Amen
1609 2284 181 69 dico
1700 2284 113 69 uo-

137 2340 164 60 bis,
239 2340 143 60 non
321 2340 307 60 relinquetur
567 2340 143 60 hic
649 2340 184 60 lapis
772 2340 184 60 super
895 2340 246 60 lapidem.
1079 2340 164 60 Idem
1181 2340 225 60 plorans
1345 2340 184 60 super
1468 2340 164 60 male
1571 2340 205 60 gratam
1694 2340 102 60 ur-

122 2396 173 61 bem,
230 2396 151 61 Non
317 2396 324 61 relinquent,
576 2396 173 61 ait,
684 2396 130 61 in
749 2396 130 61 te
814 2396 238 61 lapidem
987 2396 194 61 super
1116 2396 259 61 lapidem,
1311 2396 130 61 eo
1376 2396 173 61 quod
1484 2396 151 61 non
1549 2396 259 61 cognoueris

129 2453 209 57 tempus
275 2453 334 57 uisitationis
547 2453 188 57 tuae.
672 2453 125 57 Et
735 2453 167 57 haec
840 2453 209 57 quidem
986 2453 188 57 omnia
1111 2453 125 57 ad
1174 2453 209 57 uerbum
1320 2453 251 57 completa
1508 2453 167 57 esse
1592 2453 209 57 locuple-

134 2509 244 71 tissimus
317 2509 102 71 &
358 2509 244 71 oculatus
541 2509 204 71 quidem
684 2509 204 71 testis
826 2509 143 71 est
908 2509 244 71 Iosephus
1091 2509 183 71 libro
1213 2509 122 71 de
1274 2509 183 71 bello
1397 2509 224 71 ludaico
1560 2509 122 71 7.
1621 2509 163 71 cap.
1702 2509 102 71 18.

133 2565 239 68 Diximus
307 2565 195 68 autem
437 2565 174 68 modo
546 2565 217 68 nullum
697 2565 239 68 ludaeis
871 2565 195 68 locum
1001 2565 152 68 iam
1088 2565 174 68 inde
1196 2565 108 68 a
1240 2565 195 68 mille
1370 2565 304 68 quingentis
1609 2565 195 68 annis
1717 2565 87 68 re

138 2621 263 64 staurandi
340 2621 202 64 templi
481 2621 263 64 concessum
683 2621 162 64 esse
784 2621 101 64 :
824 2621 162 64 unde
925 2621 162 64 nisi
1026 2621 303 64 insanirent,
1269 2621 303 64 colligerent
1511 2621 202 64 missum
1652 2621 162 64 esse
1733 2621 81 64 in

134 2681 229 60 mundum
295 2681 275 60 Messiam,
501 2681 115 60 &
547 2681 183 60 hunc
661 2681 298 60 abrogasse
891 2681 390 60 caeremonialia
1189 2681 183 60 omnia.

203 2723 178 73 Nihil
322 2723 139 73 his
401 2723 317 73 patrocinatur
659 2723 159 73 quod
758 2723 337 73 perfrequenter
1036 2723 119 73 in
1095 2723 159 73 lege
1195 2723 139 73 dei
1274 2723 159 73 post
1373 2723 278 73 descriptos
1591 2723 178 73 ritus
1710 2723 139 73 sic
1770 2723 59 73 h

129 2796 265 65 adiectum
328 2796 265 65 legimus,
526 2796 177 65 Ritu
636 2796 309 65 sempiterno
879 2796 331 65 custodietis
1144 2796 221 65 illud.
1298 2796 154 65 Nam
1387 2796 331 65 sempiternum
1651 2796 132 65 in
1718 2796 154 65 hac

132 2845 220 71 caussa
286 2845 309 71 significat
529 2845 309 71 diuturnum,
771 2845 110 71 &
815 2845 242 71 quantum
992 2845 242 71 attinet
1168 2845 242 71 homines
1344 2845 331 71 immutabile.
1609 2845 264 71 Grauibus

130 2904 175 54 enim
240 2904 219 54 poenis
393 2904 351 54 interminatis
678 2904 285 54 prohibuit
897 2904 241 54 dominus
1073 2904 132 54 ne
1138 2904 219 54 sacros
1292 2904 197 54 ritus
1423 2904 285 54 temeritas
1621 2904 175 54 humana

139 2957 142 62 uel
220 2957 223 62 mutaret
382 2957 142 62 uel
463 2957 284 62 abrogaret.
686 2957 223 62 Interim
849 2957 162 62 quia
950 2957 183 62 ritus
1072 2957 183 62 illos
1193 2957 122 62 ad
1254 2957 203 62 tempus
1396 2957 325 62 correctionis
1640 2957 162 62 insti
