2288 3632
136 326 163 107 Quid
238 326 163 107 enim
340 326 143 107 uel
421 326 204 107 umbris
564 326 143 107 uel
646 326 204 107 signis
788 326 163 107 opus
890 326 184 107 habet
1013 326 265 107 ecclesia,
1217 326 163 107 quae
1319 326 163 107 ipsa
1421 326 143 107 re,
1503 326 224 107 Christo
1645 326 184 107 uideli-

139 395 142 99 cet
220 395 223 99 domino,
382 395 223 99 fruitur
543 395 142 99 per
624 395 202 99 fidem:
766 395 263 99 Praeterea
968 395 182 99 satis
1090 395 243 99 signorum
1272 395 182 99 habet
1393 395 263 99 ecclesia,
1595 395 162 99 quae
1696 395 101 99 a
1717 395 121 99 Chri

132 455 146 104 sto
215 455 229 104 accepit
382 455 146 104 duo
465 455 187 104 signa
590 455 374 104 sacramentalia,
902 455 187 104 omnia
1027 455 374 104 complectentia,
1339 455 166 104 quae
1443 455 187 104 uetus
1568 455 250 104 ecclesia
1734 455 104 104 ha-

142 502 156 81 buit
240 502 117 81 in
299 502 195 81 uarijs
435 502 98 81 &
475 502 195 81 multis
611 502 215 81 signis,

219 563 198 90 Porro
351 563 220 90 Tempus
505 563 220 90 sacrum
659 563 242 90 liberum
835 563 220 90 quoque
989 563 198 90 fecit
1122 563 154 90 qui
1210 563 132 90 in
1276 563 286 90 euangelio
1496 563 220 90 dixit,
1628 563 220 90 Sabbatum

135 624 239 95 propter
309 624 239 95 hominem
483 624 218 95 factum
636 624 174 95 est,
744 624 152 95 non
831 624 174 95 homo
940 624 239 95 propter
1114 624 283 95 sabbatum:
1332 624 218 95 itaque
1484 624 239 95 dominus
1658 624 152 95 est
1723 624 109 95 fi-

146 680 156 101 lius
244 680 215 101 hominis
400 680 176 101 etiam
517 680 234 101 sabbati.
693 680 117 101 Et
752 680 195 101 Paulus
888 680 273 101 apostolus,
1103 680 117 101 Ne
1161 680 156 101 quis
1259 680 195 101 igitur
1396 680 137 101 uos
1474 680 234 101 iudicet,
1649 680 215 101 inquit,

146 734 114 84 in
203 734 153 84 cibo
299 734 134 84 aut
375 734 172 84 potu,
489 734 134 84 aut
566 734 114 84 in
623 734 172 84 parte
737 734 153 84 diei
833 734 191 84 festi,
966 734 134 84 aut
1043 734 267 84 nouilunij,
1253 734 134 84 aut
1329 734 286 84 sabbatorum,
1558 734 153 84 quae
1653 734 153 84 sunt
1730 734 95 84 um-

136 782 150 101 bra
221 782 193 101 rerum
350 782 300 101 futurarum,
585 782 214 101 corpus
735 782 193 101 autem
864 782 257 101 Christi.
1056 782 128 101 De
1120 782 236 101 sabbato
1292 782 364 101 Christianorum
1591 782 214 101 dictum
1720 782 107 101 est

132 846 122 99 in
193 846 285 99 expositone
417 846 265 99 praecepti
620 846 224 99 quarti.
783 846 265 99 Neomenias
986 846 163 99 uero
1088 846 142 99 non
1170 846 244 99 celebrat
1353 846 244 99 ecclesia
1536 846 244 99 Christi,
1699 846 122 99 quae

128 913 154 90 per
216 913 264 90 Christum
414 913 220 90 docta,
568 913 154 90 non
657 913 220 90 tantum
811 913 286 90 principia
1031 913 264 90 mensium,
1229 913 154 90 sed
1317 913 198 90 totum
1450 913 198 90 annum
1560 913 264 90 totiusquam

135 971 166 73 anni
239 971 291 73 prouentum,
467 971 208 73 solis,
613 971 187 73 lunae
737 971 104 73 &
779 971 270 73 stellarum
987 971 311 73 splendorem,
1236 971 145 73 deo
1319 971 228 73 tribuit
1485 971 270 73 creatori.
1672 971 145 73 Chri-

142 1009 207 99 stiani
287 1009 269 99 praeterea
494 1009 207 99 pascha
639 1009 165 99 suum
742 1009 289 99 celebrant,
969 1009 103 99 &
1011 1009 351 99 spiritualiter
1300 1009 186 99 magis
1424 1009 165 99 quam
1507 1009 310 99 corporaliter:

136 1065 148 101 ita
220 1065 106 101 &
263 1065 338 101 Pentecosten.
537 1065 127 101 Vt
600 1065 169 101 enim
706 1065 253 101 spiritum
896 1065 190 101 misit
1023 1065 317 101 discipulis,
1276 1065 148 101 ita
1360 1065 211 101 eundem
1508 1065 190 101 donat
1614 1065 211 101 quotidie

131 1123 173 105 fide
240 1123 195 105 ibus,
369 1123 151 105 Sem
456 1123 151 105 per
542 1123 195 105 autem
672 1123 130 105 hi
737 1123 281 105 classicum
954 1123 216 105 canunt
1105 1123 130 105 ad
1170 1123 238 105 pugnam.
1343 1123 325 105 Concupiscit
1603 1123 173 105 enim
1689 1123 130 105 caro

139 1179 256 100 aduersus
331 1179 277 100 spiritum,
544 1179 107 100 &
586 1179 277 100 impetitur
800 1179 171 100 homo
906 1179 171 100 pius
1013 1179 107 100 a
1056 1179 192 100 mundo
1184 1179 107 100 &
1226 1179 256 100 principe
1418 1179 192 100 huius
1546 1179 235 100 saeculi
1695 1179 107 100 dia

134 1235 174 96 bolo
243 1235 152 96 lam
330 1235 174 96 uero
439 1235 326 96 Expiationis
699 1235 217 96 festum
852 1235 196 96 semel
982 1235 130 96 in
1047 1235 196 96 cruce
1178 1235 261 96 peractum
1373 1235 196 96 durat
1504 1235 283 96 perpetuo:
1699 1235 109 96 nec

133 1297 231 82 amplius
301 1297 210 82 hircum
447 1297 231 82 peccati
615 1297 252 82 amandant
804 1297 231 82 sancti.
972 1297 189 82 Semel
1097 1297 168 82 enim
1202 1297 210 82 uenit,
1349 1297 105 82 &
1391 1297 231 82 oblatus
1558 1297 147 82 est
1621 1297 189 82 dominus

132 1360 226 71 noster.
297 1360 144 71 qui
379 1360 246 71 sustulit
564 1360 185 71 omnia
687 1360 226 71 peccata
851 1360 205 71 totius
995 1360 205 71 mundi.
1138 1360 226 71 Denique
1303 1360 144 71 cum
1385 1360 144 71 pij
1467 1360 246 71 quotidie
1631 1360 185 71 mediten

135 1410 149 84 tur
220 1410 128 84 se
284 1410 149 84 hic
369 1410 213 84 nullum
517 1410 191 84 haber
645 1410 106 84 e
687 1410 191 84 locum
815 1410 276 84 manentem,
1028 1410 149 84 sed
1113 1410 234 84 futurum
1283 1410 213 84 inqui,
1431 1410 170 84 ere,
1538 1410 149 84 non
1623 1410 149 84 est
1686 1410 128 84 quod

128 1460 192 95 semel
255 1460 128 95 in
319 1460 170 95 anno
426 1460 277 95 celebrent
638 1460 213 95 festum
787 1460 404 95 tabernaculorum.
1128 1460 149 95 Ita
1213 1460 149 95 non
1298 1460 277 95 agnoscunt
1511 1460 234 95 fideles
1660 1460 149 95 uilum

130 1516 200 95 porro
263 1516 200 95 annum
396 1516 289 95 iubileum,
618 1516 200 95 Semel
751 1516 178 95 enim
862 1516 200 95 uenit
996 1516 289 95 Christus,
1218 1516 111 95 &
1262 1516 200 95 annum
1395 1516 266 95 acceptum
1595 1516 200 95 nobis
1706 1516 111 95 an-

125 1582 302 76 nunciauit,
363 1582 324 76 euangelium,
622 1582 151 76 quo
708 1582 324 76 praedicatur
967 1582 237 76 remissa
1139 1582 173 76 esse
1247 1582 194 76 nobis
1377 1582 194 76 omnia
1506 1582 259 76 peccata.
1679 1582 129 76 Haec

127 1639 160 83 cnim
227 1639 120 83 ad
287 1639 160 83 hunc
387 1639 180 83 modum
507 1639 160 83 ipse
607 1639 240 83 declarat
787 1639 240 83 Christus
967 1639 220 83 dominus
1126 1639 180 83 Lucae
1246 1639 160 83 cap.
1346 1639 100 83 4
1386 1639 120 83 ex
1446 1639 140 83 61.
1526 1639 160 83 cap.
1626 1639 220 83 lsaiae.

118 1678 145 108 lta
201 1678 166 108 uero
305 1678 208 108 tempus
450 1678 208 108 sacrum
596 1678 104 108 &
637 1678 166 108 dies
741 1678 187 108 festi
865 1678 249 108 abrogati
1052 1678 166 108 sunt
1156 1678 145 108 per
1239 1678 249 108 Christum
1426 1678 125 108 in
1488 1678 270 108 ecclesia:
1675 1678 125 108 quae

118 1741 222 68 interim
279 1741 141 68 non
360 1741 303 68 destituitur
603 1741 162 68 ulla
704 1741 121 68 re
765 1741 202 68 sancta
906 1741 101 68 &
926 1741 263 68 necessaria.

203 1793 156 85 Sed
292 1793 244 85 quoniam
469 1793 156 85 hic
558 1793 222 85 annus,
714 1793 156 85 quo
803 1793 178 85 baec
914 1793 222 85 primum
1070 1793 311 85 excuduntur
1314 1793 222 85 typis,
1447 1793 356 85 quinquagesimus

115 1840 159 107 est
206 1840 204 107 supra
342 1840 318 107 millesimum
592 1840 114 107 &
637 1840 431 107 quingentesimum,
1001 1840 114 107 &
1046 1840 272 107 secundum
1250 1840 341 107 traditionem
1523 1840 250 107 Romanam
1704 1840 159 107 nun

117 1907 228 84 cupatur
283 1907 269 84 iubileus,
490 1907 166 84 ipsa
594 1907 124 84 me
656 1907 187 84 quasi
781 1907 290 84 necessitas
1009 1907 207 84 adigit
1154 1907 228 84 aliquid
1320 1907 207 84 saltem
1465 1907 145 84 per
1527 1907 290 84 digressiuncu

119 1957 160 101 lam
211 1957 229 101 dicere
371 1957 137 101 de
440 1957 229 101 Romano
600 1957 275 101 iubileo,
806 1957 252 101 Romanum
989 1957 160 101 non
1080 1957 343 101 Christianum
1355 1957 137 101 ea
1424 1957 137 101 de
1492 1957 229 101 caussa
1630 1957 160 101 uoco,

119 2021 164 92 quod
221 2021 164 92 modo
323 2021 246 92 ostendi,
508 2021 225 92 Christi
672 2021 266 92 ecclesiam
876 2021 164 92 post
979 2021 328 92 redemptionem
1245 2021 225 92 Christi
1409 2021 143 92 per
1491 2021 287 92 euangelium
1696 2021 102 92 an-

119 2082 297 75 nunciatam,
352 2082 212 75 nullum
501 2082 191 75 alium
629 2082 191 75 annum
756 2082 255 75 iubileum
947 2082 297 75 agnoscere.
1181 2082 127 75 In
1245 2082 212 75 ueteri
1393 2082 170 75 anno
1500 2082 234 75 iubileo
1648 2082 149 75 consi

117 2129 213 99 deratur
271 2129 174 99 luera
387 2129 97 99 &
426 2129 251 99 spiritus.
619 2129 174 99 luxta
735 2129 213 99 literam
890 2129 309 99 concedebatur
1141 2129 193 99 seruis
1276 2129 251 99 libertas,
1469 2129 329 99 reddebaturque
1721 2129 77 99 pa

121 2184 170 85 tria,
234 2184 151 85 quae
329 2184 132 85 uel
404 2184 189 85 mutata
537 2184 132 85 uel
612 2184 208 85 adempta
763 2184 189 85 fuerat
895 2184 189 85 iustis
1028 2184 283 85 haeredibus,
1254 2184 264 85 possessio.
1462 2184 113 85 Is
1519 2184 170 85 ritus
1632 2184 113 85 ut
1670 2184 132 85 citra

110 2238 188 100 rerum
235 2238 208 100 omnium
381 2238 375 100 conturbationem
694 2238 229 100 omnibus
860 2238 208 100 regnis
1006 2238 188 100 hodie
1131 2238 229 100 obtrudi
1298 2238 146 100 non
1381 2238 229 100 posset,
1548 2238 146 100 ita
1610 2238 188 100 oppres-

107 2287 141 107 sos
188 2287 141 107 non
268 2287 222 107 admodum
430 2287 202 107 curant
571 2287 283 107 beatissimi
793 2287 222 107 patres,
955 2287 141 107 qui
1036 2287 242 107 iubileum
1218 2287 121 107 ut
1278 2287 202 107 opibus
1419 2287 162 107 suis
1520 2287 242 107 plurimum
1682 2287 101 107 ac-

119 2354 181 93 cedat
240 2354 302 93 inuenerunt,
481 2354 101 93 &
521 2354 201 93 stulto
662 2354 181 93 mundo
783 2354 302 93 praedicant.
1024 2354 241 93 Spiritus
1205 2354 161 93 uero
1305 2354 221 93 iubilei
1466 2354 261 93 ueteris.,
1647 2354 141 93 Chri-

108 2404 177 95 stum
219 2404 111 95 &
263 2404 288 95 gratuitam
485 2404 177 95 eius
595 2404 310 95 remisionem
839 2404 222 95 omnium
994 2404 310 95 peccatorum
1238 2404 177 95 fide
1349 2404 355 95 percipiendam
1615 2404 177 95 commen

108 2462 160 102 dat.
208 2462 160 102 Haec
309 2462 181 102 autem
429 2462 201 102 gratia
569 2462 140 102 non
650 2462 201 102 potest
790 2462 181 102 citra
910 2462 301 102 contumeliam
1151 2462 221 102 Christi
1312 2462 201 102 aliter
1452 2462 281 102 praedicari
1673 2462 160 102 quam

109 2518 278 94 annunciata
328 2518 139 94 est
407 2518 139 94 per
486 2518 298 94 euangelium.
725 2518 218 94 Iccirco
884 2518 199 94 caruit
1022 2518 238 94 ecclesia
1201 2518 159 94 anno
1300 2518 218 94 iubileo
1459 2518 179 94 annis
1578 2518 99 94 a
1598 2518 179 94 Christo

113 2579 195 90 mille
243 2579 303 90 trecentis.
481 2579 216 90 Postea
633 2579 195 90 demum
762 2579 238 90 emersit
935 2579 303 90 Bonifacius
1173 2579 173 90 eius
1281 2579 238 90 nominis
1455 2579 108 90 8
1498 2579 195 90 Roman
1628 2579 195 90 Pont.

106 2635 193 88 cuius
234 2635 215 88 nomine
385 2635 107 88 &
428 2635 215 88 Sextus
578 2635 236 88 Decret,
750 2635 258 88 prodijt,
943 2635 150 88 qui
1029 2635 215 88 primus
1180 2635 322 88 impijssimum
1437 2635 150 88 hoc
1523 2635 301 88 institutum

108 2687 241 103 inuenit.
289 2687 141 103 Nam
369 2687 221 103 Platina
530 2687 121 103 in
591 2687 161 103 uita
691 2687 181 103 eius,
812 2687 241 103 lubileum
993 2687 141 103 hic
1073 2687 241 103 retulit,
1254 2687 161 103 inqu
1355 2687 101 103 t
1395 2687 161 103 anno
1495 2687 161 103 120o
1596 2687 141 103 quo
1656 2687 121 103 ple-

99 2751 155 83 nam
187 2751 309 83 delictorum
430 2751 221 83 omnium
585 2751 309 83 remisionem
828 2751 155 83 his
916 2751 331 83 praestabat,
1181 2751 155 83 qui
1270 2751 221 83 limina
1425 2751 331 83 apostolorum
1668 2751 110 83 ui-

114 2789 305 114 sitassent.
354 2789 174 114 Idem
463 2789 196 114 etiam
594 2789 283 114 centesimo
812 2789 218 114 quoque
964 2789 174 114 anno
1073 2789 283 114 obseruari
1291 2789 283 114 mandauit.
1509 2789 218 114 Caruit
1640 2789 131 114 ergo

105 2853 243 99 iubileo
282 2853 155 99 hoc
370 2853 265 99 ecclesia
569 2853 199 99 citra
702 2853 243 99 salutis
879 2853 265 99 iacturam
1078 2853 199 99 annis
1210 2853 199 99 1300.
1343 2853 265 99 Fossumus
1542 2853 177 99 ergo
1652 2853 111 99 &
1674 2853 111 99 nos

94 2909 179 100 iilo
205 2909 201 100 citra
339 2909 357 100 detrimentum,
629 2909 156 100 imo
719 2909 201 100 magno
853 2909 156 100 cum
942 2909 312 100 emolumento
1187 2909 223 100 nostro
1344 2909 246 100 carere.
1522 2909 156 100 Nam
1611 2909 134 100 si
1656 2909 134 100 isti

101 2961 329 118 perrexerint
364 2961 176 118 hunc
474 2961 285 118 obtrudere
694 2961 241 118 tanquam
869 2961 329 118 necessarium
1133 2961 132 118 ad
1198 2961 263 118 salutem,
1396 2961 285 118 damnabunt
1593 2961 198 118 uniuer
