2288 3632
471 341 273 85 eerdotes,
681 341 231 85 adeoque
849 341 210 85 regale
996 341 336 85 sacerdotium,
1269 341 105 85 &
1311 341 315 85 sacerdotale
1562 341 252 85 regnum.?
1751 341 168 85 Quod
1856 341 126 85 S.
1919 341 210 85 Petrus
2045 341 105 85 ac-

470 401 277 72 comodauit
683 401 107 72 &
725 401 234 72 Christi
896 401 298 72 fidelibus.
1130 401 213 72 Nequit
1279 401 192 72 autem
1407 401 213 72 regnum
1556 401 107 72 &
1599 401 320 72 sacerdotium
1855 401 170 72 tale
1961 401 170 72 sine
2046 401 107 72 un-

473 458 201 73 ctione
614 458 241 73 spiritus
795 458 261 73 constare.
996 458 181 73 Dixit
1116 458 201 73 quidem
1257 458 121 73 in
1318 458 261 73 euangelio
1519 458 141 73 suo
1599 458 201 73 beatus
1740 458 221 73 Ioannes
1901 458 282 73 apostolus,

464 510 217 83 Nondum
616 510 174 83 erat
725 510 260 83 spiritus
920 510 260 83 sanctus,
1115 510 174 83 quia
1223 510 195 83 Iesus
1354 510 217 83 nondum
1505 510 174 83 erat
1614 510 369 83 glorificatus.
1917 510 152 83 Sed
1982 510 174 83 quem-

476 575 217 70 admodum
634 575 138 70 non
713 575 236 70 loquutus
890 575 138 70 est
969 575 118 70 de
1028 575 276 70 substantia
1244 575 236 70 spiritus
1421 575 217 70 sancti,
1579 575 158 70 quae
1677 575 138 70 est
1756 575 256 70 essentiae
1953 575 197 70 patris
2071 575 79 70 et

481 637 183 62 filij
603 637 285 62 coaeterna,
826 637 142 62 ita
908 637 142 62 non
989 637 224 62 negauit
1152 637 122 62 in
1213 637 264 62 uniuersum
1416 637 224 62 ueteres
1579 637 264 62 accepisse
1782 637 244 62 spiritum
1945 637 203 62 sanctum,

484 698 256 64 Loquitur
675 698 170 64 enim
782 698 128 64 de
846 698 298 64 excellenti
1080 698 192 64 dono,
1208 698 170 64 quod
1315 698 170 64 post
1421 698 320 64 ascensionem
1677 698 213 64 domini
1826 698 234 64 effusum
1997 698 149 64 est
2061 698 85 64 in

487 738 185 76 omnes
611 738 206 76 gentes
755 738 267 76 credulas.
960 738 144 76 Sic
1043 738 165 76 enim
1145 738 165 76 ipse
1248 738 226 76 Ioannes
1413 738 165 76 sese
1516 738 350 76 interpretans,
1803 738 308 76 praemittit,
2050 738 144 76 Hoc

491 793 179 86 dixit
611 793 160 86 QQui
710 793 199 86 credit
850 793 120 86 in
910 793 140 86 me,
990 793 219 86 flumina
1149 793 120 86 de
1209 793 199 86 uentre
1348 793 160 86 eius
1448 793 199 86 fluent
1588 793 160 86 aque
1687 793 199 86 uiuae)
1827 793 120 86 de
1887 793 219 86 spiritu
2026 793 120 86 quem

484 856 272 71 accepturi
693 856 188 71 erant
818 856 272 71 credentes
1027 856 125 71 in
1090 856 209 71 ipsum.
1236 856 188 71 Donum
1362 856 167 71 ergo
1466 856 251 71 spiritus
1654 856 125 71 eo
1717 856 251 71 tempore,
1905 856 146 71 cum
1989 856 167 71 haec
2072 856 84 71 di

487 908 187 71 ceret
612 908 250 71 dominus,
799 908 146 71 non
882 908 146 71 ita
966 908 166 71 erat
1070 908 250 71 uulgare,
1257 908 104 71 &
1298 908 187 71 tanta
1423 908 125 71 in
1485 908 187 71 omnes
1610 908 229 71 effusum
1777 908 208 71 copia,
1922 908 208 71 quanta
2047 908 104 71 ef-

488 961 286 86 fundebatur
712 961 163 86 post
814 961 388 86 clarificationem
1141 961 224 86 Christi
1304 961 122 86 in
1365 961 286 86 credentes.
1590 961 122 86 Ac
1651 961 204 86 reuera
1794 961 143 86 non
1875 961 286 86 potuissent
2079 961 82 86 pa

493 1034 158 60 tres
592 1034 197 60 nostri
730 1034 99 60 &
770 1034 197 60 sancti
908 1034 257 60 prophetae
1105 1034 138 60 tam
1184 1034 217 60 diserte
1342 1034 178 60 omnia
1461 1034 217 60 Christi
1619 1034 99 60 &
1658 1034 257 60 ecclesiae
1856 1034 237 60 mysteria
2014 1034 138 60 prae-

491 1075 217 71 dicere,
649 1075 158 71 quae
748 1075 316 71 euangelistae
1004 1075 99 71 &
1044 1075 237 71 apostoli
1221 1075 237 71 completa
1399 1075 158 71 esse
1497 1075 256 71 testantur
1694 1075 118 71 ad
1754 1075 217 71 uerbum,
1911 1075 158 71 nisi
2010 1075 178 71 eodem

492 1131 156 78 illo
589 1131 214 78 spiritu
745 1131 234 78 fuissent
920 1131 253 78 gubernati
1115 1131 273 78 prophetae,
1329 1131 136 78 quo
1407 1131 195 78 postea
1543 1131 253 78 instructi
1738 1131 156 78 sunt
1835 1131 253 78 apostoli.
2011 1131 136 78 Neque

487 1190 165 73 enim
590 1190 247 73 cogitare
776 1190 165 73 phas
879 1190 165 73 est,
982 1190 268 73 prophetas
1188 1190 103 73 &
1229 1190 206 73 patres
1373 1190 227 73 nostros
1538 1190 185 73 uerba
1662 1190 144 73 non
1744 1190 288 73 intellecta
1950 1190 206 73 profudis

484 1239 141 82 se,
564 1239 322 82 insanientium
826 1239 342 82 furientiumque
1107 1239 221 82 instar.
1268 1239 181 82 Vidit
1388 1239 221 82 Abraham
1549 1239 161 82 diem
1650 1239 241 82 Christi,
1830 1239 100 82 &
1871 1239 221 82 gauisus
2031 1239 161 82 est,

492 1314 215 57 capiens
649 1314 254 57 uidelicet
844 1314 98 57 &
883 1314 234 57 sentiens
1058 1314 117 57 ex
1117 1314 273 57 spirituali
1332 1314 156 57 illa
1429 1314 137 57 sua
1507 1314 215 57 uisione
1663 1314 293 57 spiritualem
1897 1314 293 57 uoluptatem,

497 1354 195 72 Toties
634 1354 156 72 uero
732 1354 234 72 testatur
907 1354 176 72 Dauid
1024 1354 156 72 sibi
1122 1354 176 72 sacra
1239 1354 98 72 &
1278 1354 195 72 coetus
1415 1354 351 72 ecclesiasticos
1707 1354 156 72 loge
1805 1354 293 72 gratissimos
2019 1354 137 72 fuis-

495 1409 149 73 se:
580 1409 170 73 quod
686 1409 170 73 haud
792 1409 191 73 dubie
919 1409 149 73 non
1004 1409 234 73 propter
1174 1409 255 73 externas
1365 1409 340 73 caeremonias,
1641 1409 149 73 sed
1726 1409 234 73 propter
1896 1409 255 73 Christum
2066 1409 85 73 ma

493 1466 182 74 xime,
614 1466 162 74 quem
715 1466 222 74 spiritu
877 1466 101 74 &
917 1466 162 74 fide
1018 1466 364 74 contemplabatur
1321 1466 121 74 in
1382 1466 303 74 caeremonijs
1625 1466 162 74 siue
1726 1466 222 74 ritibus
1887 1466 222 74 sacris,
2029 1466 121 74 pro-

497 1522 268 75 nunciauit.
707 1522 191 75 Cumque
841 1522 210 75 constet
994 1522 191 75 patres
1128 1522 210 75 nostros
1281 1522 191 75 gratia
1415 1522 134 75 dei
1492 1522 153 75 esse
1587 1522 325 75 iustificatos,
1855 1522 191 75 claret
1970 1522 191 75 iustifi-

494 1592 243 59 cationem
676 1592 183 59 illam
798 1592 142 59 non
879 1592 264 59 perfectam
1082 1592 162 59 esse
1183 1592 162 59 sine
1285 1592 223 59 spiritu
1447 1592 142 59 dei
1528 1592 203 59 nostri
1670 1592 101 59 :
1711 1592 142 59 per
1792 1592 162 59 quem
1893 1592 101 59 &
1934 1592 203 59 nostra
2056 1592 101 59 ho-

505 1634 146 74 die
589 1634 334 74 iustificatio
860 1634 313 74 perficitur.
1111 1634 272 74 Gubernati
1320 1634 167 74 sunt
1424 1634 167 74 ergo
1528 1634 188 74 eodem
1654 1634 251 74 nobiscum
1842 1634 251 74 spiritu.
2009 1634 146 74 Dehis

490 1703 144 61 non
573 1703 206 61 aliter
717 1703 268 61 iudicauit
923 1703 124 61 S.
985 1703 309 61 Augustinus,
1232 1703 185 61 cuius
1355 1703 185 61 uerba
1479 1703 124 61 c.
1540 1703 124 61 V.
1602 1703 124 61 ex
1664 1703 226 61 secundo
1829 1703 185 61 libro
1952 1703 124 61 de
1993 1703 165 61 Pecca-

503 1753 119 69 to
563 1753 178 69 orig.
681 1753 198 69 contra
820 1753 198 69 Pelag.
958 1753 99 69 &
998 1753 217 69 Celest,
1156 1753 119 69 ex
1215 1753 198 69 capite
1353 1753 138 69 25.
1432 1753 237 69 uerbotim
1610 1753 257 69 recitabo,
1808 1753 178 69 Eodem
1927 1753 217 69 spiritu
2065 1753 99 69 fi-

503 1797 154 75 dei,
599 1797 192 75 inquit
734 1797 96 75 a
772 1797 250 75 prophetis
964 1797 154 75 illa
1061 1797 192 75 futura
1195 1797 289 75 uidebantur,
1426 1797 154 75 quae
1522 1797 115 75 at
1580 1797 173 75 nobis
1695 1797 173 75 facta
1811 1797 269 75 creduntur.
2022 1797 173 75 Neque

497 1858 161 80 enim
598 1858 141 80 qui
678 1858 182 80 nobis
800 1858 161 80 ista
901 1858 202 80 fideli
1042 1858 283 80 dilectione
1264 1858 283 80 prophetare
1486 1858 283 80 potuerunt,
1708 1858 182 80 eorum
1829 1858 161 80 ipsi
1910 1858 242 80 participes

502 1924 147 60 non
586 1924 251 60 fuerunt.
774 1924 126 60 Et
837 1924 167 60 unde
942 1924 167 60 est,
1046 1924 167 60 quod
1151 1924 188 60 dicit
1277 1924 272 60 apostolus
1486 1924 230 60 Petrus.
1654 1924 167 60 Quid
1758 1924 251 60 tentatis
1947 1924 167 60 deum
2030 1924 126 60 impo

503 1971 170 70 nere
609 1971 191 70 iugum
736 1971 191 70 supra
864 1971 212 70 collum
1012 1971 361 70 discipulorum,
1310 1971 170 70 quod
1416 1971 191 70 neque
1543 1971 212 70 patres
1692 1971 234 70 nostri,
1862 1971 191 70 neque
1989 1971 149 70 nos
2053 1971 106 70 po-

507 2019 215 79 tuimus
658 2019 237 79 portare
830 2019 108 79 :
873 2019 151 79 sed
959 2019 151 79 per
1045 2019 237 79 gratiam
1217 2019 215 79 domini
1368 2019 172 79 Iesu
1476 2019 258 79 eredimus
1669 2019 194 79 salui
1798 2019 215 79 fieri,
1927 2019 237 79 quemadmo-

509 2090 137 69 dum
588 2090 98 69 &
627 2090 157 69 illi
725 2090 98 69 :
765 2090 157 69 nisi
863 2090 157 69 quia
961 2090 98 69 &
1000 2090 157 69 illi
1098 2090 137 69 per
1177 2090 216 69 gratiam
1334 2090 196 69 domini
1471 2090 157 69 Iesu
1569 2090 216 69 Christi
1726 2090 177 69 salui
1844 2090 177 69 facti
1962 2090 177 69 sunt,
2060 2090 98 69 non

492 2131 147 86 per
576 2131 189 86 legem
702 2131 189 86 Mosi,
828 2131 147 86 per
912 2131 168 86 quam
1017 2131 147 86 non
1101 2131 252 86 sanatio,
1290 2131 147 86 sed
1375 2131 252 86 cognitio
1564 2131 147 86 est
1648 2131 189 86 facta
1774 2131 252 86 peccati?
1963 2131 168 86 Nunc
2047 2131 105 86 au-

504 2189 134 80 tem
581 2189 154 80 sine
677 2189 154 80 lege
773 2189 231 80 iustitia
946 2189 134 80 dei
1023 2189 288 80 manifestata
1253 2189 154 80 est,
1349 2189 288 80 testificata
1580 2189 134 80 per
1656 2189 173 80 legem
1772 2189 96 80 &
1810 2189 269 80 prophetas.
2022 2189 115 80 Si
2060 2189 96 80 er-

502 2241 121 84 go
562 2241 162 84 nunc
664 2241 304 84 manifestata
906 2241 162 84 est,
1008 2241 182 84 etiam
1129 2241 162 84 tunc
1230 2241 182 84 erat,
1352 2241 142 84 sed
1433 2241 243 84 occulta.
1615 2241 182 84 Cuius
1736 2241 344 84 occultationem
1999 2241 162 84 signi-

501 2297 234 73 ficabat
671 2297 212 73 templi
819 2297 212 73 uelum,
968 2297 170 73 quod
1074 2297 149 73 est
1159 2297 127 73 ad
1223 2297 170 73 eius
1329 2297 361 73 significandam
1626 2297 340 73 reuelationem
1902 2297 234 73 Christo
2051 2297 106 73 mo-

505 2356 212 76 riente
653 2356 319 76 conscissum.
908 2356 127 76 Et
972 2356 170 76 tunc
1078 2356 170 76 ergo
1184 2356 170 76 ista
1290 2356 212 76 gratia
1439 2356 191 76 unius
1566 2356 297 76 mediatoris
1800 2356 149 76 dei
1885 2356 106 76 &
1927 2356 234 76 hominum
2076 2356 85 76 ho

509 2411 182 73 minis
630 2411 222 73 Christi
791 2411 161 73 Iesu
892 2411 161 73 erat
993 2411 121 73 in
1054 2411 202 73 populo
1195 2411 161 73 dei,
1296 2411 141 73 sed
1377 2411 222 73 tanquam
1538 2411 121 73 in
1599 2411 222 73 uellere
1760 2411 222 73 pluuia,
1922 2411 161 73 quam
2023 2411 141 73 non
2083 2411 81 73 de

503 2474 184 70 bitam
625 2474 143 70 sed
707 2474 307 70 uoluntariam
952 2474 245 70 segregat
1136 2474 164 70 deus
1238 2474 307 70 haereditati
1484 2474 184 70 suae,
1606 2474 204 70 inerat
1749 2474 225 70 latens:
1913 2474 164 70 nunc
2015 2474 184 70 autem

500 2527 178 75 uelut
619 2527 218 75 siccato
778 2527 159 75 illo
877 2527 238 75 uellere,
1055 2527 139 75 hoc
1134 2527 139 75 est
1214 2527 218 75 ludaico
1372 2527 198 75 populo
1511 2527 277 75 reprobato,
1729 2527 119 75 in
1788 2527 218 75 omnibus
1947 2527 258 75 gentibus,

509 2592 223 60 tanquam
671 2592 122 60 in
732 2592 162 60 area
834 2592 244 60 cernitur
1016 2592 223 60 patens.
1179 2592 162 60 Haec
1260 2592 122 60 ille

576 2639 135 71 lam
653 2639 154 71 uero
749 2639 251 71 proposita
942 2639 135 71 est
1019 2639 212 71 lsraeli
1174 2639 251 71 felicitas
1366 2639 231 71 carnalis
1540 2639 154 71 siue
1636 2639 289 71 temporaria,
1868 2639 135 71 sed
1945 2639 135 71 non
2022 2639 174 71 sola/

504 2698 136 76 Nam
581 2698 117 76 in
640 2698 234 76 peritura
815 2698 97 76 &
854 2698 214 76 externa
1010 2698 156 76 illa
1108 2698 273 76 felicitate
1322 2698 253 76 adumbrata
1517 2698 136 76 est
1595 2698 136 76 eis
1673 2698 253 76 coelestis
1868 2698 156 76 illa
1965 2698 117 76 ac
2004 2698 156 76 aeter-

502 2754 138 68 na.
581 2754 236 68 Ostendit
758 2754 158 68 enim
857 2754 256 68 apostolus
1054 2754 118 68 in
1113 2754 197 68 quarto
1251 2754 98 68 &
1290 2754 138 68 11.
1369 2754 158 68 cap.
1468 2754 118 68 ad
1527 2754 256 68 Hebraeos,
1724 2754 197 68 patres
1862 2754 118 68 ex
1921 2754 236 68 uisibili
2098 2754 98 68 &

502 2819 288 65 temporaria
729 2819 309 65 haereditate
976 2819 247 65 sperasse
1161 2819 309 65 inuisibilem
1408 2819 124 65 ac
1470 2819 268 65 aeternam.
1676 2819 144 65 Nec
1758 2819 185 65 alium
1882 2819 124 65 in
1944 2819 185 65 finem
2067 2819 144 65 tam

496 2859 283 70 diligenter
718 2859 182 70 ipsis
839 2859 242 70 Christus
1021 2859 262 70 promissus
1222 2859 161 70 est,
1323 2859 101 70 &
1364 2859 121 70 in
1424 2859 161 70 ipso
1525 2859 283 70 benedictio
1747 2859 101 70 &
1788 2859 161 70 uita
1888 2859 262 70 proposita
2070 2859 101 70 om-

508 2921 188 68 nibus
634 2921 209 68 quoque
780 2921 105 68 &
822 2921 251 68 singulis
1011 2921 188 68 prope
1136 2921 314 68 caeremonijs
1387 2921 377 68 praefiguratus,
1701 2921 167 68 quam
1806 2921 126 68 ut
1869 2921 167 68 spem
1953 2921 209 68 haberent

501 2971 210 98 uitae,
648 2971 147 98 non
732 2971 231 98 alienae
900 2971 147 98 aut
984 2971 252 98 diuersae
1173 2971 210 98 utique
1320 2971 126 98 ab
1384 2971 126 98 ea
1447 2971 189 98 uita,
1573 2971 126 98 in
1636 2971 168 98 quam
1741 2971 105 98 &
1783 2971 147 98 nos
1867 2971 147 98 per
1951 2971 252 98 Christum
