2288 3632
471 331 180 88 suum
584 331 271 88 praemium
787 331 158 88 aut
877 331 338 88 stipendium,
1148 331 226 88 mortem
1306 331 113 88 &
1351 331 226 88 uitam.
1509 331 158 88 Sed
1599 331 113 88 &
1644 331 293 88 generalem
1870 331 203 88 ponit
1983 331 180 88 senten

479 400 180 77 tiam,
599 400 160 77 eius
699 400 140 77 nos
779 400 160 77 esse
879 400 220 77 seruos,
1038 400 140 77 cui
1118 400 300 77 nosmetipsos
1358 400 120 77 ad
1418 400 280 77 obediendum
1638 400 260 77 tradimus.
1837 400 160 77 Inde
1937 400 140 77 sic
1997 400 160 77 colli-

482 468 157 69 git,
581 468 197 69 Gratia
718 468 138 69 dei
797 468 138 69 cum
876 468 177 69 simus
994 468 236 69 redempti
1171 468 98 69 a
1210 468 256 69 seruitute
1407 468 216 69 peccati
1564 468 98 69 &
1603 468 256 69 stipendio
1800 468 177 69 eius,
1918 468 197 69 morte,
2036 468 118 69 cer-

494 520 120 58 te
554 520 260 58 translati
754 520 180 58 sumus
874 520 120 58 in
933 520 280 58 seruitutem
1153 520 260 58 iustitiae
1353 520 120 58 ut
1413 520 240 58 uiuamus.
1593 520 360 58 Significantius
1892 520 160 58 enim
1972 520 180 58 subiun-

482 574 176 72 git.
592 574 242 72 Humanum
768 574 242 72 quiddam
944 574 198 72 dico,
1076 574 242 72 propter
1252 574 352 72 infirmitatem
1538 574 220 72 carnis
1692 574 264 72 uestrae,
1868 574 286 72 Quemadmodum

496 626 166 63 enim
600 626 311 63 praebuistis
849 626 207 63 membra
994 626 207 63 uestra
1139 626 187 63 serua
1263 626 311 63 immundiciae
1512 626 104 63 &
1554 626 311 63 iniquitati,
1803 626 124 63 ad
1865 626 332 63 iniquitatem:

482 677 143 66 sic
563 677 102 66 &
604 677 164 66 nunc
707 677 246 66 praebete
891 677 205 66 membra
1035 677 205 66 uestra
1178 677 184 66 serua
1301 677 287 66 iustitiae,
1526 677 123 66 ad
1588 677 430 66 sanctificationem.
1956 677 143 66 Cum
2038 677 164 66 enim

487 746 163 63 serui
595 746 199 63 essetis
740 746 217 63 peccati,
903 746 181 63 liberi
1030 746 181 63 eratis
1156 746 253 63 iustitiae.
1355 746 145 63 Quem
1446 746 181 63 igitur
1572 746 199 63 fructum
1717 746 235 63 habebatis
1898 746 145 63 tunc
1988 746 109 63 in
2042 746 145 63 his,

496 806 126 62 de
559 806 210 62 quibus
706 806 168 62 nunc
811 806 336 62 erubescitis?
1085 806 147 62 Nam
1169 806 189 62 finis
1295 806 231 62 illorum
1463 806 189 62 mors.
1589 806 168 62 Nunc
1694 806 168 62 uero
1800 806 273 62 manumissi
2010 806 105 62 a
2031 806 126 62 pec-

496 846 184 78 cato,
618 846 184 78 serui
741 846 184 78 autem
864 846 184 78 facti
987 846 164 78 deo,
1089 846 225 78 habetis
1253 846 225 78 fructum
1417 846 225 78 uestrum
1581 846 123 78 in
1642 846 430 78 sanctificationem,
2011 846 184 78 finem

492 913 192 60 autem
620 913 192 60 uitam
748 913 278 60 aeternam.
962 913 214 60 Etenim
1112 913 278 60 stipendia
1325 913 235 60 peccati
1496 913 192 60 mors,
1625 913 192 60 donum
1753 913 192 60 autem
1881 913 150 60 dei
1967 913 171 60 uita
2052 913 107 60 ae-

494 973 222 58 terna,
649 973 155 58 per
738 973 200 58 Iesum
871 973 266 58 Christum
1071 973 244 58 dominum
1248 973 266 58 nostrum.
1448 973 178 58 Haec
1559 973 200 58 autem
1692 973 200 58 omnia
1825 973 155 58 tam
1914 973 178 58 sunt
2003 973 155 58 clara

490 1028 101 60 &
530 1028 283 60 simplicia,
753 1028 121 60 ut
813 1028 202 60 nostra
955 1028 142 60 non
1036 1028 263 60 indigeant
1238 1028 324 60 explicatione
1481 1028 202 60 fusiore.

575 1070 167 66 llla
679 1070 167 66 uero
783 1070 187 66 omnia
908 1070 187 66 adhuc
1033 1070 229 66 plenius
1200 1070 229 66 exponit
1367 1070 146 66 per
1450 1070 312 66 collationem
1700 1070 312 66 parabolicam
1950 1070 125 66 in
1991 1070 167 66 capite

492 1129 116 70 7.
550 1129 213 70 Mulier,
705 1129 213 70 inquit,
860 1129 155 70 uiro
957 1129 233 70 subiecta
1131 1129 97 70 &
1170 1129 213 70 obnoxia
1325 1129 155 70 est,
1422 1129 155 70 quam
1519 1129 136 70 diu
1597 1129 174 70 uiuit
1713 1129 155 70 uir.
1810 1129 116 70 Si
1868 1129 233 70 diuertat
2043 1129 97 70 a
2062 1129 97 70 ui-

493 1192 117 62 ro
551 1192 155 62 ipso
648 1192 175 62 adhuc
765 1192 233 62 uiuente,
940 1192 253 62 iudicatur
1134 1192 253 62 adultera.
1328 1192 117 62 Si
1387 1192 155 62 uero
1484 1192 233 62 moriatur
1659 1192 155 62 uir,
1756 1192 175 62 licet
1872 1192 194 62 alteri
2009 1192 136 62 cui
2067 1192 97 62 li-

489 1240 148 65 bet
573 1240 233 65 nubere.
743 1240 148 65 Sic
827 1240 211 65 inquam
975 1240 148 65 nos
1060 1240 169 65 legi
1165 1240 190 65 sumus
1292 1240 233 65 mortui.
1461 1240 254 65 Christus
1652 1240 169 65 enim
1757 1240 233 65 mortuus
1926 1240 148 65 est
2011 1240 148 65 pro
2074 1240 85 65 no

502 1292 169 76 bis,
607 1292 232 76 oblatus
776 1292 126 76 in
839 1292 316 76 expiationem
1092 1292 295 76 peccatorum
1324 1292 274 76 nostrorum
1535 1292 232 76 corpore
1703 1292 169 76 suo,
1809 1292 126 76 ut
1872 1292 190 76 porro
1998 1292 169 76 ipsi
2083 1292 84 76 co

500 1368 307 62 pularemur,
741 1368 372 62 impregnatique
1047 1368 241 62 spiritu
1223 1368 197 62 eius,
1354 1368 263 62 pariamus
1551 1368 350 62 pulcherrimam
1836 1368 241 62 bonorum
1989 1368 175 62 operum

508 1406 215 78 prolem
658 1406 150 78 uel
744 1406 344 78 sanctissimum
1023 1406 258 78 fructum:
1216 1406 150 78 qui
1302 1406 150 78 dum
1388 1406 236 78 peccato
1560 1406 344 78 seruiebamus,
1839 1406 193 78 eique
1968 1406 150 78 ceu
2032 1406 129 78 domi

501 1472 127 60 no
564 1472 254 60 subiecti
754 1472 254 60 essemus,
945 1472 296 60 pariebamus
1177 1472 211 60 tetram
1325 1472 211 60 mortis
1473 1472 254 60 sobolem,
1663 1472 317 60 iniquitatem
1916 1472 275 60 uidelicet
2107 1472 63 60 &

510 1523 250 73 flagitia,
702 1523 192 73 quibus
837 1523 250 73 puniendis
1029 1523 154 73 mors
1126 1523 250 73 destinata
1318 1523 154 73 est.
1414 1523 135 73 Sed
1491 1523 173 73 libet
1607 1523 154 73 ipsa
1703 1523 192 73 audire
1838 1523 231 73 apostoli
2011 1523 192 73 uerba,

503 1577 190 61 ltaque
636 1577 209 61 fratres
788 1577 152 61 mei,
883 1577 133 61 uos
960 1577 190 61 quoque
1093 1577 285 61 mortificati
1321 1577 171 61 estis
1435 1577 152 61 legi
1530 1577 133 61 per
1606 1577 190 61 corpus
1739 1577 228 61 Christi,
1911 1577 114 61 ut
1949 1577 209 61 iugeremur

498 1641 224 61 alteri,
660 1641 224 61 nimirum
823 1641 142 61 ei,
905 1641 142 61 qui
986 1641 122 61 ex
1047 1641 224 61 mortuis
1210 1641 264 61 surrexit,
1413 1641 122 61 ut
1474 1641 346 61 fructificemus
1759 1641 163 61 deo.
1861 1641 142 61 Cum
1942 1641 163 61 enim
2024 1641 142 61 esse-

508 1698 146 58 mus
592 1698 126 58 in
655 1698 209 58 carne,
801 1698 251 58 affectus
989 1698 314 58 peccatorum,
1240 1698 146 58 qui
1324 1698 167 58 sunt
1429 1698 146 58 per
1512 1698 209 58 legem,
1659 1698 251 58 uigebant
1847 1698 126 58 in
1910 1698 230 58 membris
2056 1698 105 58 no-

500 1752 198 63 stris,
639 1752 119 63 ad
698 1752 357 63 fructificandum
996 1752 198 63 morti:
1135 1752 159 63 nunc
1234 1752 178 63 autem
1353 1752 238 63 liberati
1531 1752 178 63 sumus
1650 1752 99 63 a
1690 1752 178 63 lege,
1809 1752 278 63 mortuicei)
2027 1752 119 63 in
2067 1752 99 63 qua

497 1797 329 85 detinebamur,
765 1797 123 85 ut
826 1797 267 85 seruiamus
1032 1797 144 85 per
1114 1797 267 85 nouitatem
1319 1797 267 85 spiritus,
1525 1797 103 85 &
1566 1797 144 85 non
1648 1797 144 85 per
1730 1797 288 85 uetustatem
1957 1797 247 85 literae.

573 1854 188 63 Notus
699 1854 146 63 est
782 1854 188 63 locus
908 1854 125 63 in
970 1854 125 63 8.
1033 1854 167 63 cap.
1138 1854 146 63 Lex
1221 1854 251 63 spiritus
1409 1854 188 63 uitae
1535 1854 146 63 per
1618 1854 251 63 Christum
1807 1854 188 63 Iesum
1932 1854 230 63 liberum
2078 1854 84 63 me

504 1917 260 61 reddidit
699 1917 108 61 a
742 1917 173 61 lege
850 1917 238 61 peccati
1024 1917 108 61 &
1067 1917 238 61 mortis.
1240 1917 195 61 Modum
1370 1917 195 61 autem
1499 1917 346 61 liberationis
1781 1917 195 61 huius
1910 1917 151 61 mox
1975 1917 195 61 suppin-

501 1971 157 66 git,
599 1971 196 66 Etenim
736 1971 157 66 quod
834 1971 137 66 lex
912 1971 254 66 praestare
1108 1971 137 66 non
1186 1971 235 66 poterat,
1363 1971 137 66 hoc
1441 1971 157 66 deus
1539 1971 215 66 proprio
1695 1971 176 66 filio
1813 1971 176 66 misso
1911 1971 254 66 praestitit.

504 2021 128 91 Et
568 2021 171 91 quae
674 2021 298 91 sequuntur.
909 2021 149 91 Nam
994 2021 192 91 uerba
1122 2021 171 91 illa
1228 2021 277 91 notissima
1442 2021 171 91 sunt
1527 2021 213 91 omnibus.

599 2073 159 68 In1.
698 2073 119 68 ad
758 2073 238 68 Corinth.
936 2073 119 68 7.
996 2073 198 68 Pretio
1134 2073 178 68 empti
1253 2073 238 68 fuistis,
1432 2073 198 68 nolite
1570 2073 178 68 fieri
1689 2073 178 68 serui
1808 2073 238 68 hominum.
1967 2073 198 68 Hortatur

503 2134 183 72 autem
624 2134 264 72 apostolus
827 2134 122 72 ne
888 2134 284 72 seruitutis
1112 2134 244 72 mundanae
1294 2134 142 72 uel
1375 2134 223 72 ciuilis
1538 2134 284 72 praetextu,
1761 2134 183 72 serui
1883 2134 223 72 aliquid
2025 2134 142 72 desi-

505 2202 190 68 gnent
632 2202 127 68 in
695 2202 233 68 gratiam
864 2202 296 68 dominorum,
1097 2202 169 68 quod
1203 2202 212 68 pugnet
1351 2202 148 68 cum
1436 2202 317 68 synceritate
1689 2202 106 68 &
1732 2202 317 68 integritate
1964 2202 212 68 religio-

503 2245 156 72 nis:
601 2245 117 72 ne
660 2245 254 72 uidelicet
855 2245 215 72 legibus
1011 2245 215 72 hominum
1167 2245 234 72 iniquis,
1343 2245 156 72 quia
1441 2245 176 72 serui
1558 2245 195 72 uocati
1694 2245 176 72 sunt,
1812 2245 234 72 pareant,
1987 2245 176 72 Ratio
2085 2245 78 72 au

505 2308 142 64 tem
586 2308 162 64 quae
687 2308 162 64 hinc
788 2308 243 64 retrahat
970 2308 162 64 est,
1071 2308 162 64 Quod
1172 2308 202 64 pretio
1314 2308 263 64 sanguinis
1516 2308 222 64 Christi
1678 2308 222 64 redepti
1839 2308 101 64 &
1880 2308 222 64 asserti
2021 2308 142 64 sumus

511 2362 119 68 in
571 2362 297 68 libertatem.
808 2362 336 68 Indignissimum
1085 2362 158 68 ergo
1184 2362 198 68 foret,
1322 2362 119 68 si
1382 2362 198 68 contra
1520 2362 277 68 libertatis
1738 2362 257 68 ingenium,
1936 2362 198 68 prauis
2054 2362 119 68 legi

502 2416 160 64 bus
594 2416 252 64 hominum
777 2416 435 64 obtemperaremus.
1143 2416 160 64 Hoc
1235 2416 320 64 extenditur
1486 2416 206 64 etiam
1624 2416 137 64 ad
1692 2416 206 64 leges
1830 2416 252 64 humanas
2013 2416 137 64 in
2059 2416 114 64 ne-

500 2479 182 69 gotio
621 2479 282 69 religionis
843 2479 262 69 conditas.
1044 2479 141 69 Nam
1125 2479 202 69 Matth.
1266 2479 141 69 55.
1347 2479 182 69 dicit
1468 2479 262 69 saluator,
1670 2479 222 69 Frustra
1831 2479 121 69 me
1892 2479 202 69 colunt
2013 2479 161 69 docen-

507 2526 145 66 tes
590 2526 269 66 doctrinas
797 2526 269 66 praecepta
1004 2526 249 66 hominum.
1191 2526 145 66 Et.
1274 2526 249 66 Omittite
1460 2526 207 66 illos,
1605 2526 186 66 duces
1729 2526 166 66 sunt
1833 2526 186 66 caeci
1936 2526 228 66 caecorum.

502 2588 124 67 Et
564 2588 227 67 Paulus,
729 2588 124 67 Si
791 2588 206 67 mortui
936 2588 186 67 estis
1059 2588 144 67 cum
1142 2588 227 67 Christo
1307 2588 124 67 ab
1369 2588 268 67 elementis
1575 2588 206 67 mundi,
1719 2588 165 67 ait,
1822 2588 165 67 quid
1926 2588 186 67 quasi
2029 2588 144 67 uiuen

506 2648 140 64 tes
586 2648 120 64 in
646 2648 180 64 mundo
766 2648 240 64 decretis
945 2648 260 64 tenemini?
1145 2648 120 64 Ne
1205 2648 279 64 tetigeris,
1424 2648 120 64 ne
1484 2648 260 64 gustaris,
1684 2648 120 64 ne
1744 2648 379 64 contrectaueris:
2043 2648 120 64 quae

507 2697 175 64 sunt
617 2697 197 64 omnia
748 2697 132 64 in
814 2697 351 64 corruptionem
1099 2697 175 64 ipso
1209 2697 219 64 abusu,
1362 2697 263 64 secundum
1559 2697 285 64 praecepta
1778 2697 110 64 &
1822 2697 285 64 doctrinas
2020 2697 153 64 homi-

501 2752 165 66 num,
605 2752 165 66 quae
708 2752 227 66 speciem
873 2752 206 66 quidem
1017 2752 206 66 habent
1161 2752 309 66 sapientiae,
1409 2752 124 66 in
1471 2752 371 66 superstitione,
1780 2752 103 66 &
1821 2752 289 66 humilitate
2048 2752 165 66 ani

511 2813 147 66 mi,
595 2813 105 66 &
637 2813 252 66 neglectu
826 2813 273 66 corporis,
1036 2813 147 66 non
1120 2813 126 66 in
1183 2813 210 66 honore
1330 2813 210 66 aliquo
1477 2813 126 66 ad
1540 2813 315 66 expletionem
1792 2813 231 66 carnis.
1939 2813 231 66 Principio

509 2861 232 71 ostendit
683 2861 212 71 Christi
837 2861 251 71 fidelibus
1030 2861 174 71 nihil
1146 2861 212 71 negotij
1301 2861 155 71 esse
1397 2861 135 71 cum
1475 2861 232 71 decretis
1648 2861 232 71 hominum,
1822 2861 174 71 neque
1938 2861 135 71 eos
2015 2861 135 71 ijs
2073 2861 97 71 te-

509 2917 184 64 neri:
631 2917 225 64 quoniam
795 2917 246 64 decretis
979 2917 164 64 sint
1082 2917 205 64 mortui
1225 2917 143 64 cum
1307 2917 246 64 Christo,
1491 2917 123 64 id
1553 2917 143 64 est
1635 2917 143 64 per
1717 2917 205 64 mortem
1860 2917 225 64 Christi
2003 2917 164 64 redem-

493 2982 137 86 pti
572 2982 98 86 a
611 2982 254 86 decretis,
806 2982 156 86 quae
903 2982 117 86 in
962 2982 176 86 morte
1079 2982 215 86 Christi
1235 2982 312 86 interierint,
1488 2982 137 86 dum
1566 2982 156 86 ipse
1664 2982 137 86 nos
1742 2982 156 86 suos
1839 2982 195 86 fecit,
1976 2982 98 86 &
1995 2982 176 86 liberos
