2288 3632
91 315 239 81 quidem.
265 315 217 81 Deinde
417 315 217 81 qualia
569 315 174 81 sint
678 315 174 81 illa
787 315 239 81 decreta
961 315 304 81 commemorat
1200 315 152 81 per
1287 315 261 81 Mimesim,
1482 315 130 81 Ne
1526 315 239 81 tetigeris

89 381 122 64 ne
150 381 305 64 gustaueris,
393 381 183 64 neque
515 381 223 64 prorsus
678 381 386 64 contrectaueris.
1003 381 264 64 Latissime
1206 381 122 64 se
1267 381 163 64 haec
1369 381 264 64 extendunt
1572 381 122 64 ad
1612 381 163 64 multas

90 443 392 67 constitutiones.
420 443 165 67 Quas
523 443 103 67 &
565 443 247 67 protinus
750 443 227 67 refutat
915 443 309 67 argumentis.
1162 443 268 67 Principio
1369 443 165 67 quia
1472 443 124 67 in
1534 443 206 67 rebus,
1657 443 124 67 quae

94 494 145 64 usu
177 494 352 64 corrumpuntur,
467 494 311 64 constituunt
716 494 207 64 cultum
861 494 166 64 dei.
964 494 124 64 At
1026 494 207 64 regnum
1171 494 145 64 dei
1254 494 145 64 non
1337 494 145 64 est
1420 494 166 64 esca
1523 494 145 64 uel
1606 494 207 64 potus,

88 548 145 64 sed
171 548 249 64 uersatur
358 548 124 64 in
420 548 186 64 rebus
544 548 373 64 spiritualibus.
855 548 124 64 Et
917 548 166 64 quae
1020 548 331 64 ingrediuntur
1290 548 145 64 os,
1372 548 145 64 non
1455 548 311 64 coinquinant
1683 548 83 64 ho

89 598 216 63 minem.
240 598 216 63 Deinde
391 598 173 63 quia
499 598 259 63 conditae
693 598 173 63 sunt
801 598 151 63 non
888 598 108 63 a
931 598 151 63 deo
1017 598 194 63 omnis
1146 598 173 63 boni
1254 598 259 63 authore,
1448 598 151 63 sed
1535 598 129 63 ab
1578 598 194 63 homini-

95 652 165 79 bus.
198 652 123 79 At
260 652 226 79 frustra
425 652 123 79 me
486 652 226 79 colunt,
651 652 144 79 ait
733 652 123 79 in
795 652 267 79 euangelio
1000 652 247 79 dominus,
1186 652 247 79 docentes
1371 652 267 79 doctrinas
1556 652 226 79 praecepta

102 709 243 67 hominum.
284 709 142 67 Nec
365 709 284 67 dissimulat
589 709 142 67 aut
670 709 243 67 preterit
852 709 162 67 illa
954 709 284 67 apostolus,
1177 709 162 67 quae
1278 709 223 67 decreta
1440 709 162 67 illa
1542 709 223 67 hominum
1684 709 81 67 ma

90 773 189 69 xime
208 773 354 69 commendant.
491 773 377 69 Commendantur
798 773 236 69 primum
963 773 236 69 specie
1128 773 354 69 sapientiae.
1411 773 283 69 Videntur
1623 773 189 69 enim
1717 773 71 69 a

103 821 297 58 sapientibus
341 821 139 58 non
420 821 297 58 insipienter
658 821 278 58 constituta
876 821 178 58 esse,
995 821 159 58 quae
1094 821 258 58 personis,
1292 821 198 58 tepori
1431 821 99 58 &
1471 821 159 58 loco
1550 821 238 58 inseruiant

95 879 384 68 appositssime.
411 879 248 68 Clamant
592 879 384 68 propugnatores
908 879 203 68 legum
1043 879 316 68 humanarum,
1292 879 181 68 Sane
1404 879 158 68 non
1495 879 248 68 fuerunt
1653 879 135 68 stul

96 947 124 59 ti
158 947 206 59 patres
303 947 227 59 nostri,
467 947 144 59 sed
550 947 186 59 leges
674 947 186 59 eorum
797 947 165 59 sunt
900 947 392 59 sapientissimae.
1230 947 186 59 Verum
1354 947 206 59 clamat
1498 947 268 59 leremias,
1684 947 103 59 Ver

91 990 146 71 bum
175 990 209 71 domini
321 990 335 71 proiecerunt,
593 990 167 71 quae
698 990 167 71 ergo
802 990 188 71 illis
928 990 272 71 sapientia
1137 990 230 71 reliqua
1305 990 167 71 esse
1409 990 251 71 poterit?
1577 990 188 71 Commen-

95 1048 199 74 dantur
234 1048 199 74 deinde
373 1048 358 74 tSenodenoxeae.
672 1048 119 74 Et
731 1048 119 74 is
791 1048 199 74 cultus
930 1048 298 74 electitius,
1169 1048 159 74 quem
1268 1048 199 74 nostro
1407 1048 199 74 uidere
1546 1048 99 74 &
1566 1048 199 74 arbitrio

91 1105 136 61 ex
159 1105 317 61 nobisipsis
409 1105 363 61 confinximus.
703 1105 204 61 Atqui
839 1105 295 61 hominibus
1066 1105 204 61 ualde
1202 1105 295 61 probantur
1429 1105 227 61 humana
1565 1105 204 61 commen-

87 1158 146 72 ta,
171 1158 167 72 quod
275 1158 313 72 consentanea
525 1158 167 72 sint
630 1158 229 72 ingenio
796 1158 229 72 humano.
963 1158 146 72 Sed
1047 1158 104 72 &
1089 1158 250 72 Christus
1276 1158 209 72 dixit,
1422 1158 125 72 Si
1485 1158 125 72 de
1548 1158 188 72 mundo
1652 1158 125 72 fuis

92 1215 207 59 setis,
237 1215 207 59 mundus
382 1215 165 59 quod
485 1215 165 59 suum
588 1215 145 59 est
671 1215 289 59 diligeret:
898 1215 145 59 iam
981 1215 227 59 quoniam
1146 1215 207 59 selegi
1291 1215 145 59 uos
1373 1215 124 59 de
1435 1215 207 59 mundo,
1580 1215 165 59 odit
1663 1215 103 59 uos

101 1270 227 66 mundus.
266 1270 186 66 Atqui
390 1270 165 66 idem
493 1270 165 66 ille
596 1270 206 66 rursus
740 1270 124 66 in
802 1270 268 66 euangelio
1008 1270 206 66 dicit,
1153 1270 165 66 Quod
1256 1270 268 66 hominibus
1462 1270 247 66 excelsum
1647 1270 165 66 est,

101 1327 324 63 abominandum
360 1327 151 63 est
447 1327 194 63 coram
576 1327 173 63 deo.
684 1327 345 63 Commendantur
965 1327 281 63 praeterea
1180 1327 324 63 humilitate:
1439 1327 129 63 id
1504 1327 194 63 autem
1612 1327 151 63 dupli

99 1393 119 63 ci
159 1393 218 63 nomine,
317 1393 258 63 Principio
516 1393 159 63 enim
615 1393 258 63 humilitas
814 1393 159 63 esse
913 1393 238 63 dicitur,
1091 1393 119 63 si
1151 1393 159 63 quis
1250 1393 198 63 propte
1389 1393 218 63 obediat
1548 1393 139 63 nec
1607 1393 159 63 diffi-

98 1440 207 58 culter
243 1440 248 58 recipiat
429 1440 165 58 quod
532 1440 103 58 a
574 1440 289 58 petentibus
801 1440 310 58 obtruditur.
1049 1440 207 58 Deinde
1193 1440 248 58 uidentur
1379 1440 186 58 leges
1503 1440 227 58 hominum
1648 1440 124 58 exer

99 1496 165 62 cere
202 1496 330 62 humilitatem,
470 1496 103 62 &
512 1496 247 62 retinere
697 1496 227 62 homines
862 1496 124 62 in
924 1496 309 62 humilitate.
1171 1496 247 62 Caeterum
1357 1496 268 62 sacrilega
1563 1496 206 62 uerius
1687 1496 82 62 di

94 1558 185 67 citur
218 1558 164 67 illa
320 1558 164 67 esse
423 1558 287 67 obedientia
648 1558 103 67 &
690 1558 287 67 humilitas,
915 1558 164 67 quae
1018 1558 185 67 uerbo
1141 1558 144 67 dei
1223 1558 144 67 non
1305 1558 308 67 gubernatur,
1551 1558 144 67 nec
1613 1558 164 67 uerbum

108 1606 142 58 dei
189 1606 183 58 unice
311 1606 264 58 obseruat,
514 1606 142 58 sed
595 1606 264 58 praeterea
798 1606 325 58 authoritatem
1062 1606 142 58 dei
1143 1606 264 58 transfert
1346 1606 122 58 ad
1407 1606 244 58 homines.
1569 1606 203 58 Postremo

96 1665 347 64 commendantur
379 1665 326 64 traditiones
639 1665 239 64 hominum
813 1665 130 64 ex
878 1665 261 64 neglectu
1073 1665 239 64 carnis.
1247 1665 239 64 Videtur
1421 1665 174 64 enim
1529 1665 195 64 illis
1638 1665 130 64 tra-

98 1719 122 58 di
159 1719 224 58 egregia
322 1719 245 58 corporis
505 1719 285 58 disciplina
729 1719 102 58 &
770 1719 306 58 castigatio,
1015 1719 143 58 qua
1096 1719 285 58 opprimatur
1321 1719 204 58 carnis
1463 1719 306 58 insolentia.
1687 1719 82 58 Ad

93 1774 171 68 haec
199 1774 192 68 autem
328 1774 299 68 apostolus,
563 1774 150 68 Non
648 1774 150 68 per
734 1774 235 68 honorem
904 1774 256 68 aliquem,
1097 1774 235 68 inquit,
1268 1774 128 68 ad
1332 1774 320 68 expletionem
1567 1774 192 68 carnis.

101 1827 119 66 Id
161 1827 159 66 est,
260 1827 159 66 quae
359 1827 218 66 tametsi
517 1827 218 66 speciem
676 1827 218 66 habeant
834 1827 277 66 religionis
1053 1827 99 66 &
1092 1827 258 66 pietatis,
1290 1827 198 66 reuera
1429 1827 178 66 tamen
1548 1827 178 66 nihil
1647 1827 119 66 hono

99 1885 144 73 ris
182 1885 227 73 habent,
347 1885 144 73 cum
429 1885 227 73 externa
594 1885 165 73 illa
697 1885 103 73 a
738 1885 144 73 deo
821 1885 247 73 ordinata
1006 1885 165 73 sint
1109 1885 124 73 ad
1171 1885 309 73 subleuandam
1419 1885 227 73 hominis
1563 1885 206 73 necessi-

99 1949 211 65 tatem.
247 1949 148 65 Imo
331 1949 274 65 uituperat
542 1949 211 65 Paulus
689 1949 232 65 decreta
858 1949 190 65 illa,
985 1949 169 65 quod
1090 1949 232 65 honorem
1259 1949 232 65 corpori
1428 1949 211 65 nullum
1575 1949 232 65 habent,

87 2001 147 65 pro
171 2001 252 65 corporis
360 2001 315 65 expletione,
611 2001 126 65 id
674 2001 147 65 est
758 2001 147 65 pro
842 2001 168 65 modo
947 2001 357 65 necessitatis.
1241 2001 252 65 Corporis
1429 2001 168 65 enim
1534 2001 168 65 cura
1618 2001 147 65 mode-

94 2062 172 64 rata
201 2062 150 64 non
287 2062 215 64 tantum
437 2062 150 64 est
523 2062 279 64 permissa,
738 2062 150 64 sed
823 2062 193 64 etiam
952 2062 258 64 mandata,
1145 2062 129 64 ne
1210 2062 279 64 uidelicet
1425 2062 322 64 corrumpamus
1661 2062 107 64 cor

96 2112 143 66 pus
177 2112 225 66 inedia,
341 2112 143 66 aut
422 2112 225 66 inutile
586 2112 245 66 reddamus
770 2112 123 66 ad
831 2112 184 66 opera
954 2112 184 66 bona.
1076 2112 143 66 Nec
1158 2112 245 66 damnatur
1342 2112 204 66 ullibi
1485 2112 204 66 carnis
1608 2112 163 66 solici

99 2167 161 66 tudo
199 2167 322 66 simpliciter,
461 2167 161 66 nisi
561 2167 241 66 quatenus
742 2167 201 66 seruit
883 2167 362 66 cupiditatibus.
1185 2167 221 66 Proinde
1346 2167 201 66 apost.
1486 2167 201 66 dicit,
1627 2167 121 66 Ne
1667 2167 101 66 ha-

94 2220 213 60 beatis
243 2220 213 60 carnis
392 2220 192 60 curam
520 2220 128 60 ad
584 2220 427 60 concupiscentias.
947 2220 128 60 Ad
1011 2220 341 60 necessitatem
1289 2220 171 60 ergo
1395 2220 299 60 conceditur
1609 2220 149 60 homi-

101 2276 118 66 ni
160 2276 98 66 a
199 2276 137 66 deo
278 2276 196 66 cibus,
415 2276 196 66 potus,
552 2276 216 66 somnus,
709 2276 216 66 uestis,
866 2276 196 66 quies,
1003 2276 196 66 licita
1141 2276 255 66 uoluptas,
1337 2276 98 66 &
1376 2276 216 66 aliarum
1513 2276 255 66 necessaria-

91 2328 164 70 rum
184 2328 211 70 rerum
302 2328 164 70 usus,

165 2375 121 76 Ad
225 2375 202 76 Galat.
367 2375 162 76 cap.
468 2375 121 76 4.
529 2375 142 76 Vbi
610 2375 202 76 uenit,
752 2375 202 76 inquit
894 2375 223 76 Paulus,
1055 2375 263 76 plenitudo
1258 2375 263 76 temporis,
1460 2375 202 76 emisit
1602 2375 162 76 deus
1683 2375 81 76 fi

99 2439 165 78 lium
202 2439 186 78 suum,
326 2439 186 78 natum
450 2439 124 78 ex
512 2439 247 78 muliere,
697 2439 165 78 legi
800 2439 268 78 obnoxium,
1006 2439 124 78 ut
1068 2439 144 78 eos
1151 2439 144 78 qui
1233 2439 165 78 lege
1336 2439 186 78 erant
1460 2439 247 78 obnoxij,
1625 2439 144 78 redi-

97 2501 208 70 meret,
243 2501 125 70 ut
306 2501 271 70 adoptione
514 2501 146 70 ius
598 2501 250 70 filiorum
785 2501 334 70 acciperemus.
1056 2501 229 70 Quoniam
1223 2501 188 70 autem
1348 2501 188 70 estis
1473 2501 208 70 filij,
1598 2501 167 70 emisit

106 2554 155 68 deus
203 2554 233 68 spiritum
377 2554 175 68 filij
494 2554 136 68 sui
571 2554 116 68 in
630 2554 175 68 corda
746 2554 213 68 nostra,
901 2554 252 68 clamantem
1095 2554 155 68 abba
1192 2554 194 68 pater.
1328 2554 194 68 Itaque
1464 2554 136 68 iam
1542 2554 136 68 non
1619 2554 116 68 es
1658 2554 97 68 ser

100 2615 153 58 uus,
196 2615 134 58 sed
272 2615 211 58 filius:
426 2615 153 58 quod
522 2615 115 58 si
579 2615 211 58 filius,
733 2615 153 58 ergo
828 2615 192 58 haeres
963 2615 134 58 per
1039 2615 249 58 Christum.
1231 2615 115 58 Et
1289 2615 153 58 mox,
1385 2615 115 58 In
1442 2615 249 58 libertate
1615 2615 153 58 igitur

105 2672 137 62 qua
184 2672 235 62 Christus
360 2672 137 62 nos
438 2672 274 62 liberauit,
653 2672 196 62 state,
790 2672 98 62 &
829 2672 117 62 ne
888 2672 196 62 rursus
1025 2672 157 62 iugo
1123 2672 274 62 seruitutis
1338 2672 313 62 implicemini.

174 2719 125 68 Ad
237 2719 187 68 Hebr.
361 2719 166 68 cap.
465 2719 125 68 2.
527 2719 270 68 Christus,
735 2719 229 68 inquit,
901 2719 208 68 carnis
1047 2719 104 68 &
1088 2719 270 68 sanguinis
1296 2719 249 68 nobiscum
1483 2719 270 68 particeps
1670 2719 104 68 fa-

95 2777 166 67 ctus
199 2777 166 67 est,
302 2777 124 67 ut
364 2777 145 67 per
447 2777 207 67 mortem
592 2777 248 67 aboleret
778 2777 166 67 eum,
881 2777 145 67 qui
964 2777 207 67 mortis
1109 2777 228 67 habebat
1275 2777 269 67 imperium,
1481 2777 145 67 hoc
1564 2777 145 67 est
1626 2777 145 67 diabo

91 2829 172 80 lum:
198 2829 107 80 &
241 2829 236 80 liberos
413 2829 258 80 redderet
606 2829 172 80 eos,
713 2829 279 80 quicunque
928 2829 172 80 metu
1035 2829 215 80 mortis
1185 2829 150 80 per
1271 2829 193 80 omnem
1400 2829 193 80 uitam
1529 2829 236 80 obnoxij
1679 2829 86 80 e-

90 2900 153 61 rant
186 2900 268 61 seruituti.
397 2900 153 61 llla
493 2900 307 61 scripturarum
742 2900 268 61 testimonia
953 2900 249 61 instituto
1144 2900 192 61 nostro
1279 2900 288 61 sufficiunt.

159 2945 197 91 Eadem
291 2945 197 91 probe
422 2945 263 91 expensa,
619 2945 263 91 docebunt
816 2945 197 91 clare
948 2945 197 91 quale
1079 2945 153 91 sit
1167 2945 307 91 libertorum
1408 2945 285 91 ingenium,
1605 2945 153 91 nempe
