2288 3632
72 297 239 81 propter
246 297 195 81 opera
376 297 326 81 coniungitur
637 297 195 81 nobis
767 297 195 81 deus.
897 297 152 81 Nos
984 297 261 81 uicissim
1180 297 195 81 illud
1310 297 239 81 eiusdem
1484 297 239 81 Ioannis
1636 297 130 81 apo-

77 372 203 67 stoli
213 372 113 67 &
258 372 361 67 euangelistae
551 372 338 67 obtendimus,
821 372 135 67 Ex
889 372 158 67 hoc
979 372 338 67 cognoscimus
1250 372 180 67 quod
1362 372 135 67 in
1430 372 135 67 eo
1498 372 270 67 manemus,
1700 372 113 67 &

79 418 165 71 ipse
182 418 124 71 in
244 418 206 71 nobis,
388 418 227 71 quoniam
553 418 124 71 de
615 418 227 71 spiritu
780 418 144 71 suo
862 418 185 71 dedit
985 418 206 71 nobis.
1130 418 144 71 Est
1212 418 185 71 autem
1336 418 124 71 is
1397 418 144 71 dei
1480 418 268 71 spiritus,
1665 418 103 71 mu-

77 480 149 59 nus
162 480 299 59 gratuitum,
397 480 171 59 ergo
503 480 256 59 obtingit
695 480 192 59 nobis
823 480 299 59 coniunctio
1058 480 171 59 illa
1165 480 149 59 cum
1250 480 149 59 deo
1335 480 235 59 gratis,
1506 480 256 59 Sequitur
1677 480 85 59 in

75 535 242 64 Ioanne,
251 535 132 64 Et
317 535 154 64 nos
405 535 242 64 uidimus
581 535 110 64 &
625 535 286 64 testamur,
845 535 176 64 quod
954 535 198 64 pater
1086 535 198 64 misit
1218 535 220 64 filium
1372 535 308 64 seruatorem
1592 535 176 64 mundi.

81 593 196 74 Audis
212 593 218 74 opinor
364 593 152 74 per
451 593 174 74 quid
560 593 261 74 seruetur
756 593 240 74 mundus,
930 593 109 74 &
974 593 174 74 quis
1083 593 152 74 sit
1170 593 261 74 saluator
1366 593 218 74 mundi,
1518 593 283 74 Christus,

82 651 171 70 Quis
188 651 171 70 uero
295 651 213 70 nescit
444 651 171 70 hunc
551 651 107 70 a
593 651 192 70 patre
721 651 192 70 nobis
849 651 213 70 missum
998 651 171 70 esse
1105 651 171 70 mera
1212 651 149 70 dei
1297 651 235 70 gratia?
1468 651 256 70 Sequitur
1638 651 128 70 quo-

78 698 155 71 modo
175 698 155 71 illa
272 698 194 71 gratia
407 698 291 71 recipiatur,
640 698 233 71 Quisquis
815 698 252 71 confessus
1009 698 194 71 fuerit
1144 698 155 71 quod
1241 698 175 71 Iesus
1358 698 136 71 est
1435 698 194 71 filius
1571 698 155 71 dei,
1649 698 116 71 deus

85 763 122 73 in
146 763 122 73 eo
206 763 203 73 manet,
348 763 101 73 &
389 763 162 73 ipse
490 763 122 73 in
551 763 162 73 deo.
653 763 243 73 Caeterum
835 763 183 73 Ioan.
957 763 122 73 6.
1018 763 142 73 pro
1099 763 264 73 confiteri
1302 763 264 73 reponitur
1504 763 243 73 credere.
1667 763 101 73 Nec

88 814 204 65 mirum,
231 814 143 65 cum
312 814 123 65 ex
373 814 163 65 uera
476 814 163 65 fide
578 814 265 65 exoriatur
782 814 265 65 confessio
986 814 184 65 uera.
1109 814 163 65 Fide
1211 814 163 65 ergo
1313 814 265 65 recipimus
1517 814 245 65 salutem,
1680 814 82 65 fi

72 881 132 66 de
138 881 331 66 coniungimur
403 881 154 66 cum
491 881 177 66 deo.
602 881 154 66 Sed
690 881 331 66 praeteritis
955 881 353 66 rixatoribus,
1241 881 221 66 quibus
1396 881 243 66 nunquam
1572 881 243 66 deerunt

75 931 324 57 sophismata,
335 931 303 57 reuertimur
573 931 130 57 ad
638 931 303 57 institutum
875 931 259 57 nostrum,
1070 931 130 57 ut
1135 931 303 57 ostendamus
1373 931 151 57 qua
1459 931 238 57 ratione
1611 931 151 57 operi

81 973 134 81 bus
158 973 250 81 tribuatur
350 973 154 81 uita
446 973 96 81 &
484 973 326 81 iustificatio.

151 1024 274 91 Exercitati
367 1024 118 91 in
426 1024 216 91 literis
583 1024 216 91 diuinis
740 1024 118 91 ad
798 1024 353 91 reconciliandas
1092 1024 118 91 in
1151 1024 216 91 speciem
1308 1024 294 91 dissidentes
1524 1024 235 91 scripturae

74 1080 312 88 sententias,
324 1080 208 88 docent
469 1080 187 88 fidem
594 1080 104 88 &
636 1080 187 88 opera
761 1080 146 88 non
844 1080 250 88 disiungi
1031 1080 229 88 reipsa.
1197 1080 146 88 Nam
1280 1080 166 88 idem
1384 1080 250 88 spiritus
1551 1080 187 88 sanctus

82 1154 143 67 qui
163 1154 183 67 fidem
285 1154 265 67 largitur,
489 1154 183 67 simul
612 1154 265 67 regenerat
815 1154 306 67 intellectum
1060 1154 102 67 &
1101 1154 306 67 uoluntatem,
1345 1154 122 67 ut
1406 1154 224 67 fidelis
1549 1154 204 67 ardenter

77 1210 218 65 cupiat
230 1210 109 65 &
273 1210 239 65 conetur
447 1210 152 65 deo
534 1210 152 65 per
621 1210 196 65 omnia
752 1210 305 65 inseruire.
991 1210 239 65 Dicimus
1165 1210 174 65 ergo
1274 1210 239 65 propter
1427 1210 326 65 inseparabilem

77 1266 195 67 illam
207 1266 368 67 coniunctionem
510 1266 195 67 fidei
640 1266 195 67 atque
770 1266 281 67 uirtutum,
986 1266 173 67 quae
1095 1266 303 67 comitantur
1333 1266 108 67 &
1376 1266 281 67 sequuntur
1592 1266 195 67 fidem

79 1321 186 70 illis
203 1321 269 70 aliquando
410 1321 186 70 minus
534 1321 227 70 proprie
700 1321 227 70 tribui,
865 1321 165 70 quod
968 1321 186 70 magis
1092 1321 145 70 est
1175 1321 248 70 proprium
1361 1321 207 70 fidei,
1485 1321 269 70 proprijssi-

79 1382 151 65 mum
166 1382 195 65 autem
296 1382 238 65 Christi
469 1382 151 65 per
555 1382 195 65 fidem
685 1382 324 65 apprehensi,
944 1382 259 65 fideique
1139 1382 324 65 fundamenti.
1398 1382 151 65 Hoc
1485 1382 195 65 ipsum
1593 1382 173 65 conabi

70 1448 149 54 mur
155 1448 191 54 adhuc
282 1448 234 54 clarius
452 1448 298 54 exprimere.
686 1448 128 54 In
750 1448 170 54 fide
856 1448 170 54 uera
963 1448 298 54 spectantur
1196 1448 170 54 duo,
1303 1448 361 54 Reconciliatio
1600 1448 106 54 &
1621 1448 128 54 Obe-

82 1494 254 66 dientia,
273 1494 360 66 Reconciliatio
570 1494 233 66 quidem,
739 1494 170 66 quia
845 1494 170 66 fide
951 1494 339 66 intelligimus
1227 1494 106 66 &
1269 1494 254 66 firmiter
1460 1494 233 66 tenemus
1630 1494 170 66 deum

68 1540 196 76 nobis
199 1540 370 76 reconciliatum
504 1540 196 76 esse,
635 1540 240 76 propter
809 1540 283 76 Christum,
1027 1540 153 76 per
1114 1540 174 76 quem
1223 1540 261 76 adoptati
1419 1540 196 76 sumus
1550 1540 131 76 in
1593 1540 153 76 nume-

79 1612 143 62 rum
160 1612 245 62 filiorum
344 1612 164 62 dei.
447 1612 286 62 Obedientia
671 1612 204 62 autem,
815 1612 164 62 quia
917 1612 327 62 reconciliati
1183 1612 164 62 sese
1285 1612 184 62 totos
1407 1612 123 62 ei
1469 1612 266 62 dedicant,
1653 1612 102 62 cui

74 1665 332 67 reconciliati
344 1665 166 67 sunt
448 1665 104 67 :
489 1665 270 67 cupientes
697 1665 208 67 facere
842 1665 291 67 uoluntatem
1071 1665 187 67 eius.
1195 1665 145 67 lam
1278 1665 166 67 ergo
1382 1665 228 67 dicimus
1548 1665 249 67 duplicem

76 1721 167 64 esse
181 1721 292 64 iustitiam,
410 1721 188 64 nempe
536 1721 355 64 iustificantem
828 1721 104 64 &
870 1721 313 64 obedientem.
1120 1721 355 64 lustificantis
1413 1721 230 64 meminit
1559 1721 188 64 aposto-

73 1760 170 74 lus,
179 1760 148 74 cum
264 1760 212 74 dixit,
412 1760 318 74 lustificati
666 1760 127 74 ex
730 1760 170 74 fide
836 1760 191 74 pacem
963 1760 233 74 habemus
1132 1760 170 74 erga
1238 1760 191 74 deum,
1366 1760 148 74 per
1450 1760 233 74 dominum
1599 1760 148 74 Iesum

82 1824 282 70 Christum,
300 1824 152 70 per
386 1824 174 70 quem
495 1824 348 70 reconciliati
777 1824 217 70 sumus.
930 1824 304 70 Obedientis
1168 1824 174 70 idem
1277 1824 239 70 meminit
1451 1824 152 70 cum
1538 1824 217 70 dixit,
1668 1824 87 70 An

79 1880 248 67 nescitis
265 1880 165 67 quod
369 1880 145 67 cui
451 1880 331 67 accommodatis
720 1880 248 67 uosipsos
906 1880 207 67 seruos
1051 1880 124 67 ad
1113 1880 310 67 obediendum,
1361 1880 165 67 eius
1465 1880 186 67 serui
1589 1880 207 67 estis,

76 1935 135 63 cui
153 1935 231 63 obeditis
326 1935 96 63 :
364 1935 154 63 siue
460 1935 212 63 peccati
614 1935 115 63 ad
672 1935 212 63 mortem,
826 1935 154 63 siue
922 1935 288 63 obedientiae
1153 1935 115 63 ad
1210 1935 269 63 iustitiam:
1422 1935 115 63 id
1480 1935 154 63 est,
1576 1935 154 63 quae
1653 1935 96 63 obe

86 1986 200 67 dientia
231 1986 200 67 efficit
377 1986 109 67 ut
432 1986 219 67 faciatis
596 1986 109 67 ea
650 1986 146 67 quae
741 1986 164 67 iusta
851 1986 164 67 sunt,
960 1986 219 67 sitisque
1124 1986 164 67 serui
1233 1986 255 67 iustitiae,
1433 1986 146 67 quod
1524 1986 164 67 cedet
1616 1986 127 67 uobis

69 2045 123 79 ad
131 2045 185 79 uitam
255 2045 103 79 :
296 2045 103 79 &
337 2045 144 79 non
419 2045 185 79 serui
543 2045 247 79 peccati,
728 2045 165 79 quod
831 2045 185 79 cedit
954 2045 123 79 ad
1016 2045 226 79 mortem.
1181 2045 144 79 lam
1263 2045 165 79 ergo
1366 2045 268 79 iustitiae
1551 2045 206 79 reconci-

74 2095 235 71 liatrici
251 2095 137 71 per
329 2095 235 71 Christum
506 2095 216 71 proprie
663 2095 255 71 tribuitur
859 2095 334 71 iustificatio,
1134 2095 255 71 improprie
1330 2095 255 71 iustitiae
1507 2095 235 71 obedienti-

81 2152 139 77 Nam
161 2152 159 77 haec
260 2152 120 77 ex
320 2152 159 77 illa
420 2152 239 77 existit,
599 2152 100 77 &
639 2152 159 77 sine
739 2152 159 77 illa
838 2152 139 77 non
918 2152 319 77 appellaretur
1177 2152 259 77 iustitia.
1376 2152 199 77 Quibus
1516 2152 100 77 &
1556 2152 139 77 hoc
1616 2152 139 77 acce-

76 2216 138 77 dit
155 2216 158 77 quod
254 2216 297 77 iustificati
492 2216 119 77 in
551 2216 158 77 hanc
650 2216 297 77 obedientiam
887 2216 218 77 prorsus
1046 2216 178 77 nihil
1164 2216 277 77 confidunt,
1382 2216 198 77 utpote
1520 2216 198 77 semper
1639 2216 99 77 pro

67 2270 182 80 pter
181 2270 228 80 carnem
341 2270 251 80 nostram
523 2270 137 80 in
591 2270 160 80 hoc
682 2270 205 80 mundo
819 2270 387 80 contaminatam.

156 2326 163 72 Huic
258 2326 143 72 non
339 2326 286 72 dissimilis
564 2326 143 72 est
646 2326 102 72 &
686 2326 184 72 haec,
809 2326 163 72 quam
911 2326 245 72 addimus,
1095 2326 306 72 explicatio,
1340 2326 184 72 Fidei
1442 2326 306 72 proprijssimum

68 2380 152 68 opus
163 2380 133 68 est
239 2380 284 68 purificatio
466 2380 95 68 &
504 2380 341 68 sanctificatio.
788 2380 133 68 Nam
864 2380 114 68 S.
920 2380 189 68 Petrus
1053 2380 208 68 diserte
1205 2380 189 68 dicit,
1337 2380 152 68 fide
1432 2380 265 68 purificari
1621 2380 114 68 cor-

70 2450 139 56 da.
150 2450 238 56 Caeterum
328 2450 119 56 in
388 2450 377 56 sanctificatione
706 2450 139 56 duo
785 2450 258 56 praecipua
983 2450 258 56 ostendunt
1182 2450 199 56 sacrae
1321 2450 238 56 literae.
1500 2450 199 56 Prius,
1619 2450 119 56 Iesu

77 2496 221 62 Christi
238 2496 242 62 sanguine
419 2496 282 62 purificari
641 2496 201 62 gratis
782 2496 181 62 omnes
902 2496 282 62 credentes.
1124 2496 201 62 Iterum
1265 2496 161 62 enim
1366 2496 121 62 S.
1426 2496 221 62 Petrus,
1567 2496 161 62 Scitis

70 2552 144 61 uos
153 2552 267 61 redemptos
358 2552 185 61 esse,
481 2552 226 61 inquit,
646 2552 144 61 non
728 2552 226 61 caducis
892 2552 185 61 rebus
1016 2552 185 61 uelut
1139 2552 164 61 auro
1242 2552 103 61 &
1283 2552 247 61 argento,
1468 2552 144 61 sed
1530 2552 206 61 pretioso

65 2608 239 66 sanguine
244 2608 179 66 uelut
364 2608 159 66 agni
464 2608 299 66 immaculati.
703 2608 120 66 S.
763 2608 219 66 Paulus,
922 2608 139 66 Per
1002 2608 299 66 uoluntatem,
1241 2608 159 66 ait,
1340 2608 139 66 dei
1420 2608 319 66 sanctificati
1659 2608 80 66 su

71 2665 167 64 mus,
176 2665 146 64 per
259 2665 292 64 oblationem
489 2665 251 64 corporis
677 2665 167 64 lesu
781 2665 251 64 Christi,
969 2665 188 64 semel
1095 2665 272 64 peractam.
1303 2665 188 64 Vnica
1429 2665 167 64 enim
1533 2665 251 64 oblatio

71 2708 120 72 ne
131 2708 261 72 perfectos
332 2708 221 72 effecit
492 2708 120 72 in
553 2708 261 72 perpetuum
753 2708 161 72 eos,
854 2708 141 72 qui
934 2708 381 72 sanctificantur.
1255 2708 120 72 S.
1315 2708 221 72 Ioannes
1476 2708 221 72 quoque,
1617 2708 120 72 San-

68 2776 179 62 guis,
188 2776 219 62 inquit,
347 2776 159 62 Iesu
447 2776 219 62 Christi
606 2776 179 62 filij
726 2776 139 62 dei
805 2776 219 62 emundat
965 2776 139 62 nos
1045 2776 120 62 ab
1104 2776 159 62 omni
1204 2776 239 62 peccato.
1383 2776 219 62 Proinde
1523 2776 219 62 proprijs-

75 2851 141 55 ume
155 2851 242 55 loquendo
337 2851 302 55 sanctificat
578 2851 141 55 nos
659 2851 141 55 per
739 2851 181 55 fidem
860 2851 221 55 sanguis
1021 2851 242 55 Christi,
1202 2851 141 55 qui
1283 2851 201 55 dixit.
1424 2851 141 55 Ego
1484 2851 242 55 sanctifico

73 2887 113 61 me
130 2887 132 61 pro
205 2887 189 61 ipsis,
338 2887 113 61 ut
394 2887 151 61 sint
489 2887 94 61 &
527 2887 151 61 ipsi
621 2887 189 61 sancti
753 2887 132 61 per
829 2887 265 61 ueritatem.
1037 2887 246 61 Posterius
1226 2887 151 61 est,
1320 2887 321 61 sanctificatos
1566 2887 170 61 Christi

62 2943 253 85 sanguine
252 2943 148 85 per
336 2943 211 85 fidem,
483 2943 211 85 indies
631 2943 126 85 se
694 2943 337 85 sanctificare
968 2943 105 85 &
1010 2943 232 85 studere
1179 2943 358 85 sanctimoniae.
1474 2943 126 85 Vt
1537 2943 190 85 autem
1643 2943 105 85 hoe
