2288 3632
72 309 209 83 parari
218 309 251 83 praemia.
407 309 272 83 Inertibus
616 309 105 83 &
658 309 251 83 segnibus
846 309 272 83 incumbunt
1055 309 167 83 mala
1160 309 293 83 praesentis
1390 309 105 83 &
1431 309 230 83 futurae
1599 309 209 83 uitae.

70 385 316 71 Certantibus
323 385 274 71 legitime,
534 385 232 71 debetur
703 385 232 71 corona.
871 385 169 71 Quod
977 385 127 71 si
1040 385 253 71 praemium
1230 385 148 71 diu
1314 385 316 71 differatur,
1567 385 148 71 nec
1630 385 127 71 pro-

65 431 248 73 misiones
251 431 269 73 accipiant
458 431 289 73 certantes,
685 431 248 73 cogitent
871 431 227 73 afficti
1036 431 124 73 ad
1098 431 289 73 utilitatem
1325 431 227 73 ipsorum
1470 431 289 73 afflictiones

76 496 255 69 tendere,
267 496 149 69 sed
352 496 106 69 &
395 496 128 69 ab
459 496 170 69 ipso
565 496 192 69 patre
693 496 255 69 coelesti
884 496 234 69 imponi.
1055 496 149 69 Non
1140 496 170 69 ergo
1246 496 319 69 despondeant
1502 496 234 69 animum,
1651 496 106 69 sed

74 552 198 78 fortes
213 552 158 78 sint
311 552 119 78 in
371 552 198 78 pugna,
509 552 237 78 inuocent
687 552 237 78 auxilium
865 552 158 78 dei.
964 552 138 78 Nam
1043 552 138 78 qui
1122 552 356 78 perseuerauerit
1418 552 119 78 in
1477 552 178 78 finem
1596 552 198 78 usque,

78 606 155 60 hic
166 606 222 60 saluus
322 606 199 60 erit,
455 606 244 60 Reuocet
632 606 244 60 quisque
809 606 244 60 exempla
986 606 288 60 sanctorum
1208 606 244 60 patrum,
1385 606 222 60 quibus
1518 606 244 60 complures

73 660 222 79 factae
228 660 178 79 sunt
339 660 355 79 promisiones,
628 660 222 79 quarum
784 660 200 79 tamen
917 660 244 79 fructum
1095 660 178 79 sero
1206 660 222 79 tandem
1361 660 267 79 multoque
1561 660 155 79 cum
1628 660 133 79 cer-

75 720 221 61 tamine
229 720 353 61 perceperund.
517 720 221 61 Clamat
671 720 287 61 apostolus
892 720 243 61 Paulus,
1069 720 265 61 Certamen
1267 720 199 61 bonum
1400 720 309 61 decertaui,
1621 720 132 61 cur-

75 774 143 67 sum
156 774 307 67 consummaui,
402 774 184 67 fidem
524 774 225 67 seruaui
688 774 102 67 :
729 774 164 67 quod
831 774 245 67 superest
1015 774 245 67 reposita
1199 774 143 67 est
1281 774 164 67 mihi
1383 774 266 67 iustitiae
1567 774 184 67 corona-

74 834 164 67 quam
176 834 204 67 reddet
319 834 164 67 mihi
421 834 225 67 dominus
585 834 123 67 in
646 834 164 67 illo
748 834 164 67 die,
850 834 143 67 qui
932 834 143 67 est
1014 834 204 67 iustus
1157 834 184 67 iudex
1280 834 102 67 :
1321 834 143 67 non
1402 834 184 67 solum
1525 834 184 67 autem
1627 834 123 67 mihi

70 887 155 62 sed
158 887 111 62 &
203 887 243 62 omnibus
379 887 155 62 qui
468 887 265 62 diligunt
667 887 265 62 aduentum
866 887 243 62 ipsius,
1043 887 287 62 Reuocanda
1264 887 155 62 est
1352 887 133 62 ob
1418 887 221 62 oculos
1551 887 199 62 ueritas

69 941 169 66 dei,
175 941 275 66 dicentis,
386 941 212 66 Coelum
534 941 106 66 &
577 941 190 66 terra
704 941 296 66 transibit:
937 941 212 66 uerbum
1085 941 169 66 meum
1191 941 148 66 non
1275 941 296 66 transibit.
1508 941 148 66 Diu
1593 941 212 66 quidem

83 999 122 67 in
144 999 223 67 Aegypto
306 999 223 67 captiui
468 999 324 67 detinebantur
731 999 284 67 lsraelitae
954 999 101 67 :
995 999 142 67 sed
1076 999 142 67 non
1157 999 365 67 obliuiscebatur
1461 999 182 67 uerbi
1583 999 142 67 sui
1643 999 122 67 domi

67 1057 193 76 nus.
187 1057 265 76 Commodo
380 1057 193 76 enim
500 1057 120 76 &
548 1057 241 76 maxime
717 1057 313 76 opportuno
958 1057 289 76 tempore,
1174 1057 120 76 &
1222 1057 241 76 maxima
1391 1057 241 76 quidem
1559 1057 169 76 cum
1632 1057 120 76 glo

71 1115 139 69 ria
150 1115 178 69 illos
269 1115 119 69 in
328 1115 277 69 libertatem
546 1115 257 69 asseruit.
744 1115 297 69 Amalechitae
981 1115 139 69 diu
1061 1115 198 69 quidem
1199 1115 277 69 exultabant
1417 1115 119 69 in
1476 1115 158 69 suis
1555 1115 198 69 sceleri-

70 1165 166 70 bus,
174 1165 187 70 sicut
299 1165 104 70 &
341 1165 291 70 Chananaei.
569 1165 187 70 Verum
694 1165 146 70 ubi
777 1165 229 70 impleta
944 1165 187 70 esset
1069 1165 229 70 mensura
1235 1165 333 70 iniquitatis,
1505 1165 229 70 meritas
1651 1165 104 70 iu-

71 1222 145 80 sto
154 1222 228 80 uindici
320 1222 208 80 poenas
466 1222 353 80 persoluerunt.
756 1222 249 80 Hortatur
943 1222 166 80 ergo
1047 1222 270 80 scriptura
1254 1222 125 80 ad
1316 1222 166 80 spem
1420 1222 228 80 firmam,
1565 1222 187 80 patien-

76 1286 185 58 tiam
192 1286 324 58 longanimem
446 1286 116 58 &
492 1286 347 58 constantiam
770 1286 532 58 perseuerantissimam.
1232 1286 139 58 De
1302 1286 162 58 qua
1394 1286 139 58 re
1463 1286 185 58 dixi
1556 1286 208 58 Sermone

67 1328 123 81 3.
129 1328 205 81 Decad.
273 1328 123 81 3.
335 1328 144 81 Huc
417 1328 267 81 pertinere
622 1328 205 81 maxime
766 1328 164 81 puto
869 1328 267 81 praeclara
1074 1328 164 81 illa
1177 1328 123 81 S.
1238 1328 185 81 Pauli
1362 1328 205 81 uerba,
1505 1328 205 81 Certus
1629 1328 123 81 ser-

68 1394 160 75 mo,
160 1394 160 75 Nam
251 1394 137 75 si
319 1394 297 75 commortui
548 1394 228 75 sumus,
708 1394 114 75 &
754 1394 343 75 conuiuemus:
1028 1394 137 75 si
1096 1394 343 75 sufferimus,
1371 1394 114 75 &
1393 1394 366 75 conregnabimus?

72 1449 117 58 si
131 1449 235 58 negamus,
307 1449 98 58 &
346 1449 157 58 ille
444 1449 215 58 negabit
601 1449 157 58 nos:
699 1449 117 58 si
758 1449 254 58 increduli
953 1449 196 58 sumus,
1090 1449 157 58 ille
1188 1449 215 58 fidelis
1345 1449 176 58 manet
1462 1449 98 58 :
1502 1449 196 58 negare
1619 1449 137 58 seip-

83 1502 150 80 sum
168 1502 150 80 non
254 1502 236 80 potest.
426 1502 129 80 Et
490 1502 236 80 iterum,
662 1502 129 80 Ne
726 1502 322 80 abieceritis
984 1502 257 80 fiduciam
1177 1502 257 80 uestram,
1370 1502 172 80 quae
1477 1502 215 80 magnam
1606 1502 150 80 habet

74 1554 231 74 praemij
242 1554 378 74 retributionem.
557 1554 147 74 Nam
641 1554 273 74 patientia
851 1554 189 74 uobis
976 1554 168 74 opus
1081 1554 168 74 est,
1186 1554 126 74 ut
1249 1554 147 74 ubi
1333 1554 294 74 uoluntatem
1564 1554 147 74 dei
1627 1554 126 74 per-

81 1615 283 65 egeritis,
299 1615 305 65 reportetis
538 1615 348 65 promisionem.
821 1615 196 65 Adhuc
951 1615 174 65 enim
1060 1615 326 65 perpusillum
1321 1615 283 65 temporis,
1539 1615 109 65 &
1582 1615 152 65 qui
1647 1615 109 65 uen

80 1667 181 60 turus
200 1667 141 60 est
281 1667 221 60 ueniet,
441 1667 100 60 &
481 1667 141 60 non
562 1667 261 60 tardabit.
762 1667 201 60 lustus
903 1667 181 60 autem
1023 1667 120 60 ex
1084 1667 161 60 fide
1184 1667 241 60 uicturus
1365 1667 161 60 est,
1465 1667 100 60 &
1505 1667 120 60 si
1565 1667 120 60 se
1605 1667 161 60 subdu-

69 1728 218 61 xerit,
222 1728 153 61 non
309 1728 305 61 probabitur
549 1728 196 61 animo
680 1728 175 61 meo.
789 1728 131 61 At
855 1728 153 61 nos
942 1728 153 61 non
1029 1728 196 61 sumus
1160 1728 153 61 qui
1247 1728 305 61 subducamus
1487 1728 153 61 nos
1574 1728 131 61 in
1618 1728 131 61 per-

70 1780 270 54 ditionem,
278 1780 146 54 sed
361 1780 125 54 ad
424 1780 187 54 fidem
549 1780 291 54 pertinemus
777 1780 125 54 in
840 1780 354 54 acquisitionem
1131 1780 229 54 animae.

154 1833 157 83 His
243 1833 202 83 tamen
378 1833 112 83 &
423 1833 292 83 similibus
647 1833 135 83 de
714 1833 247 83 mercede
894 1833 112 83 &
939 1833 247 83 praemio
1118 1833 224 83 operum
1275 1833 359 83 testimonijs,
1567 1833 157 83 aut
1634 1833 135 83 ipso

83 1896 192 67 etiam
211 1896 214 67 meriti
360 1896 278 67 uocabulo,
574 1896 150 67 quo
659 1896 235 67 utuntur
830 1896 128 67 S.
894 1896 235 67 Patres,
1065 1896 150 67 non
1151 1896 278 67 abutendum
1364 1896 150 67 est
1450 1896 214 67 contra
1578 1896 192 67 praedi-

64 1939 266 69 cationem
263 1939 221 69 meriti
418 1939 244 69 Christi
595 1939 111 69 &
640 1939 199 69 merae
772 1939 266 69 gratiae.
972 1939 332 69 Cogitabimus
1238 1939 221 69 regnum
1393 1939 266 69 coelorum
1592 1939 111 69 &
1614 1939 155 69 prae-

82 2009 190 61 cipua
208 2009 169 61 alia
314 2009 148 61 dei
398 2009 169 61 dona
504 2009 148 61 non
588 2009 169 61 esse
694 2009 253 61 mercedem
883 2009 274 61 seruorum,
1094 2009 148 61 sed
1179 2009 337 61 haereditatem
1453 2009 253 61 filiorum
1621 2009 127 61 dei.

85 2059 272 65 Quanquam
289 2059 181 65 enim
403 2059 204 65 multa
538 2059 204 65 opera
674 2059 204 65 iudex
810 2059 136 65 in
878 2059 249 65 extremo
1060 2059 249 65 iudicio
1241 2059 363 65 enumeraturus
1535 2059 181 65 sit,
1626 2059 136 65 pro-

78 2120 165 70 pter
182 2120 165 70 quae
285 2120 186 70 uitam
409 2120 186 70 quasi
533 2120 269 70 rependere
740 2120 227 70 uidetur
905 2120 248 70 electis,
1091 2120 289 70 praemittet
1319 2120 186 70 tamen
1443 2120 227 70 omnibus
1588 2120 165 70 operi-

77 2172 167 60 bus,
182 2172 188 60 haec,
307 2172 209 60 Venite
453 2172 272 60 benedicti
662 2172 209 60 patris
808 2172 167 60 mei,
913 2172 272 60 possidete
1121 2172 209 60 regnum
1268 2172 230 60 paratum
1435 2172 188 60 uobis
1560 2172 125 60 ab
1602 2172 146 60 exor-

79 2230 152 64 dio
166 2230 218 64 mundi.
319 2230 174 64 Quod
427 2230 131 64 si
493 2230 218 64 rogas.
645 2230 196 64 Quare
775 2230 131 64 in
841 2230 239 64 iudicio
1015 2230 152 64 dei
1102 2230 218 64 ultimo
1254 2230 152 64 non
1341 2230 196 64 fidem
1471 2230 218 64 potius
1624 2230 174 64 quam

75 2292 201 58 opera
209 2292 313 58 commemoret
455 2292 224 58 iudex?
611 2292 291 58 Respondeo
835 2292 134 58 ad
902 2292 291 58 legitimum
1125 2292 268 58 iudicium
1326 2292 291 58 pertinere
1550 2292 156 58 non
1617 2292 134 58 tan-

70 2335 142 67 tum
151 2335 122 67 ut
212 2335 142 67 sit
293 2335 223 67 iustum,
456 2335 142 67 sed
537 2335 122 67 ut
598 2335 325 67 intelligatur
862 2335 183 67 etiam
984 2335 122 67 ab
1045 2335 264 67 hominibus
1248 2335 163 67 esse
1350 2335 223 67 iustum.
1512 2335 183 67 Adde,
1634 2335 163 67 deum

73 2398 254 59 nobiscum
264 2398 191 59 agere
391 2398 212 59 humano
539 2398 191 59 more.
667 2398 170 59 Ideo
773 2398 148 59 non
857 2398 191 59 solum
985 2398 233 59 iudicat
1154 2398 212 59 iuste,
1303 2398 148 59 sed
1388 2398 170 59 uult
1494 2398 233 59 agnosci
1663 2398 127 59 ab

70 2455 248 56 omnibus
251 2455 293 56 hominibus
476 2455 203 56 iudex
612 2455 226 56 aequus
770 2455 113 56 &
815 2455 248 56 iustus.
995 2455 271 56 Caeterum
1198 2455 158 56 nos
1288 2455 158 56 non
1379 2455 271 56 possumus
1559 2455 203 56 aliorum

76 2505 228 68 hominum
242 2505 207 68 fidem,
387 2505 166 68 quae
490 2505 207 68 mentis
635 2505 166 68 est,
739 2505 248 68 intueri:
925 2505 145 68 sed
1008 2505 124 68 ex
1070 2505 207 68 dictis
1215 2505 104 68 &
1256 2505 207 68 factis
1401 2505 290 68 iudicamus.
1608 2505 145 68 Hone-

78 2567 140 62 sta
158 2567 180 62 dicta
278 2567 100 62 &
318 2567 180 62 facta
439 2567 301 62 testimonium
679 2567 200 62 ferunt
819 2567 200 62 fideli
960 2567 200 62 ccrdi,
1100 2567 260 62 inhonesta
1300 2567 220 62 produnt
1440 2567 301 62 infidelitatem

83 2621 185 63 Opera
207 2621 287 63 charitatis
432 2621 103 63 &
473 2621 308 63 humanitatis
719 2621 267 63 declarant
925 2621 144 63 nos
1007 2621 287 63 credidisse
1232 2621 164 63 uere
1335 2621 103 63 :
1376 2621 267 63 contraria
1560 2621 185 63 contra-

70 2677 174 65 rium
179 2677 282 65 euincunt.
396 2677 217 65 Igitur
548 2677 282 65 scriptura
765 2677 217 65 monet,
917 2677 261 65 iudicium
1112 2677 174 65 fore
1221 2677 261 65 secundum
1416 2677 217 65 opera.
1568 2677 130 65 In
1612 2677 130 65 hanc

84 2733 278 59 sententiam
303 2733 199 59 Matth.
442 2733 139 59 52.
521 2733 239 59 dicitur,
700 2733 119 59 Ex
760 2733 199 59 dictis
899 2733 159 59 tuis
999 2733 378 59 iustificaberis,
1317 2733 99 59 &
1356 2733 119 59 ex
1416 2733 199 59 ijsdem
1535 2733 219 59 condemna-

73 2788 207 64 beris.
218 2788 145 64 Sic
301 2788 186 64 audit
425 2788 166 64 sane
529 2788 248 64 Abraham,
715 2788 248 64 postquam
901 2788 228 64 lsaacum
1067 2788 207 64 filium
1212 2788 248 64 immolare
1398 2788 311 64 statuisset.
1626 2788 124 64 Quan

73 2848 246 63 doquidem
257 2848 225 63 fecisti
421 2848 164 63 hanc
523 2848 164 63 rem,
625 2848 143 63 nec
707 2848 287 63 pepercisti
932 2848 184 63 filio
1055 2848 143 63 tuo
1137 2848 287 63 unigenito,
1362 2848 266 63 benedicam
1567 2848 184 63 tibi,
1690 2848 102 63 &

72 2902 363 68 multiplicabo
367 2902 136 68 te
435 2902 340 68 uehementer,
707 2902 159 68 &c.
798 2902 204 68 Verum
934 2902 250 68 constat
1116 2902 181 68 deum
1229 2902 272 68 Abrahamo
1433 2902 204 68 illam
1547 2902 204 68 fecisse

70 2964 343 73 promissionem
349 2964 258 73 antequam
542 2964 301 73 nasceretur
778 2964 215 73 lsaac,
928 2964 150 73 imo
1014 2964 193 73 simul
1143 2964 193 73 atque
1272 2964 172 73 ipse
1379 2964 236 73 Abraham
1529 2964 215 73 educere
