2288 3632
159 265 155 95 iam
247 265 199 95 maior
380 265 155 95 sit
468 265 177 95 nunc
578 265 177 95 uero
689 265 221 95 minor.
843 265 199 95 Eodem
976 265 177 95 modo
1086 265 199 95 fidem
1219 265 155 95 nec
1307 265 199 95 mutat
1440 265 155 95 nec
1528 265 243 95 scindit
1704 265 132 95 in
1749 265 110 95 par

160 326 137 86 tes
239 326 156 86 quod
336 326 156 86 alia
434 326 215 86 dicitur
590 326 176 86 fides
707 326 273 86 generalis,
921 326 156 86 alia
1019 326 176 86 fides
1136 326 273 86 specialis.
1351 326 254 86 Generalis
1546 326 156 86 enim
1643 326 176 86 fides
1760 326 137 86 non

162 378 174 83 alia
271 378 152 83 est
358 378 174 83 quam
467 378 174 83 quae
576 378 218 83 credit
728 378 196 83 omnia
859 378 196 83 uerba
989 378 152 83 dei
1076 378 174 83 uera
1185 378 174 83 esse
1294 378 109 83 &
1338 378 174 83 deum
1446 378 174 83 bene
1555 378 196 83 uelle
1664 378 196 83 homini-

164 430 166 85 bus.
268 430 145 85 Non
351 430 187 85 aliud
476 430 208 85 credit
621 430 270 85 Specialis
829 430 208 85 fides,
974 430 208 85 tantum
1119 430 166 85 quod
1223 430 228 85 omnibus
1389 430 208 85 comune
1535 430 166 85 est,
1638 430 166 85 sibi
1721 430 125 85 spe-

162 491 235 78 cialiter
339 491 235 78 applicat
515 491 235 78 fidelis,
692 491 216 78 credens
849 491 157 78 deum
947 491 137 78 non
1025 491 196 78 tantum
1163 491 177 78 alijs
1280 491 137 78 sed
1359 491 157 78 sibi
1457 491 196 78 quoque
1594 491 157 78 bene
1692 491 196 78 uelle,

159 543 145 91 Sed
242 543 104 91 &
284 543 186 91 totum
408 543 186 91 quasi
532 543 124 91 in
594 543 228 91 partes,
760 543 186 91 genus
884 543 124 91 in
946 543 228 91 species
1112 543 249 91 deducit.
1299 543 145 91 Nam
1382 543 166 91 quia
1485 543 249 91 generali
1672 543 166 91 fide
1754 543 104 91 cre

166 610 135 80 dit
243 610 174 80 omnia
359 610 174 80 uerba
475 610 135 80 dei
553 610 155 80 uera
649 610 174 80 esse,
765 610 155 80 pari
862 610 213 80 ratione
1017 610 193 80 credit
1152 610 232 80 speciali
1327 610 155 80 fide
1423 610 271 80 immortales
1636 610 155 80 esse
1733 610 155 80 ani¬

162 666 163 72 mas,
263 666 102 72 &
304 666 265 72 resurgere
508 666 204 72 nostra
650 666 244 72 corpora,
834 666 265 72 saluandos
1037 666 163 72 fore
1139 666 244 72 fideles,
1322 666 265 72 perdendos
1526 666 285 72 infideles,
1750 666 102 72 &
1771 666 81 72 si

157 724 172 71 quid
264 724 193 71 huius
393 724 236 71 generis
565 724 193 71 aliud
693 724 150 71 est
779 724 172 71 quod
887 724 193 71 uerbo
1016 724 150 71 dei
1101 724 279 71 credendum
1295 724 236 71 traditur.

232 769 193 83 Porro
360 769 364 83 disputationem
660 769 128 83 de
724 769 171 83 fide
831 769 214 83 Infusa
981 769 107 83 &
1024 769 300 83 Acquisita,
1259 769 128 83 de
1323 769 171 83 fide
1430 769 235 83 informi
1602 769 107 83 &
1623 769 214 83 formata-

161 829 180 63 illis
281 829 299 63 excutiendam
520 829 260 63 relinquo,
720 829 140 63 qui
800 829 120 63 ex
860 829 220 63 seipsis
1020 829 180 63 nouas
1139 829 180 63 illas
1259 829 339 63 disputationes
1539 829 240 63 inuehunt
1718 829 120 63 in
1758 829 100 63 ec-

154 881 253 84 clesiam.
344 881 169 84 Vera
449 881 190 84 fides
576 881 211 84 nullis
724 881 296 84 acquiritur
956 881 232 84 uiribus
1125 881 106 84 &
1167 881 232 84 meritis
1336 881 253 84 humanis,
1526 881 148 84 sed
1590 881 253 84 infunditur

156 933 105 88 a
198 933 168 88 deo.
303 933 189 88 Sicut
428 933 230 88 exposui
596 933 272 88 superiori
805 933 272 88 concione.
1015 933 126 88 Et
1078 933 147 88 cum
1162 933 356 88 auscultatione
1455 933 189 88 uerbi
1581 933 210 88 diuini
1727 933 126 88 ab
1769 933 84 88 ho

163 1006 166 78 mine
267 1006 311 78 acquiritur,
516 1006 207 78 nihilo
661 1006 187 78 minus
785 1006 187 78 totum
910 1006 228 78 gratiae
1076 1006 145 78 dei
1159 1006 290 78 imputatur,
1387 1006 166 78 quae
1490 1006 166 78 nisi
1594 1006 249 78 operetur
1760 1006 83 78 in

157 1050 182 90 animo
278 1050 263 90 auditoris
481 1050 243 90 interne,
663 1050 182 90 nihil
785 1050 243 90 proficit
967 1050 243 90 externus
1149 1050 203 90 cultor
1291 1050 142 90 aut
1372 1050 304 90 predicator.
1615 1050 223 90 Legimus
1757 1050 81 90 in

159 1106 190 88 libro
286 1106 127 88 S.
349 1106 274 88 Augustini
560 1106 127 88 de
623 1106 422 88 praedestinatione
982 1106 274 88 sanctorum
1193 1106 169 88 cap.
1299 1106 127 88 3.
1362 1106 169 88 quod
1468 1106 274 88 aliquando
1679 1106 169 88 fuit
1764 1106 84 88 in

159 1167 235 74 errore,
330 1167 214 74 putans
479 1167 192 74 fidem
607 1167 150 74 qua
693 1167 128 74 in
757 1167 171 74 deum
863 1167 256 74 credimus
1056 1167 150 74 non
1141 1167 171 74 esse
1248 1167 192 74 donum
1376 1167 171 74 dei,
1483 1167 150 74 sed
1568 1167 107 74 a
1611 1167 192 74 nobis
1718 1167 128 74 esse

153 1221 127 71 in
216 1221 212 71 nobis,
365 1221 106 71 &
407 1221 148 71 per
492 1221 191 71 illam
619 1221 148 71 nos
703 1221 275 71 impetrare
915 1221 148 71 dei
1000 1221 191 71 dona,
1127 1221 212 71 quibus
1275 1221 191 71 iuste
1402 1221 106 71 &
1445 1221 148 71 pie
1529 1221 233 71 uiuamus
1699 1221 127 71 in
1741 1221 106 71 hoc

160 1271 237 92 saeculo.
338 1271 138 92 Sed
417 1271 138 92 eam
496 1271 257 92 opinionem
694 1271 119 92 eo
753 1271 178 92 libro
872 1271 217 92 copiose
1030 1271 99 92 &
1069 1271 237 92 grauiter
1247 1271 257 92 refellit.
1445 1271 138 92 Ita
1524 1271 178 92 fides
1642 1271 158 92 uera
1721 1271 119 92 quae

150 1327 124 89 in
212 1327 166 89 unum
316 1327 166 89 deum
420 1327 228 89 tendit,
585 1327 104 89 &
627 1327 269 89 dirigitur
834 1327 186 89 uerbo
958 1327 166 89 dei,
1062 1327 186 89 satis
1186 1327 145 89 est
1269 1327 249 89 formalis
1455 1327 145 89 aut
1538 1327 249 89 formata.
1704 1327 145 89 Certe

164 1382 184 92 forma
286 1382 184 92 fidei
408 1382 265 92 sculpitur
613 1382 122 92 in
674 1382 184 92 corde
796 1382 265 92 credentis
1000 1382 143 92 per
1082 1382 245 92 spiritum
1266 1382 245 92 sanctum.
1449 1382 122 92 Et
1510 1382 224 92 quamuis
1674 1382 143 92 sit
1735 1382 102 92 mi-

154 1450 175 66 nuta
263 1450 197 66 neque
395 1450 306 66 excreuerit
635 1450 131 66 ad
701 1450 219 66 gradum
854 1450 284 66 supremum,
1072 1450 175 66 uera
1181 1450 197 66 tamen
1312 1450 197 66 fides
1444 1450 175 66 est,
1553 1450 153 66 uim
1640 1450 175 66 suam
1728 1450 109 66 ha-

153 1494 177 78 bens
263 1494 154 78 ceu
352 1494 221 78 granum
506 1494 243 78 synapi.
683 1494 265 78 Credidit
881 1494 132 78 in
947 1494 243 78 dominum
1124 1494 199 78 Iesum
1256 1494 199 78 latro
1389 1494 154 78 cum
1477 1494 221 78 domino
1609 1494 221 78 crucifi-

158 1561 161 67 xus,
258 1561 101 67 &
299 1561 241 67 saluatus
480 1561 161 67 est,
580 1561 181 67 licet
701 1561 181 67 fides
821 1561 121 67 in
882 1561 121 67 eo
942 1561 241 67 uiguerit
1123 1561 221 67 pauculo
1284 1561 241 67 tempore,
1465 1561 181 67 neque
1586 1561 201 67 uberem
1706 1561 141 67 protu

162 1609 177 85 lerit
280 1609 216 85 bonorum
437 1609 196 85 operum
575 1609 236 85 segetem:
752 1609 216 85 denique
909 1609 177 85 fides
1027 1609 157 85 illa
1125 1609 236 85 latronis
1302 1609 138 85 non
1380 1609 157 85 fuit
1478 1609 216 85 diuersa
1636 1609 138 85 aut
1695 1609 138 85 alie-

150 1661 127 88 na
213 1661 105 88 a
255 1661 169 88 fide
361 1661 127 88 S.
424 1661 190 88 Petri
551 1661 105 88 &
593 1661 127 88 S.
656 1661 211 88 Pauli,
804 1661 148 88 sed
888 1661 190 88 eadem
1015 1661 253 88 prorsus,
1204 1661 190 88 licet
1331 1661 190 88 horum
1457 1661 274 88 uberiorem
1647 1661 190 88 bonorum

152 1732 201 78 operum
293 1732 221 78 segetem
454 1732 302 78 protulerit.
695 1732 201 78 Gratis
836 1732 302 78 iustificati
1077 1732 161 78 sunt
1178 1732 201 78 Petrus
1319 1732 101 78 &
1359 1732 221 78 Paulus,
1520 1732 181 78 licet
1641 1732 181 78 multa
1741 1732 101 78 ha-

154 1775 221 89 buerint
315 1775 161 89 bona
415 1775 201 89 opera:
556 1775 201 89 gratis
696 1775 321 89 iustificatur
957 1775 201 89 latro,
1098 1775 181 89 licet
1218 1775 181 89 pauca
1339 1775 141 89 aut
1419 1775 181 89 nulla
1540 1775 241 89 habuerit
1700 1775 141 89 opera

150 1832 195 79 bona.
280 1832 259 79 Teneamus
475 1832 216 79 itaque
626 1832 195 79 fidem
756 1832 195 79 ueram
886 1832 173 79 esse
994 1832 216 79 unicam
1145 1832 238 79 quidem,
1318 1832 173 79 quae
1426 1832 195 79 tamen
1556 1832 259 79 augmenta
1729 1832 108 79 seu

148 1887 310 63 incrementum
397 1887 269 63 recipiat,
603 1887 228 63 denique
769 1887 248 63 deficere
955 1887 207 63 possit
1100 1887 103 63 &
1120 1887 228 63 extingui.

224 1943 207 81 Restat
369 1943 145 81 iam
452 1943 124 81 ut
514 1943 290 81 explicemus
742 1943 248 81 uirtutem
928 1943 103 81 &
969 1943 248 81 effectus
1155 1943 186 81 fidei
1280 1943 207 81 uerae.
1424 1943 290 81 Praestitit
1652 1943 145 81 hoc
1735 1943 166 81 ante

147 2011 132 71 me
213 2011 198 71 multo
345 2011 263 71 felicius
542 2011 154 71 imo
630 2011 373 71 absolutissime
937 2011 132 71 S.
1003 2011 285 71 apostolus
1223 2011 241 71 Paulus.
1398 2011 198 71 Verum
1530 2011 154 71 cum
1618 2011 198 71 multa
1749 2011 132 71 ad
1793 2011 66 71 e

155 2053 244 74 Hebraeos
338 2053 142 74 11.
419 2053 203 74 capite
562 2053 305 74 attulisset,
806 2053 224 74 cogitur
968 2053 183 74 tamen
1091 2053 203 74 fateri
1233 2053 122 74 se
1294 2053 142 74 non
1375 2053 183 74 posse
1497 2053 305 74 commemorare
1721 2053 102 74 onm

143 2121 160 69 nia:
243 2121 220 69 iccirco
403 2121 260 69 recensebo
603 2121 220 69 aliquot
763 2121 160 69 modo
863 2121 360 69 fideiuirtutes,
1162 2121 240 69 reliquas
1342 2121 260 69 charitati
1542 2121 220 69 uestrae
1682 2121 140 69 inda-

146 2169 237 64 gandas
312 2169 119 64 &
360 2169 356 64 expendendas
621 2169 308 64 relinquens.

222 2221 192 93 Fides
350 2221 171 93 uera
456 2221 171 93 ante
563 2221 192 93 omnia
691 2221 235 93 confert
861 2221 192 93 ueram
989 2221 298 93 scientiam,
1224 2221 171 93 uere
1330 2221 277 93 sapientes
1544 2221 256 93 reddens.
1714 2221 128 93 Fide

141 2284 168 79 enim
246 2284 168 79 deum
351 2284 336 79 cognoscimus,
624 2284 252 79 recteque
813 2284 126 79 de
876 2284 252 79 iudicijs
1064 2284 105 79 &
1106 2284 252 79 operibus
1295 2284 168 79 dei,
1400 2284 126 79 de
1463 2284 294 79 uirtutibus
1694 2284 105 79 &
1736 2284 147 79 ui¬

149 2343 161 69 tijs
250 2343 283 69 iudicamus.
472 2343 161 69 Quae
573 2343 161 69 illa
674 2343 242 69 confert,
855 2343 161 69 uera
956 2343 303 69 proculdubio
1198 2343 141 69 est
1279 2343 283 69 sapientia.
1501 2343 222 69 Sperant
1662 2343 182 69 multi
1763 2343 81 69 se

158 2398 188 71 ueram
283 2398 354 71 consequuturos
575 2398 292 71 sapientiam
804 2398 125 71 ex
867 2398 229 71 studijs
1033 2398 333 71 philosophiae
1304 2398 104 71 :
1346 2398 146 71 sed
1429 2398 208 71 errant
1575 2398 167 71 toto
1658 2398 167 71 coelo.

144 2439 142 88 Nam
225 2439 303 88 philosophia
467 2439 243 88 perperam
650 2439 223 88 iudicat
811 2439 101 88 &
852 2439 223 88 uitiose
1014 2439 243 88 pleraque
1196 2439 182 88 docet
1317 2439 121 88 de
1378 2439 162 88 deo,
1479 2439 121 88 de
1540 2439 243 88 operibus
1702 2439 121 88 dei,

149 2506 138 82 de
218 2506 206 82 summo
355 2506 206 82 bono,
493 2506 138 82 de
562 2506 183 82 fine
676 2506 252 82 bonorum
860 2506 115 82 &
906 2506 275 82 malorum,
1112 2506 138 82 de
1181 2506 321 82 expetendis
1433 2506 115 82 &
1479 2506 321 82 fugiendis.
1708 2506 115 82 Ea-

146 2556 153 70 dem
233 2556 196 70 autem
364 2556 174 70 uere
473 2556 109 70 &
517 2556 196 70 recte
648 2556 283 70 traduntur
866 2556 131 70 in
931 2556 196 70 uerbo
1062 2556 174 70 dei,
1171 2556 371 70 intelliguntur
1476 2556 174 70 uero
1563 2556 262 70 percipiun-

156 2621 202 67 turque
297 2621 182 67 fide.
419 2621 182 67 Fides
540 2621 162 67 ergo
642 2621 142 67 est
723 2621 162 67 uera
824 2621 283 67 sapientia,
1047 2621 101 67 &
1087 2621 202 67 reddit
1229 2621 162 67 uere
1330 2621 283 67 sapientes.
1553 2621 142 67 Nam
1614 2621 202 67 Ieremias

151 2666 219 95 quoque.
310 2666 159 95 Ecce
409 2666 199 95 uerbum
548 2666 219 95 domini,
707 2666 219 95 inquit,
866 2666 318 95 reprobarunt,
1125 2666 159 95 quae
1224 2666 159 95 ergo
1323 2666 179 95 illis
1443 2666 258 95 sapientia
1641 2666 219 95 reliqua

152 2733 162 74 esse
253 2733 243 74 poterit?
436 2733 243 74 Celebris
618 2733 142 74 est
699 2733 122 74 in
760 2733 162 74 toto
862 2733 243 74 terrarum
1044 2733 162 74 orbe
1146 2733 264 74 Solomonis
1348 2733 284 74 sapientia.
1572 2733 142 74 Sed
1632 2733 183 74 legimus

153 2781 132 73 in
219 2781 286 73 euangelio
439 2781 264 73 secundum
636 2781 308 73 Matthaeum,
878 2781 242 73 dominum
1054 2781 220 73 contra
1208 2781 242 73 ludaeos
1384 2781 176 73 hanc
1493 2781 308 73 protulisse
1713 2781 110 73 sen

156 2840 263 77 tentiam,
353 2840 219 77 Regina
507 2840 219 77 Austri
660 2840 219 77 surget
814 2840 132 77 in
879 2840 241 77 iudicio
1055 2840 153 77 cum
1142 2840 329 77 generatione
1406 2840 175 77 hac,
1515 2840 110 77 &
1537 2840 285 77 condemnabit

148 2894 173 81 eam,
257 2894 173 81 quod
365 2894 238 81 uenerit
538 2894 108 81 a
582 2894 238 81 finibus
755 2894 217 81 terrae
906 2894 130 81 ad
971 2894 282 81 audiendam
1188 2894 303 81 sapientiam
1426 2894 303 81 Solomonis:
1664 2894 108 81 &
1686 2894 130 81 ecce
