2288 3632
64 288 161 99 fum,
164 288 161 99 quia
265 288 221 99 fidelis
426 288 181 99 eram,
546 288 141 99 sed
627 288 121 99 ut
687 288 201 99 essem:
828 288 161 99 hinc
929 288 261 99 ostendens
1130 288 181 99 ipsam
1250 288 181 99 etiam
1371 288 181 99 fidem
1492 288 221 99 haberi,
1632 288 121 99 nisi

72 373 145 74 deo
155 373 290 74 miserante,
383 373 145 74 non
466 373 207 74 posse,
612 373 104 74 &
653 373 166 74 esse
757 373 187 74 donum
881 373 166 74 dei:
985 373 166 74 quod
1089 373 311 74 apertissime
1338 373 187 74 docet
1462 373 228 74 dicens,
1608 373 124 74 Gra-

61 425 136 78 tia
138 425 175 78 salui
255 425 175 78 facti
372 425 175 78 estis
489 425 136 78 per
567 425 195 78 fidem:
703 425 97 78 &
742 425 136 78 hoc
820 425 136 78 non
898 425 117 78 ex
957 425 195 78 uobis,
1093 425 136 78 sed
1171 425 136 78 dei
1249 425 175 78 donum
1366 425 156 78 est.
1463 425 214 78 Possent
1619 425 156 78 enim

65 484 227 78 dicere,
230 484 165 78 Ideo
334 484 268 78 accepimus
540 484 248 78 gratiam,
725 484 165 78 quia
829 484 309 78 credidimus:
1076 484 227 78 tanquam
1241 484 165 78 sibi
1344 484 186 78 fidem
1468 484 309 78 tribuentes,

64 540 223 71 gratiam
226 540 142 71 deo
307 540 101 71 :
347 540 223 71 propter
509 540 142 71 hoc
590 540 263 71 apostolus
793 540 142 71 cum
874 540 263 71 dixisset,
1076 540 142 71 Per
1157 540 202 71 fidem.
1299 540 121 71 Et
1359 540 162 71 hoc,
1461 540 202 71 inquit
1602 540 142 71 non
1663 540 81 71 ex

66 606 200 68 uobis,
206 606 140 68 sed
286 606 140 68 dei
366 606 180 68 donum
486 606 160 68 est,
586 606 200 68 Rursus
726 606 120 68 ne
786 606 240 68 dicerent
966 606 120 68 se
1026 606 160 68 suis
1126 606 240 68 operibus
1306 606 180 68 donum
1426 606 160 68 tale
1506 606 220 68 meruisse,

64 649 251 76 continuo
252 649 272 76 subiecit,
462 649 147 76 Non
546 649 126 76 ex
608 649 272 76 operibus,
818 649 126 76 ne
881 649 167 76 quis
985 649 188 76 forte
1111 649 314 76 extollatur.
1362 649 147 76 Non
1446 649 167 76 quia
1551 649 230 76 negauit

58 712 147 62 aut
142 712 273 62 euacuauit
352 712 168 62 bona
457 712 189 62 opera
583 712 105 62 :
625 712 147 62 cum
709 712 189 62 dicat
835 712 168 62 deum
941 712 273 62 unicuique
1151 712 231 62 reddere
1319 712 252 62 secundum
1508 712 189 62 opera
1613 712 126 62 sua:

66 765 138 65 sed
145 765 157 65 quia
243 765 177 65 opera
361 765 157 65 sunt
460 765 118 65 ex
519 765 177 65 fide:
637 765 138 65 non
715 765 118 65 ex
774 765 236 65 operibus
951 765 197 65 fides:
1089 765 118 65 ac
1148 765 138 65 per
1227 765 138 65 hoc
1305 765 118 65 ab
1364 765 157 65 illo
1463 765 157 65 sunt
1561 765 177 65 nobis
1659 765 79 65 o-

64 817 148 77 pera
157 817 260 77 iustitiae,
361 817 93 77 a
398 817 130 77 quo
472 817 130 77 est
546 817 148 77 ipsa
639 817 185 77 fides,
769 817 111 77 de
825 817 130 77 qua
899 817 185 77 dictum
1029 817 148 77 est,
1121 817 185 77 lustus
1251 817 111 77 ex
1307 817 148 77 fide
1399 817 185 77 uiuit.
1529 817 148 77 Haec
1603 817 130 77 omnia

60 879 271 69 uerbotim
263 879 135 69 ex
331 879 293 69 Augustino
557 879 271 69 hactenus
759 879 293 69 recensui.
985 879 180 69 Quae
1098 879 225 69 quidem
1255 879 203 69 omnia
1391 879 135 69 ea
1458 879 180 69 quae
1571 879 135 69 de
1616 879 113 69 me-

68 933 166 62 rito
172 933 228 62 bonorum
338 933 208 62 operum
483 933 166 62 dici
587 933 249 62 possunt,
774 933 187 62 satis
899 933 187 62 probe
1023 933 374 62 complectuntur,
1335 933 104 62 &
1376 933 166 62 adeo
1480 933 208 62 solide
1604 933 125 62 scri

60 988 194 79 pturis
195 988 194 79 munita
331 988 271 79 proponunt,
544 988 116 79 ut
602 988 136 79 ijs
680 988 174 79 nihil
796 988 252 79 adiincere
990 988 194 79 uelim,
1126 988 97 79 &
1165 988 174 79 satis
1281 988 194 79 clarum
1417 988 155 79 esse
1494 988 233 79 existimem,

66 1042 244 73 quomodo
244 1042 244 73 ueteres
421 1042 333 73 scripserint
688 1042 133 73 de
754 1042 244 73 hominum
932 1042 267 73 meritis.
1132 1042 178 73 Quid
1243 1042 178 73 enim
1354 1042 244 73 breuius
1532 1042 111 73 &
1554 1042 178 73 synce-

54 1101 189 72 rius,
180 1101 168 72 adde
285 1101 105 72 &
327 1101 231 72 plenius
495 1101 168 72 dici
600 1101 210 72 potest
747 1101 168 72 quam
852 1101 168 72 esse
958 1101 252 72 mercedem
1147 1101 252 72 operibus
1336 1101 231 72 paratam
1504 1101 210 72 bonis:
1630 1101 105 72 sed

60 1150 185 73 illam
184 1150 185 73 aliud
307 1150 144 73 non
390 1150 165 73 esse
492 1150 165 73 quam
595 1150 247 73 gratiam:
781 1150 144 73 sed
863 1150 103 73 &
904 1150 267 73 sanctorum
1110 1150 206 73 merita
1254 1150 226 73 gratiam
1418 1150 165 73 esse
1521 1150 165 73 dei:
1604 1150 123 73 quae

60 1212 230 65 merita,
228 1212 147 65 cum
311 1212 251 65 coronat,
500 1212 147 65 sua
583 1212 209 65 ipsius
730 1212 209 65 munera
877 1212 251 65 coronat?
1065 1212 147 65 Iln
1149 1212 147 65 his
1233 1212 230 65 omnibus
1400 1212 209 65 firmum
1526 1212 209 65 perpetuo

69 1270 185 62 manet
192 1270 185 62 dogma
315 1270 369 62 ecclesiasticum
622 1270 103 62 &
663 1270 328 62 apostolicum,
930 1270 164 62 sola
1032 1270 144 62 nos
1114 1270 205 62 gratia
1258 1270 144 62 dei
1340 1270 144 62 per
1422 1270 205 62 fidem,
1565 1270 144 62 non
1627 1270 103 62 per

66 1325 176 67 opera
184 1325 137 67 uel
262 1325 196 67 merita
399 1325 215 67 nostra,
556 1325 294 67 iustificari
791 1325 98 67 &
810 1325 196 67 seruari.

128 1376 248 83 Redimus
309 1376 158 83 iam
399 1376 135 83 ad
467 1376 203 83 opera
602 1376 180 83 bona
715 1376 113 83 &
760 1376 135 83 ad
827 1376 338 83 explicandam
1098 1376 248 83 bonorum
1278 1376 225 83 operum
1436 1376 338 83 descriptio

61 1437 167 58 nem,
166 1437 167 58 siue
270 1437 398 58 consignationem,
605 1437 167 58 quam
710 1437 126 58 ab
773 1437 209 58 initio
919 1437 188 58 huius
1045 1437 335 58 tractationis
1317 1437 272 58 posuimus.
1527 1437 167 58 Nisi
1610 1437 126 58 uero

57 1497 188 68 opera
183 1497 209 68 nostra
329 1497 126 68 ex
392 1497 147 68 deo
476 1497 147 68 per
560 1497 188 68 fidem
685 1497 293 68 nascantur,
916 1497 272 68 nequaquam
1125 1497 168 68 bona
1230 1497 168 68 dici
1334 1497 251 68 possunt.
1523 1497 126 68 Si
1586 1497 168 68 uero
1690 1497 105 68 a

64 1553 152 71 deo
151 1553 152 71 per
238 1553 195 71 fidem
367 1553 368 71 progignuntur,
671 1553 195 71 etiam
800 1553 260 71 secundum
995 1553 238 71 regulam
1168 1553 195 71 uerbi
1298 1553 152 71 dei
1385 1553 303 71 formantur.
1623 1553 173 71 Ideo

66 1599 319 76 significanter
329 1599 225 76 expressi
498 1599 113 76 in
554 1599 319 76 descriptione,
816 1599 169 76 fieri
929 1599 150 76 ipsa
1023 1599 94 76 a
1060 1599 206 76 renatis
1210 1599 113 76 ex
1266 1599 206 76 spiritu
1416 1599 131 76 dei
1491 1599 169 76 bono,
1604 1599 131 76 per
1660 1599 75 76 fi

65 1663 178 74 dem,
176 1663 111 74 &
220 1663 266 74 secundum
420 1663 222 74 uerbum
575 1663 178 74 dei.
686 1663 155 74 Deo
775 1663 178 74 enim
886 1663 155 74 non
975 1663 244 74 placent
1152 1663 222 74 opera,
1307 1663 178 74 quae
1418 1663 133 74 ex
1463 1663 266 74 nobisipsis

62 1713 325 82 confingimus
323 1713 239 82 propria
496 1713 217 82 nostra
648 1713 347 82 authoritate,
930 1713 108 82 &
973 1713 304 82 intentione
1212 1713 195 82 bona.
1342 1713 152 82 Nam
1428 1713 217 82 probat
1580 1713 130 82 in
1624 1713 108 82 no-

61 1770 146 81 bis
144 1770 187 81 fidem
269 1770 104 81 &
311 1770 333 81 obedientiam:
581 1770 166 81 quod
685 1770 146 81 uel
769 1770 125 81 in
831 1770 229 81 exemplo
998 1770 208 81 patris
1143 1770 208 81 nostri
1289 1770 166 81 Adae
1393 1770 312 81 inclarescit
1622 1770 104 81 ma-

62 1836 178 66 xime:
181 1836 257 66 electitia
379 1836 198 66 nostra
517 1836 178 66 opera
636 1836 99 66 &
675 1836 178 66 bonas
794 1836 218 66 nostras
952 1836 317 66 intentiones,
1210 1836 119 66 in
1269 1836 99 66 &
1309 1836 119 66 ex
1368 1836 178 66 nobis
1487 1836 218 66 enatas,
1645 1836 119 66 im

61 1887 227 65 probat.
227 1887 124 65 Id
289 1887 165 65 quod
392 1887 186 65 hisce
516 1887 331 65 scripturarum
785 1887 310 65 testimonijs
1033 1887 351 65 demonstramus.
1323 1887 186 65 Deut.
1447 1887 145 65 12.
1529 1887 145 65 sic
1591 1887 145 65 scri-

70 1948 170 66 ptum
176 1948 255 66 legimus,
367 1948 149 66 Non
452 1948 212 66 faciet
601 1948 319 66 unusquisque
856 1948 170 66 quod
962 1948 212 66 rectum
1111 1948 149 66 est
1196 1948 127 66 in
1260 1948 212 66 oculis
1408 1948 191 66 suis.
1515 1948 212 66 Quicquid

69 2006 142 64 ego
150 2006 263 64 praecipio
352 2006 202 64 uobis,
494 2006 121 64 id
555 2006 324 64 obseruabitis
818 2006 121 64 ut
879 2006 263 64 faciatis:
1081 2006 142 64 nec
1162 2006 182 64 addes
1284 2006 243 64 quicquam
1466 2006 182 64 super
1567 2006 162 64 ipsum:

59 2047 188 68 neque
184 2047 209 68 minues
331 2047 125 68 ab
393 2047 146 68 eo.
477 2047 188 68 Porro
602 2047 125 68 in
665 2047 251 68 historia
853 2047 251 68 Samuelis
1041 2047 188 68 huius
1166 2047 146 68 rei
1250 2047 292 68 memorabile
1479 2047 230 68 ponitur
1626 2047 104 68 ex-

59 2105 235 69 emplum.
230 2105 235 69 Accipit
401 2105 171 69 enim
508 2105 299 69 praeceptum
743 2105 171 69 Saul
850 2105 150 69 rex
935 2105 363 69 lsraelitarum,
1234 2105 299 69 iubeturque
1469 2105 235 69 caedere
1619 2105 107 69 om-

59 2164 144 67 nes
142 2164 308 67 Amalechitas
388 2164 103 67 &
429 2164 144 67 res
512 2164 247 67 ipsorum:
697 2164 164 67 ipse
799 2164 164 67 uero
902 2164 144 67 per
984 2164 185 67 bonam
1108 2164 308 67 intentionem
1354 2164 103 67 &
1395 2164 288 67 electitiam
1601 2164 123 67 reli

57 2218 208 69 gionem
203 2218 188 69 boues
328 2218 292 69 pinguiores
557 2218 292 69 sacrificio
786 2218 292 69 reseruarat
1016 2218 104 69 :
1057 2218 188 69 uerum
1182 2218 104 69 a
1224 2218 250 69 propheta
1411 2218 208 69 audit,
1557 2218 125 69 An
1620 2218 146 69 tam

61 2278 214 63 uolupe
210 2278 107 63 &
253 2278 214 63 gratum
402 2278 320 63 sacrificium
658 2278 235 63 domino,
829 2278 171 63 quam
936 2278 149 63 est
1021 2278 342 63 obedientia?:
1299 2278 171 63 Ecce
1406 2278 214 63 melius
1555 2278 149 63 est
1619 2278 107 63 au-

60 2330 182 71 dire,
181 2330 162 71 quam
282 2330 324 71 sacrificare:
546 2330 101 71 &
586 2330 202 71 melior
728 2330 142 71 est
809 2330 324 71 auscultatio,
1072 2330 162 71 quam
1173 2330 182 71 adeps
1295 2330 243 71 arietum.
1477 2330 223 71 Quoniam
1619 2330 101 71 pec

59 2391 180 62 catum
179 2391 200 62 magiae
320 2391 160 62 est,
420 2391 261 62 apostasia
620 2391 160 62 siue
721 2391 261 62 rebellio,
921 2391 100 62 &
961 2391 221 62 uanitas
1122 2391 321 62 idololatrie,
1382 2391 241 62 indurare
1543 2391 180 62 animum,

69 2441 144 67 uel
151 2441 185 67 nolle
274 2441 246 67 obsequi.
458 2441 185 67 Habes
581 2441 123 67 in
643 2441 144 67 his
725 2441 246 67 pauculis
909 2441 205 67 uerbis
1053 2441 246 67 egregium
1237 2441 246 67 encomium
1422 2441 287 67 electitiae
1627 2441 103 67 re-

58 2498 257 71 ligionis
250 2498 129 71 ac
315 2498 236 71 bonorum
486 2498 279 71 nostrorum
700 2498 236 71 operum,
872 2498 129 71 ex
936 2498 171 71 bona
1043 2498 214 71 nostra
1193 2498 300 71 intentione
1429 2498 257 71 natorum.
1622 2498 150 71 Qui

70 2554 282 69 praeceptis
292 2554 141 69 dei
372 2554 262 69 neglectis
574 2554 161 69 suas
675 2554 302 69 intentiones
917 2554 262 69 sequuntur
1118 2554 202 69 bonas,
1259 2554 181 69 magi,
1380 2554 262 69 apostatae
1582 2554 101 69 &
1602 2554 121 69 ido-

57 2616 256 63 lolatrae,
255 2616 99 63 a
294 2616 237 63 ueritate
472 2616 197 63 diuina
610 2616 316 63 appellantur.
866 2616 256 63 Sibijpsis
1063 2616 197 63 quidem
1201 2616 237 63 uidentur
1379 2616 217 63 egregij
1537 2616 158 63 esse
1616 2616 118 63 cul-

64 2669 196 65 tores
195 2669 175 65 dei,
304 2669 109 65 &
348 2669 371 65 obseruationum
653 2669 284 65 sanctorum
872 2669 240 65 patrum,
1046 2669 349 65 episcoporum,
1330 2669 196 65 regum
1461 2669 109 65 &
1483 2669 240 65 principum

73 2725 195 71 zelosi
209 2725 292 71 sectatores:
442 2725 136 71 sed
520 2725 136 71 qui
598 2725 214 71 mentiri
753 2725 195 71 nescit
890 2725 175 71 deus,
1006 2725 214 71 diserte
1162 2725 292 71 pronunciat,
1395 2725 175 71 opera
1512 2725 214 71 istorum
1648 2725 78 71 ni

60 2779 133 60 hil
136 2779 208 60 distare
287 2779 95 60 a
325 2779 189 60 magia,
458 2779 265 60 apostasia,
666 2779 95 60 &
704 2779 303 60 idololatria,
950 2779 189 60 quibus
1083 2779 170 60 nihil
1197 2779 189 60 potest
1329 2779 133 60 uel
1405 2779 170 60 fingi
1519 2779 246 60 atrocius,

62 2833 227 72 Dominus
228 2833 165 72 ergo
331 2833 124 72 in
393 2833 269 72 euangelio
600 2833 124 72 ex
662 2833 269 72 uaticinio
868 2833 207 72 lsaiae
1013 2833 269 72 prophetae
1220 2833 186 72 semel
1344 2833 227 72 damnat,
1509 2833 227 72 abiicit
1654 2833 62 72 &

61 2894 262 63 conculcat
262 2894 181 63 omnia
383 2894 161 63 illa
484 2894 262 63 electitia
685 2894 201 63 opera,
826 2894 161 63 nata
927 2894 121 63 ex
988 2894 181 63 bonis
1108 2894 222 63 nostris
1270 2894 363 63 intentionibus,
1572 2894 141 63 cum
1632 2894 101 63 di-

65 2953 165 79 cit,
169 2953 228 79 Frustra
334 2953 124 79 me
396 2953 228 79 colunt,
562 2953 248 79 docentes
748 2953 269 79 doctrinas
955 2953 269 79 praecepta
1162 2953 248 79 hominum.
1348 2953 186 79 Omnis
1472 2953 290 79 plantatio,
