2288 3632
506 311 266 75 secundum
705 311 177 75 deum
816 311 155 75 est
905 311 288 75 conditus.
1126 311 177 75 Inde
1237 311 177 75 enim
1348 311 244 75 accedit
1525 311 199 75 nobis
1658 311 222 75 gloria
1813 311 111 75 &
1858 311 222 75 honor.
1991 311 199 75 Dicimur

501 379 104 65 &
543 379 188 65 sumus
668 379 209 65 serui,
814 379 146 65 imo
898 379 188 65 filij
1023 379 146 65 dei
1107 379 230 65 nostri,
1274 379 188 65 cuius
1399 379 251 65 ingenium
1587 379 104 65 &
1629 379 209 65 uirtus
1775 379 230 65 relucet
1942 379 125 65 in
2005 379 188 65 nobis
2109 379 84 65 ad

511 432 220 76 gloriam
671 432 100 76 &
711 432 200 76 laudem
851 432 220 76 nominis
1011 432 180 76 eius.
1131 432 120 76 Ac
1191 432 120 76 ut
1251 432 240 76 requirit
1431 432 160 76 ille
1531 432 100 76 a
1571 432 180 76 nobis
1691 432 180 76 opera
1811 432 180 76 bona,
1931 432 140 76 ita
2011 432 120 76 si
2051 432 140 76 facia

515 492 141 62 mus
596 492 141 62 ea,
676 492 222 62 placent
838 492 162 62 ipsi
939 492 101 62 &
979 492 263 62 honoramur
1181 492 121 62 ab
1242 492 162 62 ipso
1343 492 263 62 uicissim:
1545 492 121 62 id
1605 492 162 62 quod
1706 492 202 62 multis
1848 492 283 62 scripturae
2050 492 141 62 testi

504 556 220 58 monijs
658 556 330 58 demonstrari
922 556 242 58 posset.
1098 556 198 58 Verum
1230 556 154 58 hoc
1318 556 154 58 est
1405 556 198 58 extra
1537 556 198 58 omnem
1669 556 396 58 controuersiam.
1999 556 198 58 Certe
2109 556 88 58 is

507 597 244 66 subinde
684 597 200 66 magis
817 597 133 66 ac
884 597 200 66 magis
1017 597 200 66 auget
1150 597 200 66 nobis
1283 597 177 66 bene
1394 597 333 66 operantibus
1660 597 177 66 dona
1771 597 177 66 sua.
1882 597 200 66 Dicit
2015 597 177 66 enim
2103 597 89 66 in

521 658 322 69 euangelio.,
778 658 172 69 Omni
885 658 236 69 habenti
1057 658 257 69 dabitur,
1250 658 107 69 &
1293 658 300 69 abundabit.
1529 658 150 69 Qui
1615 658 172 69 uero
1722 658 193 69 nihil
1851 658 215 69 habet,
2001 658 193 69 etiam
2108 658 86 69 id

510 729 170 56 quod
616 729 149 56 non
701 729 213 56 habet,
850 729 277 56 auferetur
1063 729 128 56 ab
1127 729 149 56 eo,
1212 729 106 56 &
1254 729 234 56 dabitur
1424 729 128 56 ei
1488 729 149 56 qui
1573 729 213 56 habet.
1722 729 234 56 Accedit
1892 729 149 56 huc
1977 729 170 56 quod
2062 729 128 56 ope-

517 783 243 60 rantibus
699 783 162 60 deus
800 783 203 60 recta,
942 783 263 60 propitius
1145 783 162 60 est,
1246 783 203 60 eosque
1388 783 203 60 multis
1530 783 182 60 etiam
1652 783 324 60 temporalibus
1915 783 182 60 donis
2017 783 182 60 locuple

517 829 147 69 tat
601 829 209 69 tandem
747 829 105 69 &
789 829 251 69 perpetua
978 829 167 69 uita
1082 829 209 69 donat.
1229 829 230 69 Diserte
1396 829 167 69 enim
1501 829 272 69 apostolus
1710 829 230 69 Paulus,
1878 829 188 69 Deus,
2004 829 230 69 inquit,

513 886 211 64 reddet
661 886 275 64 unicuique
872 886 190 64 iuxta
999 886 190 64 facta
1126 886 169 64 sua,
1231 886 148 64 his
1316 886 211 64 inquam
1464 886 148 64 qui
1548 886 359 64 perseuerantes
1844 886 127 64 in
1886 886 296 64 benefaciendo

506 947 248 66 gloriam
687 947 113 66 &
732 947 248 66 honorem
912 947 113 66 &
957 947 406 66 immortalitatem
1295 947 293 66 quaerunt,
1521 947 203 66 uitam
1656 947 270 66 eternam.
1859 947 135 66 Et
1927 947 248 66 iterum,
2084 947 113 66 Glo

520 1006 160 53 ria
612 1006 114 53 &
657 1006 206 53 honor
795 1006 114 53 &
841 1006 160 53 pax
932 1006 183 53 omni
1047 1006 275 53 operanti
1253 1006 229 53 bonum.
1413 1006 275 53 Quanquam
1619 1006 137 53 in
1687 1006 252 53 omnibus
1871 1006 206 53 bonis
2008 1006 183 53 suis
2099 1006 92 53 o-

522 1046 261 77 peribus
712 1046 166 77 pij
807 1046 190 77 sibi
926 1046 166 77 non
1021 1046 333 77 praecipuum
1283 1046 238 77 quidem
1449 1046 238 77 scopum
1616 1046 380 77 (quemadmodum
1925 1046 119 77 &
1948 1046 238 77 superius

517 1104 232 73 quoque
679 1104 603 73 monui)recompensationem
1213 1104 116 73 &
1260 1104 279 73 priuatum
1468 1104 348 73 compendium,
1747 1104 162 73 sed
1840 1104 162 73 dei
1933 1104 255 73 gloriam
2118 1104 116 73 &

517 1176 321 60 uoluntatem,
773 1176 235 60 denique
945 1176 235 60 proximi
1116 1176 300 60 utilitatem
1351 1176 171 60 sibi
1458 1176 364 60 proposuerunt.
1758 1176 214 60 Paulus
1908 1176 193 60 enim.
2015 1176 171 60 Omnia,

514 1221 160 69 ait,
614 1221 120 69 in
674 1221 220 69 gloriam
834 1221 140 69 dei
914 1221 220 69 facite.
1074 1221 120 69 Et
1134 1221 220 69 iterum,
1294 1221 160 69 Nemo
1394 1221 160 69 quod
1494 1221 160 69 suum
1594 1221 140 69 est
1674 1221 240 69 quaerat,
1854 1221 140 69 sed
1934 1221 220 69 quisque
2074 1221 120 69 quod

523 1277 293 62 alterius:
749 1277 338 62 quemadmodum
1019 1277 158 62 ego
1109 1277 158 62 per
1199 1277 203 62 omnia
1334 1277 248 62 omnibus
1514 1277 248 62 placeo:
1695 1277 158 62 non
1785 1277 270 62 quaerens
1987 1277 180 62 meam
2077 1277 113 62 ip-

524 1329 161 62 sius
624 1329 302 62 utilitatem,
866 1329 141 62 sed
946 1329 241 62 multorum
1128 1329 121 62 ut
1188 1329 181 62 salui
1309 1329 201 62 fiant.
1449 1329 141 62 Pij
1530 1329 161 62 ergo
1631 1329 181 62 omnes
1751 1329 181 62 omnia
1872 1329 141 62 sua
1953 1329 201 62 studia
2093 1329 101 62 &
2114 1329 80 62 o-

515 1383 157 77 pera
614 1383 118 77 in
673 1383 138 77 hoc
751 1383 256 77 dirigunt,
948 1383 118 77 ut
1007 1383 138 77 deo
1086 1383 256 77 placeant,
1283 1383 118 77 ut
1342 1383 157 77 deum
1440 1383 315 77 glorificent,
1696 1383 118 77 ut
1755 1383 216 77 prosint
1913 1383 216 77 multis.
2070 1383 118 77 In
2109 1383 79 77 eo

522 1451 161 61 enim
623 1451 141 61 dei
703 1451 242 61 naturam,
884 1451 181 61 cuius
1005 1451 181 61 filij
1126 1451 181 61 sunt,
1247 1451 282 61 exprimunt.
1469 1451 141 61 Nam
1549 1451 121 61 is
1610 1451 262 61 beneficia
1811 1451 141 61 sua
1892 1451 121 61 in
1952 1451 181 61 omnes
2053 1451 141 61 crea-

528 1493 163 67 turas
637 1493 145 67 suas
727 1493 235 67 effundit:
908 1493 145 67 sunt
999 1493 181 67 itaque
1125 1493 91 67 &
1162 1493 163 67 filij
1270 1493 145 67 eius
1343 1493 199 67 benefici.

609 1539 163 80 Haec
711 1539 184 80 habui
833 1539 122 80 in
894 1539 265 80 praesenti
1098 1539 122 80 de
1159 1539 204 80 natura
1302 1539 143 80 uel
1384 1539 245 80 ingenio,
1568 1539 122 80 de
1629 1539 224 80 caussa,
1792 1539 163 80 fine
1894 1539 102 80 &
1935 1539 245 80 effectu,
2098 1539 102 80 hoc

515 1614 166 62 est,
619 1614 124 62 de
681 1614 166 62 uera
785 1614 104 62 &
826 1614 187 62 iusta
951 1614 228 62 ratione
1117 1614 228 62 bonorum
1283 1614 228 62 operum:
1448 1614 124 62 ex
1511 1614 207 62 quibus
1656 1614 187 62 etiam
1780 1614 187 62 illud
1905 1614 270 62 perspicue
2091 1614 104 62 in-

522 1672 228 64 telligi
688 1672 187 64 posse
812 1672 207 64 spero,
957 1672 228 64 quomodo
1123 1672 249 64 operibus
1310 1672 269 64 sanctorum
1517 1672 187 64 bonis
1641 1672 269 64 iustitiae
1849 1672 187 64 nomen
1973 1672 104 64 &
1994 1672 207 64 iustifi-

528 1724 251 66 cationem
716 1724 251 66 tribuat,
904 1724 314 66 mercedemque
1155 1724 230 66 reddere
1323 1724 230 66 dicatur
1490 1724 230 66 dominus
1657 1724 125 66 in
1720 1724 293 66 scripturis
1950 1724 251 66 sanctis,
2138 1724 105 66 &

519 1784 185 62 quod
635 1784 254 62 immotum
820 1784 231 62 nihilo
981 1784 208 62 minus
1120 1784 139 62 ac
1190 1784 231 62 firmum
1351 1784 301 62 consistit
1583 1784 324 62 orthodoxum
1837 1784 116 62 &
1883 1784 301 62 primarium
2091 1784 116 62 re-

532 1828 250 72 ligionis
719 1828 229 72 nostrae
886 1828 208 72 dogma,
1032 1828 208 72 Gratia
1177 1828 146 72 dei
1261 1828 146 72 nos
1344 1828 229 72 propter
1510 1828 250 72 Christum
1698 1828 146 72 per
1781 1828 208 72 fidem,
1926 1828 146 72 non
2010 1828 146 72 per
2072 1828 125 72 ope-

514 1883 123 62 ra
576 1883 328 62 iustificari.
843 1883 164 62 Nunc
945 1883 164 62 ergo
1048 1883 185 62 nihil
1171 1883 185 62 aliud
1294 1883 267 62 superest,
1499 1883 164 62 quam
1602 1883 123 62 ut
1664 1883 144 62 pro
1746 1883 164 62 uera
1848 1883 123 62 in
1910 1883 226 62 dominum
2053 1883 144 62 Iesum

526 1942 167 67 fide
631 1942 314 67 supplicemus
882 1942 230 67 domino,
1049 1942 126 67 ac
1112 1942 147 67 per
1196 1942 230 67 eiusdem
1364 1942 251 67 gratiam,
1552 1942 356 67 disputationem
1845 1942 251 67 hucusque
2013 1942 188 67 habitam

513 2002 129 64 de
578 2002 194 64 bonis
707 2002 280 64 operibus,
923 2002 129 64 in
987 2002 172 64 opus
1095 2002 301 64 deducamus,
1332 2002 129 64 id
1396 2002 172 64 est,
1504 2002 129 64 ut
1569 2002 194 64 fidem
1698 2002 172 64 quam
1805 2002 215 64 uerbis
1935 2002 258 64 profitemur

523 2069 168 58 nos
619 2069 239 58 habere
786 2069 144 58 in
858 2069 263 58 dominum
1050 2069 263 58 nostrum
1241 2069 215 58 Iesum
1385 2069 311 58 Christum,
1624 2069 287 58 operibus
1840 2069 192 58 uere
1960 2069 215 58 bonis
2079 2069 120 58 ex

485 2113 308 70 primamus,

677 2220 91 76 De
722 2220 166 76 peccato
843 2220 76 76 &
873 2220 121 76 eius
949 2220 211 76 speciebus,
1115 2220 136 76 nempe
1205 2220 91 76 de
1251 2220 166 76 peccato
1372 2220 211 76 originali,
1538 2220 181 76 actuali,
1674 2220 76 76 &
1704 2220 91 76 de
1749 2220 166 76 peccato
1870 2220 91 76 in
1900 2220 151 76 spiritum

749 2276 230 81 sanctum,
921 2276 325 81 certissimaque
1189 2276 96 81 &
1227 2276 268 81 iustissima
1438 2276 268 81 peccatorum
1648 2276 191 81 poend.
1782 2276 172 81 SERMO
1877 2276 77 81 X.

730 2384 218 72 ESTAT
875 2384 290 72 ultimum,
1093 2384 194 72 quod
1214 2384 169 72 cum
1311 2384 194 72 lege
1432 2384 315 72 cohaerere
1674 2384 290 72 diximus,
1891 2384 315 72 Peccatum.
2109 2384 97 72 De

743 2444 147 65 quo
827 2444 126 65 ut
890 2444 274 65 legitime,
1101 2444 295 65 religiose,
1332 2444 295 65 orthodoxe,
1564 2444 105 65 &
1606 2444 189 65 multo
1732 2444 147 65 cum
1816 2444 210 65 fructu
1964 2444 231 65 omnium,
2111 2444 84 65 ue

730 2497 200 70 strum
863 2497 288 70 disserere
1085 2497 222 70 queam,
1240 2497 222 70 oremus
1395 2497 288 70 supplices
1595 2497 222 70 dominum,

814 2563 249 68 Peccatum
1001 2563 249 68 plerique
1188 2563 145 68 pro
1271 2563 208 68 errore
1417 2563 291 68 accipiunt,
1646 2563 145 68 quo
1729 2563 270 68 uidelicet
1937 2563 291 68 aberramus,

517 2623 145 59 non
600 2623 207 59 tantum
745 2623 103 59 a
786 2623 186 59 uero,
910 2623 207 59 aequo,
1055 2623 186 59 iusto
1179 2623 103 59 &
1220 2623 186 59 bono,
1344 2623 145 59 sed
1426 2623 186 59 etiam
1550 2623 248 59 sequimur
1736 2623 289 59 deteriora.
1964 2623 207 59 Latini
2088 2623 103 59 uo-

517 2683 236 59 cabulum
688 2683 150 59 hoc
774 2683 171 59 suum
881 2683 257 59 deriuant
1074 2683 107 59 a
1117 2683 300 59 pellicatu,
1352 2683 171 59 quod
1459 2683 214 59 uitium
1609 2683 150 59 est
1695 2683 321 59 corruptorum
1931 2683 257 59 fornicatio

528 2729 140 72 nis
608 2729 221 72 spiritu
769 2729 281 72 maritorum,
989 2729 341 72 praeferentium
1270 2729 241 72 pellices
1450 2729 261 72 legitimis
1651 2729 261 72 uxoribus.
1851 2729 120 72 Ac
1911 2729 160 72 mire
2012 2729 140 72 hoc
2072 2729 120 72 qui-

516 2785 149 70 dem
601 2785 213 70 nostro
750 2785 234 70 negotio
920 2785 234 70 seruit.
1090 2785 149 70 Nam
1175 2785 234 70 fideles
1346 2785 170 70 fide
1452 2785 255 70 copulati
1644 2785 192 70 sumus
1771 2785 149 70 deo
1856 2785 213 70 nostro
2005 2785 234 70 tanquam

525 2844 206 71 sponso,
675 2844 131 71 cui
750 2844 113 71 si
807 2844 281 71 praeferamus
1032 2844 169 71 alios
1144 2844 169 71 deos,
1257 2844 131 71 aut
1332 2844 131 71 his
1407 2844 244 71 seruiamus
1594 2844 188 71 etiam,
1725 2844 131 71 aut
1800 2844 113 71 si
1857 2844 169 71 ueris
1969 2844 169 71 bonis
2063 2844 131 71 prae-

529 2894 231 70 teritis
697 2894 252 70 sequamur
886 2894 294 70 umbratilia
1117 2894 189 70 bona,
1243 2894 189 70 uanas
1369 2894 189 70 spes,
1495 2894 105 70 &
1537 2894 189 70 mundi
1663 2894 315 70 perniciosas
1915 2894 315 70 uoluptates,

509 2957 256 85 peccamus
700 2957 234 85 reuera,
871 2957 256 85 Peccatum
1062 2957 192 85 autem
1190 2957 170 85 fere
1297 2957 106 85 a
1339 2957 234 85 delicto
1510 2957 362 85 discriminant.
1808 2957 256 85 Delictum
1999 2957 170 85 enim
2085 2957 106 85 ap
