2288 3632
521 311 350 104 confitentur.
806 311 131 104 Ea
871 311 153 104 est
959 311 241 104 hominum
1134 311 241 104 malitia
1309 311 372 104 abominabilis.
1615 311 175 104 Adam
1725 311 175 104 enim
1834 311 219 104 ueluti
1987 311 131 104 ex
2031 311 175 104 aduer-

524 386 126 88 so
587 386 295 88 responsans
818 386 168 88 deo,
924 386 252 88 criminis
1113 386 147 88 sui
1197 386 210 88 culpam
1344 386 147 88 non
1429 386 147 88 tan
1513 386 126 88 in
1576 386 210 88 uxorem
1723 386 168 88 sibi
1828 386 273 88 copulatam
2039 386 105 88 a
2081 386 168 88 deo,

532 443 163 95 quam
634 443 122 95 in
695 443 184 95 ipsum
817 443 163 95 deum
919 443 245 95 regerit,
1103 443 224 95 Mulier,
1266 443 224 95 inquit,
1430 443 163 95 illa
1532 443 163 95 quam
1634 443 122 95 tu
1695 443 224 95 dedisti
1858 443 163 95 mihi
1960 443 224 95 sociam,
2103 443 102 95 de-

526 502 147 79 dit
610 502 168 79 mihi
715 502 209 79 pomum,
861 502 105 79 &
903 502 230 79 comedi.
1071 502 189 79 Quasi
1196 502 272 79 dixisset,
1406 502 168 79 Nisi
1511 502 189 79 illam
1636 502 168 79 mihi
1741 502 356 79 coniunxisses,
2034 502 147 79 non
2097 502 105 79 pec

532 568 224 73 cassem.
695 568 122 73 At
756 568 143 73 non
837 568 305 73 coniunxerat
1081 568 122 73 ei
1142 568 244 73 coniugem
1326 568 224 73 dominus
1488 568 122 73 ut
1550 568 183 73 esset
1672 568 224 73 occasio
1835 568 183 73 mali,
1957 568 143 73 sed
2038 568 122 73 ut
2079 568 122 73 uiro

531 624 204 72 melius
673 624 204 72 esset.
816 624 183 72 Porro
938 624 204 72 mulier
1080 624 305 72 simpliciter
1325 624 183 72 malum
1447 624 224 72 imputat
1610 624 244 72 diabolo,
1793 624 224 72 dicens,
1956 624 224 72 Serpens
2098 624 102 72 se-

529 672 186 80 duxit
653 672 145 80 me,
736 672 103 80 &
778 672 228 80 comedi.
943 672 124 80 En
1005 672 166 80 haec
1109 672 166 80 sunt
1212 672 352 80 corruptissima
1502 672 145 80 nec
1584 672 145 80 non
1667 672 290 80 falsissima
1895 672 124 80 de
1957 672 228 80 origine
2102 672 103 80 pec

535 737 156 71 cati
633 737 235 71 iudicia,
809 737 176 71 impia
926 737 98 71 &
966 737 293 71 detestanda,
1200 737 195 71 quibus
1337 737 235 71 grauiter
1513 737 274 71 offenditur
1728 737 137 71 dei
1806 737 235 71 iustitia
1982 737 98 71 &
2002 737 195 71 ueritas.

545 787 148 76 Nam
629 787 127 76 ne
693 787 169 76 ipsa
799 787 212 76 quidem
947 787 212 76 natura
1095 787 233 76 hominis
1264 787 212 76 caussa
1412 787 148 76 est
1497 787 254 76 peccati.
1687 787 169 76 Deus
1793 787 169 76 enim
1899 787 148 76 qui
1983 787 212 76 omnia,
2110 787 85 76 ip

532 839 152 80 sam
619 839 196 80 etiam
750 839 239 80 naturam
924 839 239 80 hominis
1098 839 261 80 creauit,
1294 839 196 80 bonam
1424 839 218 80 omnino
1576 839 261 80 creauit,
1772 839 131 80 ac
1837 839 196 80 erant
1968 839 196 80 omnia
2077 839 131 80 quae

538 900 296 82 condiderat
771 900 190 82 ualde
897 900 190 82 bona.
1024 900 233 82 lccirco
1194 900 169 82 erat
1299 900 106 82 &
1342 900 233 82 hominis
1511 900 212 82 natura
1659 900 190 82 bona.
1786 900 296 82 Aduentitia
1997 900 212 82 qualitas

540 957 162 74 est,
641 957 162 74 quae
742 957 223 74 accidit
904 957 203 74 homini
1046 957 122 74 in
1107 957 182 74 lapsu
1229 957 142 74 aut
1310 957 162 74 post
1411 957 223 74 lapsum,
1573 957 142 74 non
1654 957 344 74 substantialis
1938 957 304 74 proprietas,

525 1013 147 80 mox
609 1013 126 80 ab
672 1013 210 80 initio
819 1013 189 80 talis
945 1013 210 80 qualis
1093 1013 168 80 nunc
1198 1013 147 80 est
1282 1013 231 80 indita.
1450 1013 168 80 Nunc
1555 1013 210 80 quidem
1702 1013 147 80 cum
1786 1013 126 80 in
1850 1013 231 80 peccato
2018 1013 105 80 a
2039 1013 168 80 pecca-

527 1060 241 93 toribus
702 1060 284 93 nascimur,
921 1060 263 93 peccatum
1118 1060 284 93 naturalis
1337 1060 153 93 est
1424 1060 241 93 hominum
1599 1060 328 93 proprietas.
1862 1060 241 93 Scribit
2037 1060 175 93 enim
2124 1060 88 93 S.

533 1117 298 85 Augustinus
767 1117 128 85 de
831 1117 170 85 fide
937 1117 213 85 contra
1086 1117 298 85 Manichaeos
1320 1117 170 85 cap.
1426 1117 128 85 9.
1490 1117 149 85 Sed
1575 1117 170 85 etsi
1681 1117 170 85 quos
1788 1117 319 85 naturaliter
2022 1117 191 85 dicimus

538 1177 206 79 malos,
683 1177 226 79 propter
847 1177 247 79 originem
1033 1177 226 79 ueteris
1197 1177 226 79 peccati
1362 1177 247 79 dicimus,
1547 1177 124 79 in
1609 1177 144 79 quo
1691 1177 165 79 tota
1794 1177 144 79 iam
1877 1177 206 79 nostra
2000 1177 206 79 mortali-

534 1240 150 72 tas
619 1240 279 72 nascitur.
834 1240 193 72 Atqui
963 1240 279 72 requirunt
1178 1240 172 72 haec
1285 1240 365 72 diligentiorem
1585 1240 107 72 &
1628 1240 322 72 copiosiorem
1865 1240 343 72 declarationem,

607 1285 266 90 Diabolum
806 1285 155 90 non
895 1285 177 90 unum
1006 1285 177 90 esse
1117 1285 244 90 peccati
1294 1285 288 90 authorem,
1516 1285 155 90 qui
1604 1285 200 90 nobis
1737 1285 222 90 quidem
1893 1285 355 90 peccantibus,

545 1342 166 93 ipse
649 1342 228 93 peccati
815 1342 208 93 culpam
960 1342 270 93 sustineat
1168 1342 208 93 solus,
1313 1342 145 93 nos
1396 1342 228 93 immunes
1562 1342 187 93 simus
1687 1342 104 93 a
1729 1342 249 93 crimine,
1915 1342 125 93 id
1978 1342 208 93 maxime
2102 1342 104 93 de-

536 1415 234 62 clarat,
706 1415 170 62 quod
812 1415 170 62 ille
918 1415 212 62 homini
1067 1415 234 62 suadere
1236 1415 106 62 &
1279 1415 191 62 malum
1406 1415 255 62 ingerere
1597 1415 234 62 potest,
1767 1415 212 62 cogere
1916 1415 191 62 autem
2043 1415 149 62 non
2107 1415 106 62 po-

541 1459 190 86 test.
668 1459 169 86 Deus
773 1459 169 86 enim
879 1459 148 86 suo
963 1459 253 86 diabolum
1153 1459 232 86 imperio
1322 1459 232 86 premit,
1491 1459 127 86 ut
1554 1459 148 86 non
1638 1459 211 86 possit
1786 1459 169 86 quod
1891 1459 211 86 uelit.
2039 1459 148 86 Sed
2102 1459 106 86 hoc

544 1517 242 79 tantum,
720 1517 176 79 quod
830 1517 110 79 &
874 1517 242 79 quantum
1050 1517 176 79 deus
1160 1517 308 79 permittit:
1401 1517 154 79 imo
1489 1517 132 79 ne
1555 1517 132 79 in
1621 1517 330 79 foedissimos
1885 1517 242 79 quosque
2039 1517 176 79 porcos

544 1566 270 82 imperium
746 1566 225 82 habet,
903 1566 202 82 nedum
1038 1566 135 82 in
1105 1566 359 82 nobilissimas
1397 1566 247 82 hominum
1577 1566 247 82 animas.
1757 1566 202 82 Habet
1891 1566 180 82 sane
1981 1566 225 82 suadendi

532 1626 252 76 astutiam
721 1626 105 76 &
763 1626 231 76 maximas
930 1626 210 76 uires:
1077 1626 126 76 at
1140 1626 231 76 fortior
1308 1626 147 76 est
1391 1626 189 76 deus,
1517 1626 147 76 qui
1601 1626 105 76 &
1643 1626 168 76 ipse
1748 1626 231 76 nunquam
1916 1626 210 76 cessat
2041 1626 168 76 homini

537 1681 272 83 suggerere
746 1681 209 83 bonum.
892 1681 146 83 Nec
976 1681 167 83 plus
1080 1681 272 83 permittit
1289 1681 272 83 sathanae,
1498 1681 167 83 quam
1602 1681 209 83 prosit
1749 1681 230 83 homini.
1916 1681 125 83 Id
1978 1681 209 83 uidere
2104 1681 104 83 li-

537 1731 137 80 cet
616 1731 117 80 in
674 1731 215 80 exemplo
831 1731 293 80 sanctissimi
1065 1731 156 80 uiri
1163 1731 156 80 lob:
1260 1731 215 80 denique
1417 1731 117 80 in
1475 1731 215 80 exemplo
1632 1731 176 80 Pauli
1749 1731 117 80 2.
1808 1731 156 80 Cor.
1905 1731 137 80 12.
1984 1731 98 80 &
2023 1731 117 80 in
2062 1731 156 80 uerbis

541 1785 211 81 eiusdem
694 1785 249 81 dicentis,
885 1785 211 81 Fidelis
1038 1785 134 81 est
1115 1785 172 81 deus,
1230 1785 134 81 qui
1306 1785 134 81 non
1383 1785 172 81 sinet
1498 1785 134 81 uos
1574 1785 211 81 tentari
1728 1785 172 81 supra
1842 1785 115 81 id
1900 1785 153 81 quod
1995 1785 249 81 potestis,

542 1845 175 85 Ergo
652 1845 175 85 uani
761 1845 175 85 sunt
871 1845 153 85 qui
958 1845 219 85 culpam
1112 1845 263 85 scelerum
1309 1845 131 85 in
1375 1845 241 85 humeros
1550 1845 285 85 exonerant
1747 1845 219 85 diaboli.

608 1912 186 76 Porro
732 1912 124 76 si
794 1912 186 76 reges
918 1912 186 76 illos
1042 1912 144 76 qui
1124 1912 186 76 fatum
1248 1912 248 76 peccatis
1434 1912 289 76 obtendunt,
1661 1912 165 76 quid
1764 1912 144 76 sit
1847 1912 186 76 fatum
1970 1912 103 76 ?
1991 1912 227 76 responde-

539 1974 189 72 bunt,
665 1974 147 72 uel
749 1974 210 72 seriem
896 1974 252 72 connexam
1086 1974 147 72 per
1170 1974 336 72 aeternitatem
1443 1974 126 72 se
1506 1974 231 72 inuicem
1674 1974 273 72 tenentem,
1885 1974 126 72 ac
1948 1974 231 72 catenam
2095 1974 126 72 quan

537 2014 159 89 dam
628 2014 113 89 &
673 2014 363 89 necessitatem
968 2014 295 89 perpetuam
1195 2014 340 89 consiliorum
1467 2014 295 89 operumque
1694 2014 272 89 secundum
1898 2014 272 89 consilia
2080 2014 136 89 dei:

546 2062 136 92 uel
623 2062 175 92 ipsas
740 2062 214 92 stellas
896 2062 194 92 malas.
1032 2062 117 92 Si
1090 2062 175 92 roges
1207 2062 194 92 iterum
1343 2062 156 92 quis
1440 2062 214 92 fecerit
1596 2062 233 92 stellas?
1771 2062 136 92 non
1849 2062 194 92 habent
1985 2062 156 92 quod
2062 2062 156 92 respon

538 2122 211 85 deant,
685 2122 169 85 nisi
791 2122 190 85 Deus:
917 2122 211 85 restat
1065 2122 169 85 ergo
1170 2122 126 85 ut
1233 2122 148 85 deo
1318 2122 211 85 rursum
1465 2122 190 85 malum
1592 2122 169 85 suum
1697 2122 295 85 impingant.
1929 2122 126 85 At
1992 2122 190 85 fatum
2098 2122 126 85 tale

533 2183 150 89 non
618 2183 321 89 asseruerunt
875 2183 150 89 uel
961 2183 257 89 saniores
1153 2183 300 89 philosophi
1389 2183 214 89 omnes,
1538 2183 193 89 nedum
1667 2183 321 89 Christiani.
1923 2183 278 89 Praeterea
2116 2183 107 89 qui

543 2231 118 91 ex
602 2231 236 91 nostris,
780 2231 118 91 id
839 2231 138 91 est
918 2231 118 91 ex
977 2231 158 91 ijs,
1075 2231 138 91 qui
1154 2231 276 91 Christiani
1371 2231 197 91 uideri
1509 2231 256 91 uolebant,
1706 2231 177 91 fatum
1824 2231 138 91 seu
1883 2231 335 91 constellationem

534 2293 328 89 asseruerunt,
801 2293 267 89 huiusmodi
1007 2293 246 89 fuerunt,
1191 2293 123 89 ut
1253 2293 205 89 pigeat
1397 2293 267 89 authorum.
1602 2293 287 89 Bardesanes
1828 2293 164 89 fato
1931 2293 267 89 ascripsit
2115 2293 103 89 con

541 2345 311 93 uersationes
790 2345 249 93 hominum.
977 2345 415 93 Priscillianistae
1329 2345 187 93 uero,
1454 2345 124 93 in
1516 2345 249 93 Toletano
1703 2345 249 93 concilio
1889 2345 187 93 primo
2014 2345 249 93 damnati,

543 2401 287 84 docuerunt
763 2401 242 84 hominem
940 2401 242 84 stellis
1116 2401 287 84 fatalibus
1336 2401 309 84 alligatum,
1579 2401 198 84 ipsum
1711 2401 220 84 corpus
1865 2401 220 84 habere
1998 2401 220 84 secundum

539 2459 252 78 duodecim
728 2459 189 78 signa
854 2459 189 78 coeli
981 2459 315 78 compositum,
1233 2459 357 78 constituentes
1527 2459 231 78 arietem
1695 2459 126 78 in
1758 2459 231 78 capite,
1927 2459 210 78 taurum
2074 2459 126 78 in
2116 2459 105 78 cer

544 2512 168 90 uice
649 2512 105 90 :
691 2512 105 90 &
733 2512 147 90 sic
817 2512 357 90 consequenter.
1111 2512 126 90 S.
1174 2512 294 90 Augustinus
1405 2512 126 90 in
1468 2512 252 90 opusculo
1657 2512 273 90 Octoginta
1867 2512 189 90 trium
1993 2512 273 90 quaestio

545 2581 157 71 num,
643 2581 216 71 quaest.
800 2581 137 71 45.
879 2581 235 71 grauiter
1055 2581 255 71 confutans
1251 2581 176 71 fatum
1368 2581 274 71 stellarum,
1584 2581 176 71 inter
1702 2581 176 71 alia,
1819 2581 274 71 Conceptus,
2035 2581 216 71 inquit,

543 2627 303 108 geminorum,
782 2627 238 108 quoniam
955 2627 152 108 uno
1041 2627 282 108 concubitu
1258 2627 303 108 efficitur,
1496 2627 368 108 attestantibus
1800 2627 260 108 Medicis,
1994 2627 217 108 quorum
2124 2627 87 108 di

538 2685 238 86 sciplina
716 2685 178 86 multo
835 2685 139 86 est
914 2685 218 86 certior
1073 2685 178 86 atque
1192 2685 297 86 manifestior
1429 2685 277 86 disciplina
1647 2685 337 86 astrologorum,
1924 2685 139 86 tam
2003 2685 178 86 paruo
2102 2685 119 86 pun-

539 2746 152 73 cto
626 2746 260 73 temporis
821 2746 304 73 contingit,
1060 2746 130 73 ut
1125 2746 130 73 in
1190 2746 173 73 duas
1298 2746 239 73 minutas
1472 2746 282 73 minutarum
1689 2746 152 73 non
1775 2746 282 73 tendatur.
1992 2746 173 73 Vnde
2079 2746 130 73 ergo

540 2794 134 87 in
607 2794 245 87 geminis
785 2794 201 87 tanta
919 2794 312 87 diuersitas
1164 2794 268 87 actionum
1365 2794 111 87 &
1409 2794 268 87 euentuum
1610 2794 111 87 &
1655 2794 334 87 uoluntatum,
1922 2794 178 87 quos
2011 2794 201 87 necesse

541 2858 158 79 est
632 2858 226 79 eandem
790 2858 429 79 constellationem
1152 2858 407 79 conceptionalem
1491 2858 249 79 habere,
1672 2858 113 79 &
1717 2858 249 79 amborum
1898 2858 181 79 unam
1988 2858 226 79 constel-

531 2907 273 88 lationem
736 2907 182 88 dare
850 2907 364 88 mathematicos
1146 2907 250 88 tanquam
1328 2907 205 88 unius
1464 2907 273 88 hominis?
1669 2907 159 88 His
1760 2907 137 88 S.
1828 2907 296 88 Augustini
2033 2907 182 88 uerbis

533 2963 153 90 lux
621 2963 241 90 quaedam
796 2963 306 90 affulgebit
1036 2963 131 90 si
1102 2963 306 90 adhibueris
1343 2963 263 90 exemplum
1540 2963 175 90 Esau
1649 2963 109 90 &
1693 2963 241 90 Iacobi.
1868 2963 175 90 Idem
1955 2963 263 90 Augustinus
