2288 3632
497 255 262 109 ostendit
694 255 240 109 tanquam
868 255 262 109 symbolum
1065 255 197 109 eius,
1196 255 175 109 quod
1305 255 175 109 lege
1414 255 175 109 lata
1524 255 328 109 iniunxerat,
1786 255 197 109 nempe
1895 255 262 109 obediendum

496 329 165 89 esse
600 329 207 89 domino
744 329 186 89 soli,
868 329 207 89 utpote
1013 329 248 89 sapienti
1199 329 103 89 &
1240 329 269 89 benefico,
1447 329 227 89 optimo,
1612 329 207 89 maximo
1757 329 145 89 deo
1839 329 103 89 &
1881 329 248 89 creatori
2046 329 124 89 suo.

496 384 119 83 Ac
556 384 159 83 quid
655 384 139 83 oro
735 384 119 83 in
794 384 139 83 his
874 384 159 83 erat
974 384 338 83 difficultatis
1252 384 139 83 aut
1332 384 338 83 obscuritatis?
1610 384 239 83 Nobiscum
1789 384 199 83 sentit
1928 384 119 83 S.
1968 384 199 83 Augusti-

491 446 145 76 nus
574 446 145 76 qui
657 446 187 76 libro
782 446 125 76 de
844 446 208 76 natura
990 446 166 76 boni
1093 446 249 76 aduersus
1280 446 291 76 Manichaeos
1509 446 166 76 cap.
1612 446 145 76 35.
1695 446 125 76 Ad
1758 446 166 76 hoc,
1862 446 228 76 inquit,
2007 446 166 76 prohi-

511 498 217 86 buerat,
669 498 118 86 ut
728 498 276 86 ostenderet
946 498 217 86 naturam
1104 498 197 86 animae
1242 498 296 86 rationalis,
1479 498 138 86 non
1558 498 118 86 in
1617 498 138 86 sua
1696 498 276 86 potestate,
1913 498 138 86 sed
1992 498 138 86 deo
2052 498 118 86 sub-

500 561 181 78 ditam
620 561 161 78 esse
721 561 221 78 debere,
881 561 100 78 &
921 561 221 78 ordinem
1082 561 161 78 suae
1182 561 221 78 salutis
1343 561 141 78 per
1423 561 301 78 obedientiam
1664 561 281 78 custodire,
1885 561 141 78 per
1945 561 221 78 inobedien

501 622 173 81 tiam
609 622 324 81 corrumpere.
868 622 173 81 Hinc
976 622 108 81 &
1019 622 237 81 arborem
1192 622 173 81 quam
1300 622 194 81 tangi
1429 622 237 81 uetuit,
1602 622 151 81 sic
1688 622 302 81 appellauit
1904 622 259 81 dignoscen-

500 671 165 81 tiae
604 671 165 81 boni
707 671 103 81 &
748 671 186 81 mali:
872 671 144 81 qui
954 671 144 81 cum
1037 671 144 81 eam
1119 671 206 81 contra
1264 671 227 81 uetitum
1429 671 310 81 tetigisset,
1677 671 310 81 experiretur
1924 671 206 81 poenam
2048 671 124 81 pec-

500 732 182 69 cati,
621 732 101 69 &
662 732 121 69 eo
722 732 162 69 modo
823 732 324 69 dignosceret,
1086 732 162 69 quid
1187 732 283 69 interesset
1410 732 182 69 inter
1531 732 303 69 obedientiae
1774 732 202 69 bonum,
1915 732 101 69 &
1956 732 182 69 inter
2057 732 101 69 ino

501 778 290 87 bedientiae
729 778 207 87 malum.
875 778 145 87 lam
958 778 166 87 uero
1061 778 145 87 cum
1144 778 270 87 subrepsit
1352 778 249 87 serpens,
1539 778 104 87 &
1580 778 207 87 homini
1725 778 187 87 alias
1850 778 207 87 formas
1995 778 166 87 boni
2099 778 104 87 &

506 835 161 76 mali
606 835 281 76 suggessit,
827 835 161 76 legi
928 835 141 76 dei
1008 835 121 76 ex
1068 835 241 76 diametro
1249 835 301 76 contrarias,
1490 835 161 76 homo
1591 835 181 76 autem
1711 835 141 76 eas
1791 835 241 76 recepit,
1972 835 221 76 perfide
2113 835 60 76 a

502 907 139 68 deo
582 907 239 68 defecit,
761 907 139 68 sua
840 907 179 68 certe
960 907 179 68 culpa
1079 907 278 68 inobediens
1298 907 259 68 interijt.
1497 907 159 68 Vnde
1596 907 179 68 iuste
1715 907 159 68 egit
1815 907 159 68 deus
1914 907 199 68 ubique
2054 907 99 68 &
2074 907 99 68 sem

515 947 161 94 per,
615 947 341 94 iniustissimus
896 947 221 94 apparet
1057 947 161 94 homo
1157 947 100 94 &
1197 947 341 94 ingratissimus
1478 947 241 94 utcunque
1659 947 140 94 rem
1719 947 241 94 aestimes.,

589 1001 258 81 Caeterum
782 1001 150 81 cum
868 1001 236 81 labilem
1039 1001 236 81 dicimus
1211 1001 258 81 conditum
1404 1001 258 81 hominem,
1597 1001 129 81 id
1662 1001 150 81 non
1748 1001 150 81 ita
1834 1001 279 81 intelligi
2027 1001 150 81 uolu-

506 1067 160 74 mus,
606 1067 180 74 quasi
726 1067 140 74 uel
805 1067 260 74 tantillum
1005 1067 319 74 infirmitatis
1265 1067 120 74 in
1325 1067 180 74 primo
1444 1067 160 74 illo
1544 1067 200 74 homine
1684 1067 160 74 ante
1784 1067 200 74 lapsum
1923 1067 200 74 fuisse
2043 1067 120 74 exi-

515 1115 275 84 stimemus.
727 1115 148 84 Nam
811 1115 127 84 ut
875 1115 191 84 modis
1002 1115 233 84 omnibus
1171 1115 402 84 absolutissimus,
1510 1115 148 84 sic
1595 1115 191 84 nullo
1722 1115 169 84 modo
1828 1115 127 84 ut
1892 1115 254 84 peccaret
2061 1115 106 84 aut

515 1188 251 67 interiret
707 1188 212 67 creatus
862 1188 173 67 fuit.
977 1188 135 67 Nam
1054 1188 154 67 deus
1151 1188 135 67 qui
1228 1188 154 67 unus
1324 1188 135 67 est
1401 1188 289 67 substantia,
1632 1188 193 67 trinus
1767 1188 251 67 personis,
1960 1188 193 67 dixit,
2076 1188 96 67 Fa-

509 1242 216 66 ciemus
661 1242 238 66 hominem
834 1242 130 66 in
899 1242 238 66 imagine
1072 1242 238 66 nostra,
1245 1242 260 66 secundum
1440 1242 368 66 similitudinem
1742 1242 260 66 nostram.
1937 1242 151 66 Est
2024 1242 195 66 autem

510 1285 215 86 aelaem
661 1285 258 86 effigies
855 1285 108 86 &
898 1285 323 86 imitamentum
1156 1285 280 86 alterius.
1371 1285 215 86 Demuth
1522 1285 172 86 uero
1629 1285 151 86 est
1715 1285 194 86 ipsum
1844 1285 258 86 exemplar
2038 1285 108 86 a
2059 1285 108 86 quo

515 1339 246 84 effigies
699 1339 307 84 deformatur.
944 1339 225 84 Proinde
1108 1339 143 84 est
1190 1339 123 84 in
1252 1339 164 84 ipso
1354 1339 143 84 deo
1436 1339 266 84 exemplar,
1641 1339 123 84 ad
1702 1339 184 84 cuius
1825 1339 307 84 imitationem
2050 1339 123 84 for-

508 1405 183 71 matur
630 1405 244 71 effigies
813 1405 143 71 uel
895 1405 306 71 similitudo.
1139 1405 183 71 Porro
1261 1405 204 71 nequit
1404 1405 163 71 haec
1506 1405 163 71 esse
1608 1405 183 71 ipsum
1730 1405 224 71 corpus.
1893 1405 143 71 Nam
1974 1405 163 71 deus
2056 1405 122 71 spi-

506 1452 172 85 ritus
621 1452 153 85 est,
717 1452 306 85 alienissimus
965 1452 96 85 a
1004 1452 192 85 natura
1138 1452 172 85 luti:
1253 1452 211 85 necesse
1406 1452 134 85 est
1483 1452 153 85 ergo
1578 1452 230 85 imaginem
1751 1452 134 85 dei
1827 1452 211 85 referre
1980 1452 115 85 ad
2019 1452 153 85 spiri-

503 1504 222 87 tualia,
664 1504 222 87 nimirum
826 1504 121 87 ad
886 1504 383 87 immortalitatem,
1209 1504 283 87 ueritatem,
1431 1504 283 87 iustitiam,
1653 1504 101 87 &
1694 1504 343 87 sanctimoniam.
1976 1504 141 87 Ita
2057 1504 161 87 enim

511 1562 255 81 scriptum
702 1562 255 81 reliquit
893 1562 319 81 beatissimus
1149 1562 276 81 apostolus
1361 1562 234 81 Paulus,
1531 1562 298 81 Renouamini
1765 1562 234 81 spiritu
1935 1562 234 81 mentis,
2105 1562 106 81 &

513 1618 233 81 induite
682 1618 191 81 nouum
809 1618 254 81 hominem,
1000 1618 148 81 qui
1084 1618 191 81 iuxta
1211 1618 169 81 deum
1317 1618 254 81 conditus
1508 1618 148 81 est
1592 1618 127 81 in
1656 1618 254 81 iustitia
1846 1618 106 81 &
1889 1618 296 81 sanctitate
2100 1618 85 81 ue

503 1672 246 89 ritatis.
687 1672 225 89 Proinde
851 1672 184 89 nihil
974 1672 123 89 ad
1035 1672 369 89 absolutissimam
1342 1672 328 89 perfectionem
1609 1672 184 89 primo
1731 1672 205 89 defuit
1875 1672 225 89 homini:
2039 1672 123 89 ut
2080 1672 102 89 sic

514 1734 147 82 uel
598 1734 189 82 caeco
724 1734 274 82 appareat,
935 1734 232 82 hominem
1103 1734 147 82 non
1188 1734 126 82 ad
1251 1734 211 82 mortem
1398 1734 105 82 &
1440 1734 274 82 interitum
1651 1734 168 82 esse
1756 1734 253 82 creatum,
1945 1734 147 82 sed
2030 1734 126 82 ad
2072 1734 105 82 ui-

508 1792 148 76 tam
593 1792 106 76 &
635 1792 339 76 beatitudinem
910 1792 148 76 seu
995 1792 318 76 felicitatem
1249 1792 233 76 plenam.

617 1846 205 78 Verum,
761 1846 267 78 inquiunt,
966 1846 287 78 praesciuit
1192 1846 164 78 deus
1294 1846 205 78 lapsum
1438 1846 246 78 hominis,
1622 1846 164 78 quem
1725 1846 123 78 si
1786 1846 287 78 uoluisset,
1991 1846 185 78 impedi-

516 1913 126 64 re
579 1913 294 64 potuisset:
810 1913 147 64 iam
894 1913 147 64 cum
977 1913 147 64 non
1061 1913 294 64 impediuit,
1292 1913 147 64 dei
1376 1913 189 64 culpa
1502 1913 168 64 Adam
1607 1913 273 64 peccauit.
1816 1913 231 64 Egregia
1984 1913 168 64 uero
2068 1913 105 64 cen

512 1971 217 66 sebitur
670 1971 296 66 disputatio,
907 1971 119 66 si
967 1971 138 66 dei
1046 1971 198 66 timore
1184 1971 217 66 posito,
1342 1971 257 66 quaelibet
1540 1971 119 66 in
1599 1971 198 66 buccam
1737 1971 277 66 uenientia,
1955 1971 198 66 contra
2073 1971 99 66 ma-

514 2012 249 76 iestatem
701 2012 145 76 dei
784 2012 228 76 expuere
950 2012 208 76 licet,
1096 2012 145 76 Rei
1179 2012 208 76 ponsum
1324 2012 145 76 est
1407 2012 145 76 mox
1490 2012 125 76 ab
1552 2012 208 76 initio
1698 2012 187 76 huius
1822 2012 353 76 disputationis
2092 2012 83 76 ad

508 2079 158 69 hanc
607 2079 316 69 obiectionem,
863 2079 257 69 Praeterea
1061 2079 138 69 non
1140 2079 237 69 sequitur
1317 2079 118 69 ex
1377 2079 316 69 praescientia
1633 2079 138 69 dei
1712 2079 158 69 ulla
1811 2079 296 69 necessitas,
2048 2079 118 69 ut
2087 2079 79 69 ne

515 2136 267 62 cessitate
720 2136 246 62 peccarit
904 2136 185 62 Adam,
1027 2136 164 62 quod
1130 2136 185 62 ipsum
1253 2136 287 62 peccaturum
1478 2136 287 62 praesciuit
1704 2136 185 62 deus.
1827 2136 246 62 Praescit
1991 2136 185 62 prudens

511 2179 229 77 aliquis
678 2179 188 77 pater
803 2179 125 77 ex
866 2179 208 77 signis
1012 2179 229 77 aliquot
1178 2179 271 77 funestis,
1387 2179 271 77 aliquando
1595 2179 208 77 filium
1741 2179 167 77 suum
1845 2179 292 77 perimendum
2054 2179 125 77 gla-

511 2233 167 74 dio.
615 2233 146 74 Neo
699 2233 209 74 fallit
845 2233 355 74 praescientia.
1137 2233 292 74 Confoditur
1367 2233 167 74 enim
1471 2233 230 74 propter
1638 2233 376 74 fornicationem.
1951 2233 188 74 Atqui
2077 2233 146 74 non

502 2306 167 57 ideo
606 2306 271 57 confossus
815 2306 271 57 creditur,
1024 2306 167 57 quia
1128 2306 188 57 pater
1253 2306 188 57 ipsum
1378 2306 250 57 prenouit
1566 2306 313 57 perimendum:
1816 2306 146 57 sed
1900 2306 167 57 quia
1983 2306 188 57 adulter

509 2345 177 88 fuit.
627 2345 216 88 Ideoque
784 2345 118 88 S.
843 2345 275 88 Ambrosius,
1059 2345 157 88 siue
1157 2345 236 88 quisquis
1334 2345 196 88 tandem
1471 2345 118 88 is
1530 2345 196 88 author
1668 2345 196 88 fuerit
1805 2345 98 88 2
1844 2345 157 88 lib.
1942 2345 118 88 de
2001 2345 216 88 Gentium

509 2405 261 75 uocatione
709 2405 160 75 cap.
810 2405 120 75 4.
870 2405 120 75 de
930 2405 281 75 parricidio
1151 2405 180 75 Caini
1271 2405 241 75 loquens,
1451 2405 200 75 Vtique
1592 2405 301 75 praesciebat
1832 2405 180 75 deus,
1952 2405 221 75 inquit,
2093 2405 80 75 ad

507 2462 165 73 quem
611 2462 186 73 finem
734 2462 330 73 progressurus
1003 2462 186 73 esset
1126 2462 186 73 furor
1250 2462 330 73 insanientis.
1519 2462 186 73 Neque
1642 2462 124 73 ex
1704 2462 124 73 eo
1766 2462 165 73 quod
1869 2462 186 73 salli
1973 2462 206 73 scientia

516 2525 214 64 diuina
665 2525 149 64 non
751 2525 256 64 poterat,
943 2525 320 64 necessitate
1199 2525 256 64 peccandi
1391 2525 278 64 urgebatur
1605 2525 235 64 facinus
1775 2525 320 64 uoluntatis,
2032 2525 149 64 &c.
2096 2525 85 64 Et

508 2585 275 63 Augustinus
724 2585 176 63 libro
842 2585 118 63 de
901 2585 196 63 libero
1038 2585 255 63 arbitrio,
1234 2585 157 63 lib.
1332 2585 118 63 3.
1391 2585 157 63 cap.
1489 2585 118 63 4.
1548 2585 176 63 Sicut
1665 2585 118 63 tu
1724 2585 216 63 memoria
1881 2585 137 63 tua
1959 2585 137 63 non
2038 2585 176 63 cogis

503 2631 172 68 facta
618 2631 172 68 esse,
732 2631 153 68 ait,
828 2631 153 68 quae
924 2631 344 68 praeterierunt,
1211 2631 134 68 sic
1287 2631 153 68 deus
1383 2631 306 68 praescientia
1631 2631 134 68 sua
1708 2631 134 68 non
1784 2631 172 68 cogit
1899 2631 230 68 facienda
2052 2631 115 68 quae

514 2681 200 76 futura
654 2681 160 76 sunt
754 2681 120 76 Et
814 2681 180 76 sicut
934 2681 120 76 tu
994 2681 220 76 quaedam
1154 2681 160 76 quae
1254 2681 240 76 fecisti,
1433 2681 260 76 meministi
1633 2681 100 76 :
1673 2681 140 76 nec
1753 2681 180 76 tamen
1873 2681 160 76 quae
1953 2681 220 76 meministi

504 2742 188 76 omnia
629 2742 251 76 fecisti:
818 2742 146 76 ita
901 2742 167 76 deus
1006 2742 188 76 omnia
1131 2742 209 76 quorum
1277 2742 167 76 ipse
1382 2742 209 76 author
1528 2742 146 76 est
1612 2742 272 76 praescit,
1821 2742 146 76 nec
1904 2742 188 76 tamen
2009 2742 167 76 omnium

508 2811 158 60 quae
607 2811 237 60 praescit
785 2811 158 60 ipse
883 2811 197 60 author
1021 2811 158 60 est.
1120 2811 197 60 Quorum
1258 2811 178 60 autem
1377 2811 138 60 non
1456 2811 138 60 est
1534 2811 178 60 malus
1653 2811 217 60 author,
1811 2811 197 60 iustus
1949 2811 138 60 est
2008 2811 158 60 ultor.

498 2860 123 78 Et
540 2860 205 78 reliqua.

582 2897 253 93 Proximae
771 2897 295 93 obiectioni
1003 2897 232 93 cognata
1171 2897 147 93 est
1256 2897 253 93 sequens.
1445 2897 168 93 Deus
1550 2897 126 93 ab
1614 2897 232 93 eterno,
1782 2897 274 93 inquiunt,
1971 2897 211 93 decreuit
