2288 3632
489 248 282 109 grediuntur
710 248 121 109 in
771 248 201 109 regnum
912 248 262 109 coelorum,
1113 248 161 109 nisi
1214 248 201 109 renati
1355 248 101 109 e
1395 248 201 109 coelo,
1536 248 141 109 per
1617 248 242 109 spiritum
1798 248 242 109 sanctum:
1980 248 161 109 ergo
2060 248 121 109 pri-

492 330 126 73 ma
555 330 274 73 natiuitas
766 330 126 73 ad
829 330 232 73 mortem,
998 330 190 73 nihil
1124 330 126 73 ad
1187 330 190 73 uitam
1314 330 211 73 facit.
1461 330 190 73 Prima
1588 330 169 73 enim
1693 330 295 73 natiuitate
1925 330 253 73 nascimur
2094 330 84 73 ad

490 388 229 73 mortem.
657 388 291 73 Posterius,
885 388 166 73 Caro
989 388 146 73 est
1073 388 166 73 quod
1177 388 125 73 ex
1239 388 187 73 carne
1364 388 270 73 gignitur:
1572 388 166 73 ergo
1676 388 187 73 prima
1801 388 291 73 natiuitate
2009 388 166 73 nostra

493 451 200 62 omnes
626 451 178 62 caro
737 451 289 62 nascimur.
959 451 133 62 De
1026 451 222 62 Carnis
1181 451 178 62 uero
1292 451 244 62 ingenio
1470 451 111 62 &
1515 451 244 62 uiribus
1692 451 178 62 eius
1803 451 311 62 apostolus,
2026 451 155 62 Affe-

506 495 162 80 ctus
607 495 223 80 carnis,
769 495 223 80 inquit,
932 495 284 80 inimicitia
1155 495 142 80 est
1236 495 243 80 aduersus
1418 495 183 80 deum.
1540 495 142 80 Nam
1621 495 162 80 legi
1723 495 142 80 dei
1804 495 142 80 non
1885 495 264 80 subditur:
2068 495 101 80 imo

492 562 120 66 ne
552 562 200 66 potest
692 562 220 66 quidem.
852 562 220 66 Proinde
1012 562 240 66 carnalis
1192 562 160 66 illa
1292 562 260 66 natiuitas
1493 562 220 66 generat
1653 562 140 66 nos
1733 562 140 66 non
1813 562 200 66 amicos
1953 562 100 66 &
1993 562 220 66 filios,

491 610 126 65 sed
563 610 180 65 hostes
689 610 144 65 dei:
779 610 180 65 iraque
904 610 90 65 &
940 610 144 65 reos
1030 610 144 65 irae
1102 610 108 65 dei.

583 662 192 74 Paulus
717 662 115 74 ad
775 662 192 74 Ephes.
910 662 115 74 2.
967 662 154 74 cap.
1064 662 212 74 Eramus,
1217 662 212 74 inquit,
1371 662 192 74 natura
1506 662 173 74 filij
1621 662 173 74 ires,
1737 662 173 74 sicut
1852 662 96 74 &
1891 662 212 74 ceteri.
2025 662 154 74 Quibus

496 738 213 61 uerbis
645 738 298 61 pronunciat
879 738 277 61 uniuersos
1093 738 171 61 esse
1199 738 277 61 perditos.
1412 738 149 61 Nam
1498 738 256 61 perditos
1690 738 171 61 siue
1796 738 192 61 morte
1924 738 235 61 aeterna
2073 738 107 61 di-

507 787 183 76 gnos,
629 787 102 76 &
670 787 204 76 omnino
812 787 183 76 tales
935 787 204 76 quibus
1077 787 204 76 merito
1220 787 265 76 irascatur
1424 787 183 76 deus,
1546 787 245 76 appellat
1730 787 204 76 filios
1872 787 163 76 irae
1954 787 224 76 idiotismo

495 841 280 59 Hebraico.
711 841 301 59 Significat
947 841 172 59 enim
1055 841 151 59 ira
1141 841 151 59 dei
1227 841 258 59 iudicium
1421 841 108 59 &
1464 841 301 59 supplicium
1701 841 172 59 quod
1808 841 258 59 infertur
1980 841 194 59 homini-

501 885 136 85 bus
578 885 175 85 iusto
695 885 136 85 dei
772 885 233 85 iudicio.
947 885 116 85 Et
1005 885 194 85 filius
1141 885 194 85 mortis
1277 885 233 85 dicitur,
1451 885 136 85 qui
1529 885 175 85 morti
1645 885 291 85 adiudicatus
1878 885 136 85 seu
1936 885 233 85 destinatus

501 950 157 64 est.
599 950 137 64 Sic
678 950 196 64 filius
815 950 313 64 perditionis,
1069 950 137 64 &c.
1148 950 215 64 Obserua
1304 950 176 64 autem
1422 950 157 64 quod
1520 950 137 64 nos
1598 950 176 64 omnes
1716 950 235 64 nuncupat
1892 950 196 64 filios
2029 950 176 64 irae,

501 1002 123 74 id
562 1002 143 74 est
644 1002 204 74 poenae
786 1002 143 74 aut
868 1002 286 74 damnationi
1093 1002 265 74 obnoxios,
1297 1002 204 74 natura
1440 1002 245 74 nimirum,
1624 1002 123 74 ab
1685 1002 163 74 ipsa
1787 1002 286 74 natiuitate
2012 1002 123 74 ex
2052 1002 123 74 ute-

499 1062 120 70 ro
559 1062 221 70 matris.
720 1062 160 70 Quod
820 1062 181 70 autem
940 1062 301 70 naturaliter
1181 1062 181 70 inest
1301 1062 241 70 omnibus,
1482 1062 120 70 id
1542 1062 181 70 certe
1662 1062 261 70 originale
1863 1062 160 70 est:
1963 1062 160 70 ergo
2044 1062 140 70 origi

502 1120 158 76 nale
601 1120 237 76 peccatum
779 1120 218 76 efficit
937 1120 138 76 nos
1016 1120 158 76 reos
1115 1120 158 76 irae
1214 1120 237 76 diuinae,
1392 1120 119 76 id
1451 1120 138 76 est
1530 1120 218 76 propter
1689 1120 277 76 originalem
1886 1120 297 76 deprauationem

502 1171 183 73 omnes
624 1171 183 73 sumus
746 1171 265 73 danationi
950 1171 244 73 obnoxij.
1133 1171 143 73 Hic
1214 1171 183 73 locus
1336 1171 183 73 Pauli
1458 1171 122 73 in
1520 1171 143 73 hac
1601 1171 204 73 caussa
1743 1171 183 73 ualde
1866 1171 143 73 est
1947 1171 265 73 insignis.

580 1227 160 78 Idem
680 1227 260 78 apostolus
879 1227 120 78 ad
939 1227 220 78 Coloss.
1099 1227 120 78 5.
1159 1227 160 78 cap.
1259 1227 180 78 Deus,
1379 1227 220 78 inquit,
1538 1227 220 78 eripuit
1698 1227 140 78 nos
1778 1227 100 78 a
1818 1227 260 78 potestate
1997 1227 180 78 tenebra

502 1284 158 69 rum,
601 1284 99 69 &
640 1284 276 69 transtulit
857 1284 118 69 in
916 1284 197 69 regnum
1054 1284 177 69 filij
1172 1284 158 69 sibi
1271 1284 236 69 dilecti.
1448 1284 158 69 Quod
1547 1284 118 69 si
1606 1284 256 69 translati
1803 1284 177 69 sumus
1921 1284 118 69 in
1980 1284 197 69 regnum
2098 1284 79 69 fi

509 1343 142 67 lij
590 1343 162 67 dei,
691 1343 202 67 fuimus
833 1343 162 67 ergo
934 1343 121 67 in
994 1343 182 67 regno
1116 1343 243 67 diaboli.
1298 1343 142 67 Huc
1379 1343 142 67 iam
1460 1343 263 67 pertinent
1662 1343 304 67 multiplicia
1905 1343 223 67 eiusdem
2047 1343 121 67 apo-

503 1392 181 69 stoli
623 1392 281 69 testimonia
844 1392 121 69 in
905 1392 121 69 5.
965 1392 161 69 cap.
1065 1392 121 69 ad
1126 1392 241 69 Romanos,
1306 1392 201 69 Vnius,
1447 1392 221 69 inquit,
1608 1392 221 69 delicto
1768 1392 181 69 multi
1889 1392 201 69 mortui
2029 1392 181 69 sunt,

503 1448 195 69 ltem,
633 1448 152 69 Per
720 1448 173 69 unum
828 1448 152 69 qui
915 1448 325 69 peccauerat,
1175 1448 195 69 uenit
1305 1448 195 69 mors.
1435 1448 195 69 Venit
1565 1448 173 69 enim
1674 1448 260 69 iudicium
1869 1448 130 69 ex
1934 1448 152 69 uno
2020 1448 130 69 ad
2064 1448 108 69 con

503 1502 351 69 demnationem,
789 1502 242 69 Rursus,
964 1502 154 69 Per
1052 1502 198 69 unius
1184 1502 264 69 delictum
1381 1502 176 69 mors
1491 1502 264 69 regnauit
1689 1502 154 69 per
1777 1502 198 69 unum.
1908 1502 132 69 Et
1974 1502 242 69 iterum,

499 1568 159 61 Per
590 1568 205 61 unius
727 1568 273 61 delictum
931 1568 318 61 propagatum
1181 1568 159 61 est
1272 1568 205 61 malum
1408 1568 136 61 in
1476 1568 205 61 omnes
1613 1568 250 61 homines
1795 1568 136 61 ad
1863 1568 364 61 condemnatio

501 1618 165 76 nem.
605 1618 269 76 Breuiter.
811 1618 269 76 Originale
1018 1618 248 76 peccatum
1204 1618 103 76 a
1246 1618 207 76 Dauide
1390 1618 124 76 et
1452 1618 186 76 Paulo
1576 1618 289 76 appellatur
1804 1618 227 76 diserte
1949 1618 227 76 peccatum,

504 1674 167 71 ergo
608 1674 230 71 debetur
775 1674 271 71 originali
984 1674 230 71 peccato
1151 1674 188 71 mors.
1276 1674 167 71 Quia
1381 1674 292 71 stipendium
1610 1674 230 71 peccati
1777 1674 167 71 mors
1861 1674 125 71 est.

575 1721 341 78 Concludimus
848 1721 182 78 ergo
961 1721 272 78 insantes
1166 1721 341 78 damnationem
1438 1721 136 78 in
1506 1721 182 78 hanc
1620 1721 204 78 lucem
1756 1721 204 78 secum
1892 1721 136 78 ex
1960 1721 204 78 utero
2074 1721 114 78 ad-

499 1781 186 70 ferre
623 1781 248 70 materno:
810 1781 166 70 quia
913 1781 269 70 corruptam
1120 1781 186 70 secum
1244 1781 248 70 afferunt
1430 1781 248 70 naturam:
1616 1781 228 70 ideoque
1782 1781 145 70 non
1865 1781 207 70 alieno
2010 1781 145 70 sed
2072 1781 103 70 suo

510 1841 235 77 pereunt
681 1841 214 77 uitio.
830 1841 235 77 Tametsi
1002 1841 171 77 enim
1109 1841 299 77 Augustinus
1344 1841 235 77 alicubi
1515 1841 150 77 hoc
1600 1841 257 77 peccatum
1793 1841 257 77 uideatur
1985 1841 235 77 appella

508 1901 120 58 re
568 1901 220 58 alienum
728 1901 100 58 (
768 1901 140 58 quo
848 1901 220 58 clarius
1008 1901 240 58 ostendat
1188 1901 260 58 propagine
1387 1901 120 58 in
1447 1901 140 58 nos
1527 1901 260 58 deriuari)
1727 1901 280 58 confitetur
1947 1901 180 58 tamen
2047 1901 120 58 idem

507 1951 274 76 unicuique
718 1951 232 76 nostrum
886 1951 169 76 uere
991 1951 105 76 &
1034 1951 211 76 maxime
1181 1951 169 76 esse
1286 1951 274 76 proprium.
1497 1951 126 76 Et
1560 1951 232 76 quamuis
1729 1951 147 76 hic
1813 1951 211 76 morbus
1960 1951 169 76 suae
2045 1951 126 76 ini-

512 2005 240 89 quitatis
692 2005 220 89 fructus
851 2005 200 89 nondum
991 2005 299 89 protulerit,
1231 2005 140 89 est
1311 2005 180 89 tamen
1430 2005 160 89 tota
1530 2005 160 89 ipsa
1630 2005 200 89 natura
1770 2005 260 89 corruptio
1969 2005 200 89 foeda,
2109 2005 100 89 &

501 2066 187 65 semen
626 2066 229 65 quoddam
793 2066 292 65 peccatorum
1022 2066 167 65 siue
1126 2066 271 65 scelerum,
1334 2066 167 65 quae
1438 2066 146 65 non
1521 2066 208 65 potest
1667 2066 146 65 non
1751 2066 146 65 deo
1834 2066 167 65 esse
1938 2066 271 65 odibilis,

508 2126 190 62 Odit
627 2126 190 62 enim
746 2126 214 62 omnem
888 2126 356 62 impuritatem
1149 2126 237 62 dominus,

579 2174 139 66 His
658 2174 178 66 nihil
777 2174 238 66 repugnat
956 2174 158 66 quod
1055 2174 198 66 Paulus
1193 2174 158 66 ait,
1292 2174 139 66 Vbi
1372 2174 139 66 non
1451 2174 139 66 est
1530 2174 158 66 lex,
1629 2174 139 66 ibi
1708 2174 139 66 nec
1788 2174 337 66 transgressio.
2045 2174 119 66 Ete-

504 2237 153 64 nim
591 2237 153 64 non
679 2237 262 64 absolute
875 2237 196 64 negat
1006 2237 284 64 apostolus
1224 2237 437 64 praeuaricationem
1596 2237 153 64 aut
1683 2237 284 64 peccatum,
1901 2237 175 64 quod
1988 2237 175 64 reuera

507 2289 190 70 coram
634 2289 211 70 oculis
782 2289 148 70 dei
866 2289 254 70 peccatum
1057 2289 169 70 est,
1162 2289 254 70 peccatum
1353 2289 148 70 non
1437 2289 169 70 esse
1543 2289 106 70 :
1585 2289 148 70 sed
1670 2289 233 70 spectat
1839 2289 233 70 hominum
1987 2289 190 70 reputa-

504 2345 239 70 tionem.
678 2345 239 70 Homines
851 2345 174 70 enim
960 2345 282 70 priusquam
1177 2345 152 70 per
1264 2345 195 70 legem
1394 2345 195 70 ipsis
1524 2345 260 70 appareat
1719 2345 152 70 aut
1806 2345 282 70 apricetur
2001 2345 174 70 pecca-

498 2404 167 63 tum,
602 2404 146 63 non
686 2404 250 63 reputant
873 2404 146 63 uel
957 2404 271 63 aestimant
1165 2404 271 63 peccatum,
1374 2404 125 63 ut
1436 2404 208 63 reuera
1582 2404 313 63 aestimandum
1832 2404 188 63 erat.
1958 2404 208 63 Paulus
2083 2404 83 63 i-

505 2461 150 62 dem
590 2461 171 62 ille
697 2461 193 62 alibi
825 2461 214 62 dicit,
975 2461 257 62 Peccatum
1168 2461 235 62 quondam
1339 2461 171 62 sine
1446 2461 171 62 lege
1553 2461 171 62 erat
1660 2461 257 62 mortuum.
1852 2461 128 62 Et
1916 2461 150 62 ego
1980 2461 193 62 quondam

500 2512 163 77 sine
601 2512 163 77 lege
703 2512 244 77 uiuebam.
886 2512 143 77 Vbi
968 2512 163 77 uero
1070 2512 183 77 uenit
1192 2512 163 77 lex,
1294 2512 244 77 peccatum
1477 2512 244 77 reuixit.
1660 2512 163 77 Quod
1762 2512 122 77 si
1823 2512 143 77 iam
1904 2512 244 77 reuixit,
2067 2512 102 77 er-

496 2569 118 74 go
555 2569 118 74 et
614 2569 157 74 ante
713 2569 197 74 legem,
851 2569 256 74 priusquam
1047 2569 138 74 per
1126 2569 177 74 legem
1244 2569 315 74 excitaretur,
1500 2569 197 74 uixit,
1638 2569 177 74 licet
1756 2569 157 74 tunc
1854 2569 138 74 non
1933 2569 138 74 ita
2012 2569 118 74 ut
2051 2569 118 74 nunc

510 2630 172 60 uires
624 2630 153 60 suas
720 2630 248 60 exereret.
911 2630 134 60 Huc
987 2630 229 60 pertinet
1159 2630 172 60 illud
1273 2630 248 60 apostoli,
1464 2630 172 60 Vsque
1578 2630 114 60 ad
1636 2630 172 60 legem
1750 2630 229 60 peccatum
1922 2630 153 60 erat
2017 2630 114 60 in
2056 2630 114 60 mun-

493 2678 128 63 do
557 2678 107 63 :
599 2678 192 63 porro
727 2678 256 63 peccatum
919 2678 149 63 non
1005 2678 277 63 imputatur
1218 2678 149 63 cum
1303 2678 149 63 non
1389 2678 149 63 est
1474 2678 171 63 lex.
1581 2678 171 63 Ecce
1688 2678 256 63 peccatum
1880 2678 171 63 erat
1986 2678 128 63 in
2029 2678 128 63 mun-

495 2738 130 66 do
560 2738 173 66 ante
669 2738 217 66 legem,
820 2738 152 66 sed
907 2738 152 66 non
994 2738 347 66 imputabatur:
1275 2738 152 66 non
1362 2738 173 66 quod
1471 2738 173 66 deus
1579 2738 152 66 non
1666 2738 303 66 imputaret,
1904 2738 152 66 sed
1969 2738 195 66 homines

499 2788 158 73 sibi
598 2788 138 73 non
677 2788 257 73 imputant.
874 2788 178 73 Latet
993 2788 118 73 in
1052 2788 197 73 cinere
1190 2788 197 73 ignis,
1329 2788 138 73 qui
1408 2788 197 73 reuera
1546 2788 178 73 ignis
1664 2788 158 73 est,
1763 2788 217 73 quoniam
1921 2788 158 73 uero
2000 2788 158 73 nullas

502 2847 119 71 de
562 2847 119 71 se
622 2847 219 71 flammas
781 2847 239 71 spargit,
960 2847 139 71 non
1040 2847 219 71 putatur
1199 2847 159 71 esse
1299 2847 199 71 ignis.
1438 2847 119 71 Ea
1498 2847 119 71 de
1558 2847 199 71 caussa
1697 2847 139 71 uir
1777 2847 299 71 doctissimus
1996 2847 179 71 pijssi-

489 2903 211 83 musque
637 2903 127 83 H.
700 2903 275 83 &uinglius
912 2903 211 83 beatae
1060 2903 254 83 memoriae
1250 2903 296 83 diligenter
1482 2903 275 83 distinxit
1694 2903 190 83 inter
1821 2903 211 83 morbum
1969 2903 106 83 &
1990 2903 169 83 pecca
