2288 3632
155 241 196 111 exerit
293 241 255 111 uirtutes.
489 241 216 111 Confert
645 241 157 111 enim
743 241 176 111 ueram
861 241 294 111 sapientiam,
1096 241 216 111 denique
1253 241 255 111 uiuificat
1449 241 98 111 &
1488 241 216 111 efficit
1645 241 157 111 uere
1723 241 118 111 bea

165 381 161 80 per
257 381 208 80 Iesum
396 381 277 80 Christum
603 381 254 80 dominum
788 381 254 80 nostrum
972 381 138 80 in
1041 381 254 80 saecula
1226 381 346 80 saeculorum,
1480 381 138 80 Amen

379 488 148 83 Fide
471 488 277 83 iustificari
692 488 203 83 homines
840 488 203 83 fideles
988 488 185 83 absque
1117 488 148 83 lege
1209 488 295 83 operibusque.
1449 488 166 83 SERMO
1541 488 74 83 VI

334 606 228 80 ICTVRVS
500 606 166 80 apud
604 606 291 80 charitatem
832 606 228 80 uestram
999 606 125 80 de
1061 606 166 80 fide
1165 606 208 80 absque
1310 606 228 80 operib.
1476 606 332 80 iustificante
1725 606 104 80 ere

366 672 224 67 dentes,
528 672 203 67 inuoco
671 672 203 67 patrem
813 672 142 67 qui
894 672 122 67 in
955 672 203 67 coelis
1098 672 142 67 est
1179 672 142 67 per
1261 672 203 67 filium
1403 672 163 67 eius
1505 672 285 67 unigenitum
1728 672 142 67 do¬

351 723 212 77 minum
493 723 259 77 nostrum
681 723 212 77 Iesum
823 723 306 77 Christum,
1058 723 306 77 obsecrans
1294 723 141 77 ut
1365 723 141 77 os
1435 723 189 77 meum
1553 723 118 77 &
1600 723 212 77 labia
1718 723 118 77 mea

374 787 132 82 ad
440 787 330 82 depromendam
704 787 220 82 laudem
857 787 176 82 eius
967 787 264 82 aperiat,
1165 787 110 82 &
1209 787 198 82 corda
1341 787 220 82 uestra
1494 787 308 82 illuminet,
1714 787 110 82 quo

164 825 147 87 dei
248 825 293 87 beneficium
478 825 231 87 maximum
646 825 335 87 agnoscentes,
918 825 168 87 uere
1023 825 189 87 grati
1149 825 105 87 &
1191 825 210 87 sancti
1338 825 335 87 efficiamini.

231 883 125 87 Ab
294 883 209 87 initio
440 883 188 87 autem
565 883 188 87 dicam
691 883 230 87 quaedam
858 883 167 87 huic
962 883 209 87 causae
1109 883 146 87 uel
1192 883 313 87 tractationi
1443 883 125 87 in
1506 883 209 87 primis
1631 883 209 87 necessa-

154 938 142 75 ria
235 938 122 75 de
296 938 244 75 uocabulo
479 938 406 75 lustificationis.
824 938 325 75 lustificandi
1088 938 203 75 uerbum
1230 938 244 75 Hebraeis
1413 938 345 75 usitatissimum
1698 938 102 75 &
1718 938 122 75 uul-

161 1006 295 80 gatissimum,
397 1006 295 80 amplissimae
633 1006 157 80 item
731 1006 393 80 significationis,
1065 1006 177 80 hodie
1183 1006 138 80 non
1261 1006 157 80 est,
1360 1006 138 80 ita
1438 1006 138 80 uti
1517 1006 236 80 decebat,
1674 1006 157 80 cogni-

157 1061 140 71 tum
237 1061 241 71 omnibus.
418 1061 281 71 Significat
638 1061 301 71 iustificare
879 1061 261 71 absoluere
1080 1061 100 71 a
1120 1061 221 71 iudicio
1280 1061 201 71 adeoqe
1421 1061 120 71 ab
1481 1061 261 71 intentata
1682 1061 100 71 &
1702 1061 120 71 lata

156 1119 370 72 condemnationis
465 1119 288 72 sententia.
690 1119 288 72 Significat
916 1119 267 72 remittere
1122 1119 246 72 peccata,
1307 1119 246 72 purgare,
1491 1119 329 72 beatificare,
1758 1119 103 72 &

162 1162 253 83 haeredem
352 1162 316 83 constituere
605 1162 190 83 uitae
731 1162 274 83 aeternae.
942 1162 148 83 Est
1027 1162 169 83 enim
1132 1162 274 83 iuridicum
1343 1162 148 83 aut
1427 1162 232 83 forense
1575 1162 253 83 uocabulum.

160 1216 187 84 Finge
285 1216 167 84 ergo
389 1216 229 84 hominem
556 1216 229 84 produci
722 1216 125 84 ad
785 1216 250 84 tribunal
972 1216 167 84 dei,
1076 1216 271 84 ibidemque
1285 1216 146 84 agi
1368 1216 187 84 reum,
1493 1216 125 84 id
1555 1216 146 84 est
1618 1216 208 84 accusari

163 1274 106 86 &
205 1274 253 86 conuinci
395 1274 127 86 de
458 1274 317 86 grauissimis
712 1274 274 86 peccatis,
923 1274 232 86 ideoque
1091 1274 274 86 postulari
1302 1274 127 86 ad
1366 1274 211 86 poenam
1513 1274 148 86 uel
1598 1274 127 86 ad
1640 1274 190 86 condem-

153 1346 246 63 nationis
337 1346 307 63 sententiam.
582 1346 307 63 Intercedere
828 1346 164 63 uero
930 1346 266 63 mediumque
1135 1346 123 63 se
1196 1346 246 63 ingerere
1381 1346 143 63 dei
1463 1346 225 63 filium,
1626 1346 123 63 ac
1667 1346 164 63 postu-

166 1391 189 73 lare,
292 1391 126 73 ut
355 1391 126 73 in
418 1391 189 73 ipsum
544 1391 189 73 omnis
670 1391 189 73 culpa
796 1391 105 73 &
838 1391 189 73 poena
964 1391 273 73 hominibus
1173 1391 231 73 debita,
1341 1391 294 73 imponatur,
1572 1391 168 73 quae
1656 1391 168 73 morien

163 1444 125 81 do
226 1444 146 81 mox
309 1444 208 81 expiet
455 1444 104 81 &
497 1444 250 81 auferat,
684 1444 334 81 liberatisque
955 1444 104 81 a
997 1444 188 81 morte
1122 1444 250 81 conferat
1310 1444 188 81 uitam
1435 1444 271 81 aeternam.
1643 1444 167 81 Deum
1727 1444 104 81 au-

156 1501 162 90 tem
249 1501 278 90 supremum
457 1501 116 90 &
504 1501 348 90 iustissimum
782 1501 255 90 iudicem
967 1501 278 90 recipere
1176 1501 371 90 conditionem,
1477 1501 139 90 ac
1547 1501 232 90 poenam
1709 1501 162 90 cum

150 1559 175 87 culpa
266 1559 272 87 transferre
480 1559 117 87 in
538 1559 175 87 caput
655 1559 194 87 filij,
791 1559 311 87 decernereque
1044 1559 117 87 ut
1102 1559 253 87 quicunque
1296 1559 194 87 credit
1432 1559 194 87 filium
1568 1559 136 87 dei
1646 1559 136 87 pro
1704 1559 117 87 pec-

161 1623 189 78 catis
287 1623 189 78 mundi
413 1623 231 78 passum,
581 1623 315 78 confregisse
833 1623 210 78 mortis
980 1623 189 78 uires
1107 1623 105 78 &
1149 1623 273 78 liberasse
1359 1623 105 78 a
1401 1623 378 78 condemnatione,
1695 1623 126 78 pur-

149 1682 176 76 gatus
267 1682 98 76 a
306 1682 234 76 peccatis
481 1682 117 76 ac
540 1682 195 76 haeres
676 1682 137 76 sit
754 1682 176 76 uitae
871 1682 254 76 aeternae.
1066 1682 137 76 Hic
1144 1682 156 76 uero
1242 1682 156 76 quis
1339 1682 254 76 usqueadeo
1534 1682 215 76 stupidi
1671 1682 156 76 possit

150 1734 155 58 esse
247 1734 233 58 ingenij,
421 1734 116 58 ut
479 1734 136 58 non
557 1734 194 58 uideat
693 1734 155 58 fide
789 1734 291 58 iustificari
1022 1734 233 58 homines?

238 1780 230 75 Ceterum
405 1780 125 75 ne
468 1780 167 75 quid
572 1780 188 75 dubij
698 1780 146 75 aut
781 1780 230 75 obscuri
948 1780 251 75 resideat
1137 1780 125 75 in
1199 1780 188 75 animo
1325 1780 293 75 cuiusquam,
1554 1780 167 75 quod
1659 1780 125 75 in
1701 1780 125 75 gene

147 1847 127 78 re
210 1847 106 78 &
253 1847 148 78 per
337 1847 275 78 parabolam
549 1847 318 78 imaginemque
803 1847 254 78 forensem
994 1847 275 78 proposui,
1206 1847 148 78 per
1291 1847 233 78 species
1460 1847 148 78 aut
1545 1847 212 78 partes
1672 1847 148 78 quas-

159 1896 141 88 dam
240 1896 243 88 diducam,
422 1896 283 88 singulaque
644 1896 283 88 scripturis
866 1896 222 88 diuinis
1028 1896 101 88 &
1068 1896 243 88 roborabo
1250 1896 101 88 &
1291 1896 303 88 illustrabo,
1533 1896 121 88 ut
1594 1896 141 88 uel
1654 1896 162 88 tardis

156 1952 237 74 ingenijs
334 1952 198 74 uirtus
473 1952 178 74 fidei
591 1952 99 74 &
631 1952 376 74 iustificationis
947 1952 237 74 negotium
1125 1952 158 74 fiat
1224 1952 316 74 planissimum.

229 2002 276 91 Principio
441 2002 318 91 demonstrabo
695 2002 403 91 iustificationis
1034 2002 276 91 uocabulum
1246 2002 127 91 in
1310 2002 276 91 praesenti
1522 2002 191 91 causa
1628 2002 212 91 usurpari

145 2058 152 93 pro
232 2058 325 93 absolutione
492 2058 173 93 siue
600 2058 281 93 remisione
816 2058 325 93 peccatorum,
1076 2058 152 93 pro
1163 2058 390 93 beatificatione
1487 2058 108 93 &
1531 2058 281 93 adoptione
1725 2058 87 93 in

157 2128 223 69 numerum
319 2128 243 69 filiorum
501 2128 162 69 dei.
603 2128 162 69 Act.
704 2128 142 69 13.
785 2128 182 69 dicit
907 2128 264 69 apostolus
1109 2128 223 69 Paulus,
1272 2128 182 69 Notum
1393 2128 142 69 sit
1474 2128 203 69 uobis,
1616 2128 162 69 uiri
1697 2128 122 69 fra-

155 2182 205 69 tres,
292 2182 182 69 quod
405 2182 159 69 per
496 2182 182 69 hunc
610 2182 273 69 Christum
815 2182 250 69 dominum
997 2182 205 69 uobis
1133 2182 273 69 remissio
1338 2182 318 69 peccatorum
1565 2182 250 69 annuncia-

152 2237 162 68 tur:
253 2237 101 68 &
294 2237 122 68 ab
355 2237 223 68 omnibus
517 2237 101 68 a
557 2237 203 68 quibus
699 2237 142 68 non
781 2237 264 68 potuistis
983 2237 142 68 per
1064 2237 183 68 legem
1186 2237 183 68 Mosis
1308 2237 325 68 iustificari,
1572 2237 142 68 per
1653 2237 162 68 hunc
1734 2237 81 68 o-

152 2293 161 68 mnis
252 2293 141 68 qui
333 2293 201 68 credit
473 2293 341 68 iustificatur.
754 2293 121 68 En
815 2293 301 68 annunciatur
1056 2293 121 68 in
1116 2293 221 68 Christo
1277 2293 181 68 nobis
1397 2293 241 68 remissio
1558 2293 261 68 peccatorum,

156 2338 99 90 &
196 2338 138 90 qui
275 2338 198 90 credit
413 2338 277 90 annunciato
631 2338 237 90 Christo,
809 2338 277 90 remittenti
1026 2338 237 90 peccata,
1204 2338 336 90 iustificatur.
1481 2338 237 90 Sequitur
1659 2338 158 90 ergo
1738 2338 79 90 iu

150 2400 354 64 stificationem
442 2400 167 64 esse
546 2400 292 64 remisionem
775 2400 312 64 peccatorum.
1025 2400 125 64 Ad
1087 2400 167 64 Rom.
1191 2400 125 64 5.
1254 2400 146 64 ait
1337 2400 167 64 idem
1441 2400 292 64 apostolus,
1649 2400 167 64 lusti-

145 2453 204 85 ficati
287 2453 245 85 sanguine
471 2453 224 85 Christi
634 2453 286 85 seruabimur
858 2453 143 85 per
940 2453 184 85 ipsum
1062 2453 122 85 ab
1124 2453 163 85 ira.
1226 2453 224 85 Sanguis
1389 2453 184 85 autem
1511 2453 224 85 Christi
1654 2453 163 85 abluit

146 2513 232 79 peccata.
320 2513 309 79 lustificatio
571 2513 193 79 itaque
706 2513 135 79 est
783 2513 212 79 ablutio
938 2513 155 79 siue
1034 2513 232 79 remissio
1208 2513 290 79 peccatorum.
1440 2513 116 79 Et
1498 2513 116 79 in
1556 2513 174 79 eodem
1652 2513 155 79 capite

142 2572 209 68 adhuc
281 2572 279 68 clarius,
491 2572 279 68 ludicium
700 2572 233 68 quidem
863 2572 140 68 ex
933 2572 163 68 uno
1026 2572 140 68 ad
1096 2572 442 68 condemnationem,
1468 2572 209 68 donum
1608 2572 209 68 autem
1724 2572 93 68 ex

155 2632 208 70 multis
301 2632 249 70 delictis
488 2632 125 70 ad
550 2632 415 70 iustificationem.
903 2632 145 70 Hic
986 2632 249 70 opposuit
1173 2632 353 70 condemnationi
1443 2632 374 70 iustificationem:

153 2680 161 81 ergo
254 2680 322 81 iustificatio
515 2680 141 81 est
596 2680 262 81 absolutio
797 2680 101 81 &
837 2680 262 81 liberatio
1039 2680 101 81 a
1079 2680 362 81 condemnatione.
1381 2680 161 81 Quid
1482 2680 161 81 quod
1562 2680 242 81 iustifica-

144 2725 218 87 tionem
297 2725 284 87 manifeste
515 2725 262 87 appellat
712 2725 218 87 donum,
864 2725 196 87 idest
995 2725 371 87 condonationem
1301 2725 327 87 delictorum?
1563 2725 153 87 Huc
1628 2725 175 87 perti-

143 2790 175 80 nent
253 2790 110 80 &
297 2790 197 80 illa,
428 2790 197 80 Sicut
560 2790 154 80 per
648 2790 197 80 unius
779 2790 263 80 delictum
977 2790 132 80 in
1042 2790 197 80 omnes
1174 2790 241 80 homines
1349 2790 329 80 condemnatio
1591 2790 219 80 deriuata

150 2844 153 77 est,
245 2844 134 77 sic
322 2844 96 77 &
360 2844 134 77 per
436 2844 172 77 unius
551 2844 248 77 iustitiam
742 2844 115 77 in
799 2844 172 77 omnes
914 2844 210 77 homines
1067 2844 248 77 propagata
1258 2844 134 77 est
1334 2844 306 77 iustificatio
1583 2844 191 77 uitae,
1697 2844 115 77 Rur-

155 2895 145 100 sus
238 2895 268 100 opponitur
444 2895 330 100 iustificatio
713 2895 186 100 uitae
837 2895 351 100 condemnationi
1126 2895 227 100 propter
1291 2895 248 100 peccatum
1477 2895 268 100 irrogatae
1662 2895 145 100 nobis
