2288 3632
57 250 180 112 tum,
169 250 158 112 cum
259 250 293 112 aliquando
484 250 315 112 dissereret
732 250 135 112 de
799 250 248 112 peccato
979 250 315 112 originali,
1227 250 180 112 quod
1339 250 225 112 quidem
1497 250 225 112 morbum
1632 250 113 112 ma-

57 330 168 83 luit
162 330 168 83 quam
267 330 252 83 peccatum
456 330 294 83 appellare:
686 330 231 83 nimirum
854 330 168 83 quod
959 330 147 83 per
1043 330 252 83 peccatum
1232 330 189 83 omnes
1357 330 315 83 intelligunt
1588 330 168 83 actio-

63 386 155 87 nem
151 386 222 87 prauam
307 386 222 87 nostra
462 386 244 87 propria
639 386 266 87 admissam
838 386 288 87 uoluntate
1060 386 222 87 contra
1215 386 199 87 legem
1348 386 222 87 latam:
1503 386 155 87 per
1570 386 177 87 morbum

58 450 181 76 uero
171 450 248 76 naturae
352 450 181 76 bene
465 450 271 76 conditae
668 450 361 76 corruptionem
961 450 248 76 quandam
1142 450 113 76 &
1187 450 406 76 deprauationem,
1525 450 158 76 sed
1616 450 113 76 &
1638 450 113 76 con

61 502 268 85 ditionem
262 502 312 85 seruitutis
507 502 335 85 miserrimam.
775 502 201 85 Sicut
909 502 112 85 &
953 502 312 85 Augustinum
1199 502 179 85 modo
1311 502 312 85 audiuimus,
1556 502 156 85 hoc
1623 502 134 85 pec-

68 558 176 82 catum
186 558 254 82 appellare
381 558 234 82 alienum,
556 558 117 82 ut
615 558 137 82 ita
693 558 234 82 innueret
868 558 156 82 esse
966 558 351 82 haereditarium:
1258 558 98 82 &
1297 558 176 82 tamen
1414 558 137 82 non
1492 558 215 82 negabat
1629 558 117 82 esse

70 620 268 68 proprium.
276 620 144 68 Ita
359 620 268 68 &uinglius
565 620 144 68 non
647 620 226 68 negauit
812 620 247 68 peccatum
997 620 288 68 originale:
1223 620 185 68 sicut
1347 620 206 68 quidam
1491 620 185 68 falso
1614 620 124 68 de
1656 620 82 68 eo

65 676 291 68 sparserunt:
297 676 136 68 non
375 676 194 68 sensit
510 676 174 68 illud
626 676 136 68 per
704 676 116 68 se
762 676 271 68 insantibus
975 676 155 68 esse
1072 676 252 68 innocuum:
1266 676 155 68 nisi
1363 676 232 68 quatenus
1537 676 194 68 gratia
1653 676 97 68 dei

69 734 145 79 per
152 734 270 79 sanguinem
360 734 166 79 Iesu
464 734 228 79 Christi
630 734 249 79 redditur
816 734 228 79 uirtute
982 734 311 79 promisionis
1231 734 104 79 &
1273 734 249 79 foederis
1460 734 145 79 dei
1522 734 228 79 innoxium,

60 784 182 83 lnter
181 784 223 83 actuale
343 784 101 83 &
384 784 263 83 originale
586 784 203 83 exacte
728 784 203 83 uoluit
870 784 304 83 discernere.
1113 784 142 83 Nam
1194 784 122 83 in
1255 784 223 83 ratione
1417 784 182 83 fidei
1538 784 162 83 suae
1619 784 122 83 red-

60 842 167 73 dita
165 842 125 73 in
227 842 251 73 comitijs
415 842 292 73 Augustanis
645 842 167 73 anno
749 842 209 73 domini
895 842 188 73 1530.
1020 842 313 73 celebratis.
1271 842 271 73 Originale
1480 842 271 73 peccatum,
1668 842 84 73 in

65 902 197 69 quit,
196 902 153 69 per
284 902 328 69 conditionem
547 902 109 69 &
590 902 328 69 contagionem
853 902 241 69 agnasci
1028 902 263 69 omnibus,
1225 902 153 69 qui
1312 902 131 69 ex
1378 902 241 69 affectu
1553 902 197 69 maris
1684 902 109 69 &

58 943 249 93 foeminae
245 943 291 93 gignuntur,
474 943 249 93 agnosco:
661 943 104 93 &
702 943 145 93 nos
785 943 166 93 esse
889 943 208 93 natura
1035 943 208 93 filios
1180 943 166 93 irae
1284 943 187 93 scio.
1409 943 145 93 Nec
1492 943 249 93 quicquam
1658 943 83 93 mo

63 1010 157 75 ror
152 1010 179 75 hunc
264 1010 224 75 morbum
421 1010 112 75 &
466 1010 359 75 conditionem,
758 1010 202 75 iuxta
892 1010 202 75 Pauli
1027 1010 224 75 morem,
1184 1010 291 75 appellari
1408 1010 157 75 pec
1497 1010 224 75 catum:
1632 1010 112 75 imo

62 1074 159 61 tale
161 1074 159 61 esse
261 1074 258 61 peccatum,
459 1074 119 61 ut
519 1074 258 61 quicunque
717 1074 119 61 in
777 1074 119 61 eo
837 1074 278 61 nascuntur,
1055 1074 199 61 hostes
1194 1074 99 61 &
1234 1074 278 61 aduersarij
1452 1074 139 61 dei
1532 1074 179 61 sint.
1651 1074 139 61 Huc

59 1124 154 70 enim
155 1124 193 70 trahit
290 1124 174 70 illos
406 1124 289 70 natiuitatis
637 1124 251 70 conditio,
830 1124 135 70 non
907 1124 231 70 sceleris
1081 1124 308 70 perpetratio,
1331 1124 154 70 nisi
1428 1124 212 70 quantum
1582 1124 135 70 hoc
1640 1124 96 70 se-

61 1173 145 86 mel
144 1173 310 86 perpetrauit
392 1173 207 86 primus
537 1173 227 86 parens.
702 1173 165 86 Vera
805 1173 207 86 igitur
950 1173 351 86 perduellionis
1239 1173 103 86 &
1280 1173 207 86 mortis
1425 1173 207 86 caussa
1570 1173 145 86 est
1632 1173 103 86 per

70 1232 254 80 petratum
260 1232 127 80 ab
324 1232 169 80 Adam
430 1232 212 80 crimen
578 1232 127 80 ac
642 1232 233 80 nephas:
811 1232 191 80 atque
938 1232 148 80 hoc
1023 1232 169 80 uere
1129 1232 148 80 est
1214 1232 275 80 peccatum:
1425 1232 127 80 at
1489 1232 254 80 peccatum
1658 1232 85 80 i-

61 1292 185 76 stud,
185 1292 165 76 quod
288 1292 185 76 nobis
411 1292 329 76 adhaerescit,
678 1292 103 76 &
720 1292 165 76 uere
822 1292 206 76 morbus
966 1292 103 76 &
1008 1292 267 76 conditio,
1213 1292 144 76 imo
1296 1292 288 76 necessitas
1522 1292 144 76 est
1583 1292 165 76 morien

53 1346 145 60 di.
136 1346 125 60 Et
199 1346 166 60 quae
303 1346 291 60 sequuntur.
531 1346 249 60 Hactenus
718 1346 166 60 enim
822 1346 208 60 illius
968 1346 187 60 uerba
1071 1346 229 60 recensui,

152 1392 199 79 Restat
291 1392 179 79 alter
411 1392 219 79 peccati
570 1392 279 79 originalis
789 1392 239 79 effectus
968 1392 239 79 breuiter
1148 1392 319 79 explicandus.
1406 1392 219 79 Profert
1566 1392 119 79 in
1606 1392 119 79 nobi

65 1451 256 70 egeritque
262 1451 177 70 opera
380 1451 138 70 qua
459 1451 256 70 scriptura
656 1451 197 70 carnis
794 1451 256 70 appellat:
991 1451 138 70 non
1070 1451 177 70 secus
1188 1451 177 70 atque
1306 1451 217 70 incensa
1464 1451 197 70 fornax
1602 1451 158 70 flam

63 1511 142 71 mas
144 1511 101 71 &
184 1511 284 71 scintillas
407 1511 223 71 effsat,
569 1511 142 71 aut
650 1511 263 71 scaturigo
853 1511 182 71 aquam
974 1511 263 71 pereniter
1177 1511 284 71 profundit.
1400 1511 182 71 Nulla
1521 1511 142 71 hic
1582 1511 142 71 quies

63 1561 239 89 Auaritia
243 1561 160 89 enim
342 1561 219 89 exurgit
502 1561 140 89 cum
582 1561 259 89 libidine,
781 1561 299 89 adhaerescit
1021 1561 239 89 ambitio,
1200 1561 180 89 subit
1320 1561 160 89 ira,
1420 1561 180 89 insat
1519 1561 200 89 superbia

53 1625 302 79 uinolentia
291 1625 259 79 inuitat,
485 1625 194 79 uexat
614 1625 108 79 &
657 1625 302 79 temetipsum
894 1625 108 79 &
937 1625 194 79 alios
1067 1625 259 79 inuidia.
1261 1625 237 79 Dominus
1433 1625 172 79 ergo
1541 1625 129 79 in
1584 1625 151 79 euan-

64 1677 193 78 gelio,
199 1677 116 78 Ex
256 1677 193 78 corde,
391 1677 212 78 inquit,
545 1677 193 78 exeunt
680 1677 308 78 cogitationes
930 1677 193 78 malae,
1065 1677 212 78 caedes,
1219 1677 270 78 adulteria,
1431 1677 212 78 stupra,
1566 1677 154 78 furta-

60 1737 184 68 falsa
182 1737 307 68 testimonia,
428 1737 266 68 conuitia,
633 1737 205 68 Rursus
776 1737 205 68 Paulus
920 1737 123 68 ad
981 1737 225 68 Galatas
1145 1737 164 68 cap.
1247 1737 123 68 5.
1309 1737 184 68 opera
1432 1737 205 68 carnis
1575 1737 143 68 non
1637 1737 102 68 bre

68 1801 125 64 ui
131 1801 250 64 catalogo
318 1801 271 64 enumerat:
526 1801 312 64 quemadmodum
776 1801 104 64 &
818 1801 125 64 ad
880 1801 167 64 Rom.
984 1801 125 64 5.
1047 1801 104 64 &
1088 1801 125 64 3.
1151 1801 167 64 cap.
1255 1801 167 64 In4.
1359 1801 167 64 cap.
1463 1801 271 64 epistolae
1651 1801 83 64 ad

59 1840 183 84 Ephes
181 1840 244 84 graphice
364 1840 264 84 describit
567 1840 183 84 opera
689 1840 163 84 illa
791 1840 224 84 carnis,
953 1840 163 84 quae
1055 1840 285 84 enascuntur
1279 1840 122 84 ex
1340 1840 305 84 corruptione
1563 1840 163 84 natiua

61 1898 130 71 in
126 1898 239 71 omnibus
300 1898 217 71 nondum
452 1898 325 71 regeneratis
712 1898 152 71 per
799 1898 260 71 spiritum
994 1898 260 71 sanctum,
1190 1898 152 71 Hoc
1276 1898 174 71 dico
1385 1898 108 71 &
1428 1898 217 71 testor
1580 1898 152 71 per
1645 1898 87 71 do

63 1956 223 69 minum,
219 1956 178 69 ait,
330 1956 134 69 ne
397 1956 245 69 posthac
575 1956 289 69 ambuletis
797 1956 334 69 quemadmodum
1064 1956 111 69 &
1109 1956 267 69 reliquae
1309 1956 223 69 gentes
1465 1956 267 69 ambulant
1643 1956 89 69 in

60 2016 245 80 uanitate
244 2016 204 80 mentis
387 2016 184 80 suae,
509 2016 143 80 dum
591 2016 204 80 mentem
734 2016 204 80 habent
877 2016 348 80 obtenebratam,
1164 2016 286 80 abalienati
1388 2016 102 80 a
1429 2016 164 80 uita
1532 2016 164 80 dei,
1613 2016 123 80 pro-

65 2064 162 86 pter
166 2064 304 86 ignorantiam
410 2064 162 86 quae
511 2064 142 86 est
592 2064 122 86 in
653 2064 203 86 illis,
795 2064 101 86 &
836 2064 345 86 excaecationem
1119 2064 203 86 cordis
1261 2064 203 86 eorum,
1403 2064 142 86 qui
1485 2064 284 86 posteaquam

63 2130 205 72 dolere
207 2130 288 72 desierint,
433 2130 288 72 semetipsos
659 2130 288 72 dediderunt
885 2130 267 72 lasciuiae
1090 2130 123 72 ad
1152 2130 267 72 patrandam
1357 2130 308 72 immundiciem
1583 2130 144 72 omnem

63 2180 132 77 cum
139 2180 264 77 auiditate.
346 2180 264 77 Sufficiunt
554 2180 151 77 haec
648 2180 170 77 licet
761 2180 283 77 breuiuscula
987 2180 170 77 sint.
1101 2180 264 77 Copiosiora
1308 2180 151 77 enim
1402 2180 245 77 sequentur
1591 2180 113 77 in
1629 2180 94 77 tra

59 2236 244 67 ctatione
242 2236 224 67 peccati
404 2236 264 67 actualis:
608 2236 122 67 ad
669 2236 163 67 quod
770 2236 305 67 explicandum
1014 2236 305 67 trasibimus,
1258 2236 122 67 si
1319 2236 183 67 illud
1441 2236 183 67 prius
1543 2236 183 67 admonue

60 2290 199 80 rimus,
199 2290 139 80 non
279 2290 159 80 sine
378 2290 199 80 caussa
517 2290 179 80 graui
636 2290 119 80 me
696 2290 238 80 hactenus
875 2290 219 80 uerbose
1034 2290 179 80 satis
1153 2290 219 80 caussam
1312 2290 278 80 originalis
1530 2290 238 80 peccati,

60 2342 152 84 hoc
147 2342 174 84 est,
256 2342 239 84 humanae
430 2342 370 84 deprauationis
734 2342 348 84 humanarumque
1017 2342 217 84 uirium
1169 2342 348 84 corruptionis
1430 2342 304 84 tractauisse,

133 2392 183 84 Sicut
255 2392 163 84 enim
356 2392 122 84 in
417 2392 142 84 his
499 2392 285 84 aperiuntur
722 2392 163 84 uene
824 2392 244 84 purioris
1007 2392 285 84 doctrinae,
1230 2392 142 84 ita
1312 2392 122 84 in
1372 2392 142 84 ijs
1454 2392 102 84 &
1474 2392 244 84 fundamenta

66 2449 170 89 fidei
179 2449 208 89 nostrae
330 2449 302 89 collocantur.
576 2449 113 89 Si
633 2449 151 89 enim
727 2449 132 89 non
803 2449 132 89 est
878 2449 245 89 originale
1067 2449 245 89 peccatum,
1256 2449 132 89 nec
1331 2449 189 89 gratia
1464 2449 151 89 est:
1558 2449 94 89 &
1596 2449 113 89 si
1633 2449 76 89 si

62 2516 178 67 nihil
181 2516 158 67 tame
279 2516 217 67 habebit
437 2516 158 67 quod
536 2516 237 67 operetur
713 2516 118 67 in
772 2516 197 67 nobis.
911 2516 118 67 Si
970 2516 237 67 integres
1147 2516 158 67 sunt
1246 2516 178 67 uires
1364 2516 237 67 nostrae,
1542 2516 178 67 nullo
1640 2516 99 67 cer

53 2574 119 79 te
113 2574 198 79 medico
251 2574 178 79 nobis
370 2574 159 79 opus
469 2574 178 79 erit.
588 2574 218 79 Frustra
747 2574 159 79 ergo
846 2574 198 79 missus
985 2574 139 79 dei
1064 2574 218 79 filius,
1223 2574 198 79 uenit.
1361 2574 159 79 Suis
1460 2574 159 79 ergo
1540 2574 178 79 uiribus

59 2621 305 78 saluabuntur
303 2621 244 78 homines.
486 2621 142 78 Sic
567 2621 183 78 autem
689 2621 224 78 dirutum
852 2621 305 78 dissoluetur
1096 2621 183 78 fidei
1218 2621 224 78 nostres
1380 2621 325 78 fundamentum.
1624 2621 102 78 Ic-

65 2688 190 70 circo
191 2688 400 70 uehementissimus
528 2688 147 70 est
613 2688 126 70 in
676 2688 147 70 hac
760 2688 211 70 caussa
908 2688 211 70 beatus
1055 2688 232 70 August.
1223 2688 190 70 cuius
1350 2688 190 70 aurea
1476 2688 190 70 certe
1582 2688 147 70 uerba

57 2737 142 68 non
138 2737 244 68 grauabor
321 2737 122 68 C.
382 2737 122 68 V.
443 2737 244 68 recitare
626 2737 122 68 ex
687 2737 122 68 2.
748 2737 163 68 lib.
850 2737 122 68 de
911 2737 264 68 Originali
1114 2737 224 68 peccato
1277 2737 203 68 contra
1419 2737 244 68 Pelagium
1602 2737 102 68 &
1622 2737 102 68 Ce-

68 2789 165 82 stium
178 2789 110 82 ex
233 2789 147 82 cap.
325 2789 128 82 23.
398 2789 92 82 &
435 2789 128 82 24.
508 2789 128 82 Sic
581 2789 220 82 scriptum
747 2789 239 82 reliquit,
930 2789 165 82 Longe
1040 2789 183 82 aliter
1169 2789 110 82 se
1224 2789 183 82 habent
1352 2789 275 82 quaestiones
1572 2789 183 82 istae,

59 2849 156 67 quas
157 2849 156 67 esse
255 2849 215 67 praeter
411 2849 176 67 fidem
528 2849 293 67 arbitratur,
763 2849 176 67 qsunt
880 2849 176 67 illae
997 2849 117 67 in
1056 2849 195 67 quibus
1193 2849 176 67 salua
1310 2849 176 67 fide,
1427 2849 137 67 qua
1486 2849 234 67 Christiani

57 2899 198 96 sumus,
196 2899 138 96 aut
275 2899 257 96 ignoratur
472 2899 158 96 quid
571 2899 178 96 uerum
690 2899 158 96 sit,
789 2899 99 96 &
828 2899 257 96 sententia
1026 2899 277 96 definitiua
1243 2899 316 96 suspenditur,
1501 2899 138 96 aut
1560 2899 158 96 aliter
