2288 3632
588 260 202 85 Rursus
729 260 243 85 diuidunt
912 260 223 85 peccata
1074 260 243 85 actualia
1256 260 121 85 in
1317 260 223 85 occulta
1479 260 162 85 siue
1580 260 243 85 priuata,
1762 260 101 85 &
1803 260 121 85 in
1863 260 263 85 manifesta
2046 260 121 85 siue

521 344 236 65 publica.
698 344 157 65 llla
797 344 197 65 quidem
935 344 138 65 non
1013 344 157 65 sunt
1112 344 157 65 quae
1210 344 197 65 latent
1348 344 236 65 homines,
1525 344 157 65 soli
1624 344 138 65 deo
1703 344 236 65 cognita,
1880 344 197 65 qualis
2018 344 138 65 est
2077 344 98 65 hy-

513 390 257 78 pocrisis
705 390 107 78 &
748 390 300 78 deprauatio
983 390 214 78 humani
1133 390 257 78 ingenij,
1326 390 150 78 sed
1411 390 171 78 quae
1518 390 257 78 testibus
1711 390 214 78 quidem
1860 390 214 78 minime
1989 390 171 78 carent

502 444 231 76 nondum
664 444 208 76 tamen
802 444 347 76 innotuerunt
1080 444 254 76 omnibus
1265 444 208 76 quasi
1403 444 324 76 publicata.
1658 444 185 76 Haec
1773 444 185 76 enim
1866 444 300 76 designantur

514 513 137 56 cum
593 513 215 56 notitia
749 513 98 56 &
788 513 274 56 offensione
1003 513 195 56 totius
1140 513 274 56 ecclesies.
1355 513 117 56 Et
1414 513 156 56 haec
1511 513 195 56 quidem
1648 513 156 56 sunt
1746 513 254 56 grauiora,
1941 513 156 56 illa
2039 513 176 56 autem

511 558 256 71 leuiora,
703 558 171 71 quod
809 558 277 71 uidelicet
1023 558 235 71 attinet
1193 558 235 71 homines
1364 558 107 71 &
1407 558 256 71 multorum
1599 558 341 71 offensionem.
1876 558 128 71 De
1940 558 149 71 his
2004 558 171 71 aposto

511 620 142 72 lus
592 620 122 72 1.
633 620 223 72 Timoth.5.

598 656 186 79 Porro
723 656 207 79 maxime
868 656 249 79 uulgaris
1054 656 104 79 &
1096 656 207 79 idonea
1241 656 249 79 actualis
1427 656 228 79 peccati
1593 656 311 79 distinctio,
1841 656 166 79 quae
1945 656 166 79 fere
2028 656 145 79 omnes

522 729 182 66 alias
643 729 222 66 species
804 729 141 66 seu
885 729 202 66 partes
1026 729 343 66 comprehendit,
1309 729 161 66 illa
1409 729 161 66 est,
1510 729 161 66 quod
1611 729 182 66 aliud
1732 729 202 66 quidem
1873 729 242 66 Mortale,
2035 729 141 66 aliud

515 782 197 68 autem
647 782 241 68 Veniale
822 782 263 68 peccatum
1020 782 263 68 dicitur.
1217 782 241 68 Mortale
1392 782 219 68 putant
1546 782 175 68 omne
1656 782 175 68 esse
1765 782 285 68 peccatum,
1985 782 175 68 quod
2094 782 132 68 ab

512 840 243 68 infideli
694 840 284 68 designatur
917 840 223 68 homine:
1079 840 223 68 Veniale
1241 840 162 68 uero
1342 840 162 68 omne
1444 840 162 68 quod
1545 840 162 68 fiat
1646 840 101 68 a
1687 840 223 68 fideli.
1849 840 142 68 Ego
1910 840 263 68 simpliciter

522 894 114 65 &
568 894 273 65 secundum
772 894 318 65 scripturas
1022 894 273 65 arbitror
1227 894 205 65 omnia
1363 894 250 65 hominum
1545 894 250 65 peccata
1727 894 182 65 esse
1840 894 295 65 mortalia.
2067 894 159 65 Nam

513 962 191 60 fiunt
640 962 212 60 contra
788 962 191 60 legem
915 962 148 60 seu
1000 962 296 60 uoluntatem
1233 962 169 60 dei.
1338 962 127 60 At
1402 962 254 60 peccatis
1592 962 169 60 ipsa
1698 962 233 60 debetur
1868 962 191 60 mors.
1973 962 212 60 Propheta

513 1029 171 50 enim
619 1029 235 50 clamat,
790 1029 192 50 Anima
918 1029 149 50 qua
1004 1029 320 50 peccauerit,
1260 1029 171 50 ipsa
1367 1029 278 50 morietur.
1580 1029 128 50 Et
1644 1029 278 50 apostolus
1858 1029 214 50 dixit,
1986 1029 192 50 Stipen-

516 1079 165 53 dium
620 1079 227 53 peccati
785 1079 186 53 mors.
909 1079 186 53 Certe
1033 1079 103 53 a
1074 1079 207 53 morte,
1218 1079 165 53 haec
1322 1079 248 53 mortalia
1508 1079 165 53 esse
1611 1079 268 53 dicuntur.
1817 1079 145 53 Huc
1900 1079 145 53 iam
1962 1079 227 53 pertinent

516 1120 167 67 haec
621 1120 293 67 apostolica
850 1120 313 67 testimonia,
1101 1120 146 67 Hoc
1185 1120 209 67 scitis
1331 1120 167 67 quod
1436 1120 188 67 omnis
1561 1120 293 67 scortator,
1791 1120 146 67 aut
1875 1120 272 67 immundus,
2084 1120 146 67 aut

528 1173 224 67 auarus,
691 1173 143 67 qui
772 1173 143 67 est
854 1173 306 67 idololatra,
1098 1173 143 67 non
1180 1173 183 67 habet
1302 1173 326 67 haereditatem
1567 1173 122 67 in
1628 1173 183 67 regno
1750 1173 224 67 Christi
1913 1173 102 67 &
1954 1173 163 67 dei.
2035 1173 143 67 Eadem

531 1227 249 69 sententia
722 1227 192 69 aedita
857 1227 115 69 ad
914 1227 230 69 Ephesios
1087 1227 115 69 5.
1144 1227 249 69 repetitur
1336 1227 115 69 ad
1393 1227 211 69 Galatas
1547 1227 115 69 5.
1604 1227 96 69 &
1642 1227 115 69 1.
1700 1227 230 69 Corinth.
1872 1227 115 69 5.
1930 1227 96 69 &
1968 1227 115 69 6.
2007 1227 172 69 capite.

520 1285 240 80 Caeterum
700 1285 160 80 quae
800 1285 140 80 sua
880 1285 200 80 natura
1020 1285 160 80 sunt
1120 1285 260 80 mortalia,
1320 1285 140 80 per
1401 1285 220 80 gratiam
1561 1285 140 80 dei
1641 1285 120 80 in
1701 1285 160 80 fide
1801 1285 160 80 Iesu
1901 1285 220 80 Christi
2041 1285 140 80 fiunt

531 1352 272 57 uenialia:
740 1352 167 57 quia
844 1352 209 57 ueniam
991 1352 104 57 a
1032 1352 313 57 misericorde
1283 1352 146 57 deo
1367 1352 355 57 consequuntur.
1659 1352 230 57 Ideoque
1826 1352 272 57 apostolus
2035 1352 125 57 ad
2077 1352 104 57 Ro-

520 1403 183 73 manos
642 1403 122 73 6.
703 1403 143 73 non
784 1403 204 73 dixit,
927 1403 122 73 Ne
988 1403 143 73 sit
1070 1403 204 73 igitur
1212 1403 244 73 peccatum
1396 1403 122 73 in
1457 1403 224 73 mortali
1620 1403 224 73 corpore
1783 1403 224 73 uestro:
1946 1403 163 73 sed,
2047 1403 122 73 Ne
2088 1403 102 73 re-

525 1456 162 72 gnet
626 1456 243 72 peccatum
808 1456 121 72 in
869 1456 223 72 mortali
1031 1456 223 72 corpore
1193 1456 223 72 uestro,
1355 1456 121 72 ut
1416 1456 263 72 obediatis
1618 1456 121 72 ei
1679 1456 142 72 per
1760 1456 304 72 cupiditates
2003 1456 182 72 eius.
2104 1456 81 72 Et

520 1516 218 59 iterum,
679 1516 179 59 Nulla
798 1516 139 59 est
878 1516 199 59 igitur
1017 1516 298 59 condemnatio
1255 1516 159 59 his,
1354 1516 139 59 qui
1433 1516 199 59 insiti
1572 1516 159 59 sunt
1672 1516 218 59 Christo
1831 1516 179 59 Iesu,
1950 1516 139 59 qui
2029 1516 139 59 non
2089 1516 99 59 iu-

525 1581 142 53 xta
606 1581 203 53 carnem
748 1581 284 53 uersantur,
972 1581 142 53 sed
1053 1581 183 53 iuxta
1175 1581 264 53 spiritum.
1378 1581 183 53 Item,
1500 1581 224 53 Fratres
1663 1581 264 53 debitores
1866 1581 203 53 sumus,
2008 1581 142 53 non
2069 1581 122 53 car-

525 1619 150 76 ni,
610 1619 128 76 ut
674 1619 256 76 secundum
866 1619 214 76 carnem
1016 1619 256 76 uiuamus.
1208 1619 150 76 Nam
1294 1619 128 76 si
1358 1619 256 76 secundum
1550 1619 214 76 carnem
1700 1619 299 76 uixeritis,
1935 1619 299 76 moriemini

541 1679 158 64 Quod
640 1679 118 64 si
699 1679 217 64 spiritu
857 1679 178 64 facta
976 1679 237 64 corporis
1153 1679 336 64 mortificetis,
1430 1679 237 64 uiuetis.
1607 1679 217 64 Proinde
1765 1679 197 64 semper
1904 1679 138 64 est
1983 1679 118 64 in
2022 1679 158 64 corpo-

529 1737 128 68 re
593 1737 213 68 nostro
741 1737 277 68 peccatum,
954 1737 191 68 quoad
1082 1737 298 68 uixerimus:
1316 1737 191 68 uerum
1443 1737 128 68 ex
1507 1737 213 68 gratia
1656 1737 149 68 non
1741 1737 277 68 imputatur
1954 1737 128 68 ad
1997 1737 191 68 mortent

519 1785 111 65 &
563 1785 134 65 ij
630 1785 223 65 quibus
786 1785 156 65 non
875 1785 289 65 imputatur
1097 1785 267 65 conantur
1298 1785 200 65 modis
1431 1785 245 65 omnibus
1609 1785 267 65 secundum
1810 1785 267 65 spiritum
2010 1785 156 65 non
2077 1785 111 65 se-

528 1853 227 63 cundum
687 1853 227 63 carnem
846 1853 295 63 ambulare:
1073 1853 250 63 interim
1255 1853 272 63 labuntur
1459 1853 113 63 &
1504 1853 295 63 impingunt
1731 1853 431 63 frequentissime,
2072 1853 113 63 qui

522 1914 192 60 tamen
650 1914 214 60 lapsus
799 1914 107 60 &
842 1914 320 60 offensiones
1098 1914 150 60 una
1184 1914 150 60 cum
1269 1914 192 60 morbo
1398 1914 171 60 illo
1504 1914 235 60 sontico
1675 1914 256 60 uenialia
1868 1914 150 60 iam
1953 1914 235 60 peccata
2103 1914 85 60 re

535 1953 269 78 putantur,
742 1953 186 78 uenia
867 1953 207 78 utique
1011 1953 186 78 digna
1136 1953 145 78 non
1219 1953 124 78 in
1281 1953 248 78 aeternum
1446 1953 228 78 punienda.

618 2003 188 70 Porro
744 2003 126 70 ad
806 2003 251 70 peccatum
995 2003 230 70 mortale
1162 2003 251 70 refertur
1350 2003 126 70 in
1413 2003 209 70 primis
1559 2003 251 70 peccatum
1748 2003 126 70 in
1810 2003 251 70 spiritum
1978 2003 209 70 sanctum,

534 2067 168 62 quod
639 2067 210 62 quidam
786 2067 147 62 non
870 2067 168 62 sine
974 2067 210 62 caussa
1121 2067 315 62 arbitrantur
1373 2067 336 62 proprijssime
1646 2067 273 62 appellari
1855 2067 252 62 peccatum
2023 2067 168 62 morta-

539 2124 146 58 le.
623 2124 125 58 De
685 2124 146 58 quo
769 2124 251 58 dicemus,
957 2124 125 58 si
1020 2124 188 58 prius
1145 2124 125 58 ad
1208 2124 313 58 quaestiones
1459 2124 272 58 nonnullas
1668 2124 167 58 huic
1772 2124 230 58 caussae
1939 2124 230 58 adnexas
2086 2124 104 58 re-

535 2178 322 70 sponderimus
792 2178 322 70 breuissime.
1050 2178 279 70 Principio
1265 2178 279 70 quaeritur
1479 2178 172 70 hic,
1587 2178 129 70 An
1651 2178 258 70 peccatum
1844 2178 150 70 uel
1930 2178 215 70 morbus
2059 2178 129 70 post

536 2233 280 69 baptismum
752 2233 258 69 remanens
945 2233 129 69 in
1010 2233 323 69 insantibus,
1268 2233 215 69 reuera
1419 2233 151 69 sit
1505 2233 258 69 peccatum
1699 2233 108 69 ?
1742 2233 237 69 Constat
1914 2233 194 69 autem
2022 2233 172 69 concu-

539 2290 290 75 piscentiam
767 2290 249 75 remanere
954 2290 124 75 in
1016 2290 311 75 baptisatis,
1265 2290 104 75 &
1306 2290 394 75 concupiscentiam
1638 2290 166 75 esse
1742 2290 270 75 peccatum:
1949 2290 166 75 ideo
2053 2290 124 75 in
2094 2290 104 75 ba-

534 2345 248 73 ptisatis
720 2345 248 73 remanere
907 2345 269 73 peccatum.
1113 2345 165 73 Quod
1217 2345 186 73 tamen
1341 2345 145 73 per
1424 2345 228 73 gratiam
1589 2345 145 73 dei
1672 2345 124 73 in
1734 2345 207 73 merito
1879 2345 165 73 Iesu
1982 2345 248 73 Christi,

526 2413 151 57 non
613 2413 302 57 imputatur.
850 2413 151 57 Sic
937 2413 281 57 dissecuit
1153 2413 173 57 hunc
1261 2413 194 57 nodum
1391 2413 108 57 &
1434 2413 216 57 beatus
1585 2413 302 57 Augustinus
1823 2413 194 57 libro
1952 2413 130 57 de
1996 2413 194 57 peccato

522 2462 138 66 rum
601 2462 217 66 meritis
759 2462 99 66 &
799 2462 257 66 remisione
996 2462 118 66 1.
1055 2462 158 66 cap.
1154 2462 138 66 39.
1233 2462 217 66 dicens.
1391 2462 118 66 In
1450 2462 237 66 paruulis
1628 2462 178 66 certe
1746 2462 197 66 gratia
1884 2462 138 66 dei
1963 2462 138 66 per
2022 2462 178 66 baptis-

526 2515 135 69 mum
603 2515 173 69 eius,
718 2515 135 69 qui
795 2515 173 69 uenit
911 2515 115 69 in
968 2515 308 69 similitudine
1219 2515 192 69 carnis
1353 2515 231 69 peccati,
1527 2515 115 69 id
1584 2515 212 69 agitur,
1738 2515 115 69 ut
1796 2515 250 69 euacuetur
1989 2515 154 69 caro
2066 2515 115 69 pec-

534 2568 188 66 cati.
660 2568 272 66 Euacuatur
869 2568 188 66 autem
994 2568 146 66 non
1078 2568 126 66 ut
1141 2568 126 66 in
1204 2568 167 66 ipsa
1308 2568 230 66 uiuente
1476 2568 188 66 carne
1601 2568 377 66 concupiscentia
1915 2568 272 66 conspersa
2124 2568 105 66 &

536 2623 204 73 innata
678 2623 224 73 repente
842 2623 286 73 absumatur,
1066 2623 102 73 &
1107 2623 143 73 non
1188 2623 163 73 sit,
1290 2623 143 73 sed
1372 2623 122 73 ne
1433 2623 184 73 obsit
1556 2623 224 73 mortuo,
1719 2623 163 73 quae
1821 2623 204 73 inerat
1964 2623 184 73 nato.
2086 2623 143 73 Nam

521 2678 141 68 nec
601 2678 261 68 grandibus
802 2678 141 68 hoc
883 2678 281 68 praestatur
1104 2678 121 68 in
1164 2678 261 68 baptismo,
1365 2678 121 68 ut
1425 2678 141 68 lex
1506 2678 221 68 peccati
1666 2678 161 68 quae
1767 2678 181 68 inest
1888 2678 121 68 in
1948 2678 241 68 membris,
2109 2678 80 68 re

532 2736 228 74 pugnans
698 2736 166 74 legi
802 2736 228 74 mentis,
967 2736 228 74 penitus
1133 2736 311 74 extinguatur
1381 2736 104 74 &
1423 2736 145 74 non
1506 2736 166 74 sit,
1609 2736 145 74 sed
1692 2736 124 74 ut
1754 2736 249 74 quicquid
1940 2736 166 74 mali
2044 2736 124 74 ab
2085 2736 104 74 ho

535 2806 171 57 mine
642 2806 236 57 factum,
814 2806 236 57 dictum,
985 2806 279 57 cogitatum
1199 2806 171 57 est,
1306 2806 150 57 cum
1392 2806 193 57 eidem
1521 2806 407 57 concupiscentiae
1864 2806 257 57 subiecta
2035 2806 150 57 mente

527 2845 264 80 seruiret,
730 2845 183 80 totum
851 2845 284 80 oboleatur,
1074 2845 122 80 ac
1135 2845 183 80 uelut
1257 2845 203 80 factum
1399 2845 142 80 non
1480 2845 203 80 fuerit
1622 2845 264 80 habeatur.
1825 2845 162 80 Haec
1926 2845 183 80 ille,

607 2905 208 88 Deinde
753 2905 354 88 interrogatur,
1044 2905 125 88 An
1106 2905 187 88 opera
1231 2905 166 88 quae
1335 2905 229 88 faciunt
1502 2905 270 88 Gentiles,
1710 2905 125 88 ac
1772 2905 229 88 speciem
1938 2905 208 88 habent
2063 2905 125 88 pro
