<?xml version="1.0" encoding="UTF-8"?>
<alto xmlns:xsi="http://www.w3.org/2001/XMLSchema-instance"
      xmlns="http://www.loc.gov/standards/alto/ns-v2#"
      xmlns:page="http://schema.primaresearch.org/PAGE/gts/pagecontent/2013-07-15"
      xsi:schemaLocation="http://www.loc.gov/standards/alto/ns-v2# http://www.loc.gov/standards/alto/alto.xsd">
   <Description>
      <MeasurementUnit>pixel</MeasurementUnit>
      <OCRProcessing ID="IdOcr">
         <ocrProcessingStep>
            <processingDateTime>2020-08-08T18:23:16.785-04:00</processingDateTime>
            <processingSoftware>
               <softwareCreator>READ COOP</softwareCreator>
               <softwareName>Transkribus</softwareName>
            </processingSoftware>
         </ocrProcessingStep>
      </OCRProcessing>
   </Description>
   <Tags/>
   <Layout>
      <Page ID="Page1" PHYSICAL_IMG_NR="1" HEIGHT="3632" WIDTH="2288">
         <TopMargin HEIGHT="0" WIDTH="2288" VPOS="0" HPOS="0"/>
         <LeftMargin HEIGHT="3632" WIDTH="0" VPOS="0" HPOS="0"/>
         <RightMargin HEIGHT="3632" WIDTH="0" VPOS="0" HPOS="2288"/>
         <BottomMargin HEIGHT="0" WIDTH="2288" VPOS="3632" HPOS="0"/>
         <PrintSpace HEIGHT="3632" WIDTH="2288" VPOS="0" HPOS="0">
            <TextBlock ID="r2" HEIGHT="2792" WIDTH="1664" VPOS="239" HPOS="540">
               <Shape>
                  <Polygon POINTS="540,239 540,3031 2204,3031 2204,239"/>
               </Shape>
               <TextLine ID="r2l2"
                         BASELINE="380"
                         HEIGHT="109"
                         WIDTH="1665"
                         VPOS="271"
                         HPOS="529">
                  <String HEIGHT="109"
                          WIDTH="140"
                          VPOS="271"
                          HPOS="509"
                          CONTENT="quo"/>
                  <SP HEIGHT="109" WIDTH="20" VPOS="271" HPOS="649"/>
                  <String HEIGHT="109"
                          WIDTH="301"
                          VPOS="271"
                          HPOS="589"
                          CONTENT="inclarescat"/>
                  <SP HEIGHT="109" WIDTH="20" VPOS="271" HPOS="890"/>
                  <String HEIGHT="109"
                          WIDTH="160"
                          VPOS="271"
                          HPOS="830"
                          CONTENT="toti"/>
                  <SP HEIGHT="109" WIDTH="20" VPOS="271" HPOS="990"/>
                  <String HEIGHT="109"
                          WIDTH="181"
                          VPOS="271"
                          HPOS="930"
                          CONTENT="mundo"/>
                  <SP HEIGHT="109" WIDTH="20" VPOS="271" HPOS="1111"/>
                  <String HEIGHT="109" WIDTH="100" VPOS="271" HPOS="1051" CONTENT="&amp;"/>
                  <SP HEIGHT="109" WIDTH="20" VPOS="271" HPOS="1151"/>
                  <String HEIGHT="109"
                          WIDTH="241"
                          VPOS="271"
                          HPOS="1091"
                          CONTENT="iustitia"/>
                  <SP HEIGHT="109" WIDTH="20" VPOS="271" HPOS="1331"/>
                  <String HEIGHT="109"
                          WIDTH="140"
                          VPOS="271"
                          HPOS="1271"
                          CONTENT="dei"/>
                  <SP HEIGHT="109" WIDTH="20" VPOS="271" HPOS="1412"/>
                  <String HEIGHT="109" WIDTH="100" VPOS="271" HPOS="1351" CONTENT="&amp;"/>
                  <SP HEIGHT="109" WIDTH="20" VPOS="271" HPOS="1452"/>
                  <String HEIGHT="109"
                          WIDTH="341"
                          VPOS="271"
                          HPOS="1392"
                          CONTENT="misericordia."/>
                  <SP HEIGHT="109" WIDTH="20" VPOS="271" HPOS="1733"/>
                  <String HEIGHT="109"
                          WIDTH="181"
                          VPOS="271"
                          HPOS="1672"
                          CONTENT="Atqui"/>
                  <SP HEIGHT="109" WIDTH="20" VPOS="271" HPOS="1853"/>
                  <String HEIGHT="109"
                          WIDTH="281"
                          VPOS="271"
                          HPOS="1793"
                          CONTENT="liberantur"/>
                  <SP HEIGHT="109" WIDTH="20" VPOS="271" HPOS="2074"/>
                  <String HEIGHT="109"
                          WIDTH="160"
                          VPOS="271"
                          HPOS="2013"
                          CONTENT="soli"/>
                  <SP HEIGHT="109" WIDTH="20" VPOS="271" HPOS="2174"/>
                  <String HEIGHT="109"
                          WIDTH="100"
                          VPOS="271"
                          HPOS="2094"
                          CONTENT="cre"/>
               </TextLine>
               <TextLine ID="r2l3"
                         BASELINE="417"
                         HEIGHT="82"
                         WIDTH="1649"
                         VPOS="335"
                         HPOS="550">
                  <String HEIGHT="82"
                          WIDTH="236"
                          VPOS="335"
                          HPOS="529"
                          CONTENT="dentes,"/>
                  <SP HEIGHT="82" WIDTH="21" VPOS="335" HPOS="764"/>
                  <String HEIGHT="82"
                          WIDTH="214"
                          VPOS="335"
                          HPOS="700"
                          CONTENT="rursus"/>
                  <SP HEIGHT="82" WIDTH="21" VPOS="335" HPOS="914"/>
                  <String HEIGHT="82"
                          WIDTH="171"
                          VPOS="335"
                          HPOS="850"
                          CONTENT="ergo"/>
                  <SP HEIGHT="82" WIDTH="21" VPOS="335" HPOS="1021"/>
                  <String HEIGHT="82"
                          WIDTH="171"
                          VPOS="335"
                          HPOS="957"
                          CONTENT="quod"/>
                  <SP HEIGHT="82" WIDTH="21" VPOS="335" HPOS="1128"/>
                  <String HEIGHT="82"
                          WIDTH="214"
                          VPOS="335"
                          HPOS="1064"
                          CONTENT="gratia"/>
                  <SP HEIGHT="82" WIDTH="21" VPOS="335" HPOS="1278"/>
                  <String HEIGHT="82"
                          WIDTH="257"
                          VPOS="335"
                          HPOS="1214"
                          CONTENT="operetur"/>
                  <SP HEIGHT="82" WIDTH="21" VPOS="335" HPOS="1471"/>
                  <String HEIGHT="82" WIDTH="128" VPOS="335" HPOS="1407" CONTENT="in"/>
                  <SP HEIGHT="82" WIDTH="21" VPOS="335" HPOS="1535"/>
                  <String HEIGHT="82"
                          WIDTH="214"
                          VPOS="335"
                          HPOS="1471"
                          CONTENT="homine"/>
                  <SP HEIGHT="82" WIDTH="21" VPOS="335" HPOS="1685"/>
                  <String HEIGHT="82"
                          WIDTH="214"
                          VPOS="335"
                          HPOS="1621"
                          CONTENT="habet."/>
                  <SP HEIGHT="82" WIDTH="21" VPOS="335" HPOS="1835"/>
                  <String HEIGHT="82"
                          WIDTH="214"
                          VPOS="335"
                          HPOS="1771"
                          CONTENT="Effuso"/>
                  <SP HEIGHT="82" WIDTH="21" VPOS="335" HPOS="1985"/>
                  <String HEIGHT="82"
                          WIDTH="171"
                          VPOS="335"
                          HPOS="1921"
                          CONTENT="enim"/>
                  <SP HEIGHT="82" WIDTH="21" VPOS="335" HPOS="2092"/>
                  <String HEIGHT="82"
                          WIDTH="193"
                          VPOS="335"
                          HPOS="2006"
                          CONTENT="spiritu"/>
               </TextLine>
               <TextLine ID="r2l4"
                         BASELINE="475"
                         HEIGHT="81"
                         WIDTH="1647"
                         VPOS="394"
                         HPOS="553">
                  <String HEIGHT="81"
                          WIDTH="201"
                          VPOS="394"
                          HPOS="533"
                          CONTENT="sancto"/>
                  <SP HEIGHT="81" WIDTH="20" VPOS="394" HPOS="734"/>
                  <String HEIGHT="81" WIDTH="121" VPOS="394" HPOS="674" CONTENT="in"/>
                  <SP HEIGHT="81" WIDTH="20" VPOS="394" HPOS="794"/>
                  <String HEIGHT="81"
                          WIDTH="181"
                          VPOS="394"
                          HPOS="734"
                          CONTENT="corda"/>
                  <SP HEIGHT="81" WIDTH="20" VPOS="394" HPOS="915"/>
                  <String HEIGHT="81"
                          WIDTH="221"
                          VPOS="394"
                          HPOS="854"
                          CONTENT="nostra,"/>
                  <SP HEIGHT="81" WIDTH="20" VPOS="394" HPOS="1075"/>
                  <String HEIGHT="81"
                          WIDTH="301"
                          VPOS="394"
                          HPOS="1015"
                          CONTENT="intellectus"/>
                  <SP HEIGHT="81" WIDTH="20" VPOS="394" HPOS="1316"/>
                  <String HEIGHT="81" WIDTH="100" VPOS="394" HPOS="1256" CONTENT="&amp;"/>
                  <SP HEIGHT="81" WIDTH="20" VPOS="394" HPOS="1356"/>
                  <String HEIGHT="81"
                          WIDTH="241"
                          VPOS="394"
                          HPOS="1296"
                          CONTENT="uoluntas"/>
                  <SP HEIGHT="81" WIDTH="20" VPOS="394" HPOS="1537"/>
                  <String HEIGHT="81" WIDTH="121" VPOS="394" HPOS="1477" CONTENT="in"/>
                  <SP HEIGHT="81" WIDTH="20" VPOS="394" HPOS="1597"/>
                  <String HEIGHT="81"
                          WIDTH="161"
                          VPOS="394"
                          HPOS="1537"
                          CONTENT="fide"/>
                  <SP HEIGHT="81" WIDTH="20" VPOS="394" HPOS="1698"/>
                  <String HEIGHT="81"
                          WIDTH="321"
                          VPOS="394"
                          HPOS="1638"
                          CONTENT="instruuntur."/>
                  <SP HEIGHT="81" WIDTH="20" VPOS="394" HPOS="1959"/>
                  <String HEIGHT="81"
                          WIDTH="261"
                          VPOS="394"
                          HPOS="1899"
                          CONTENT="Breuiter,"/>
                  <SP HEIGHT="81" WIDTH="20" VPOS="394" HPOS="2160"/>
                  <String HEIGHT="81"
                          WIDTH="121"
                          VPOS="394"
                          HPOS="2079"
                          CONTENT="gra"
                          SUBS_TYPE="HypPart1"
                          SUBS_CONTENT="gratia"/>
                  <HYP CONTENT="-"/>
               </TextLine>
               <TextLine ID="r2l5"
                         BASELINE="531"
                         HEIGHT="81"
                         WIDTH="1645"
                         VPOS="450"
                         HPOS="551">
                  <String HEIGHT="81"
                          WIDTH="135"
                          VPOS="450"
                          HPOS="532"
                          CONTENT="tia"
                          SUBS_TYPE="HypPart2"
                          SUBS_CONTENT="gratia"/>
                  <SP HEIGHT="81" WIDTH="19" VPOS="450" HPOS="667"/>
                  <String HEIGHT="81"
                          WIDTH="174"
                          VPOS="450"
                          HPOS="609"
                          CONTENT="(quod"/>
                  <SP HEIGHT="81" WIDTH="19" VPOS="450" HPOS="783"/>
                  <String HEIGHT="81" WIDTH="97" VPOS="450" HPOS="725" CONTENT="&amp;"/>
                  <SP HEIGHT="81" WIDTH="19" VPOS="450" HPOS="822"/>
                  <String HEIGHT="81" WIDTH="116" VPOS="450" HPOS="764" CONTENT="in"/>
                  <SP HEIGHT="81" WIDTH="19" VPOS="450" HPOS="880"/>
                  <String HEIGHT="81"
                          WIDTH="252"
                          VPOS="450"
                          HPOS="822"
                          CONTENT="finitione"/>
                  <SP HEIGHT="81" WIDTH="19" VPOS="450" HPOS="1074"/>
                  <String HEIGHT="81"
                          WIDTH="232"
                          VPOS="450"
                          HPOS="1015"
                          CONTENT="diximus)"/>
                  <SP HEIGHT="81" WIDTH="19" VPOS="450" HPOS="1248"/>
                  <String HEIGHT="81"
                          WIDTH="194"
                          VPOS="450"
                          HPOS="1190"
                          CONTENT="uocat,"/>
                  <SP HEIGHT="81" WIDTH="19" VPOS="450" HPOS="1383"/>
                  <String HEIGHT="81"
                          WIDTH="271"
                          VPOS="450"
                          HPOS="1325"
                          CONTENT="iustificat"/>
                  <SP HEIGHT="81" WIDTH="19" VPOS="450" HPOS="1596"/>
                  <String HEIGHT="81" WIDTH="97" VPOS="450" HPOS="1538" CONTENT="&amp;"/>
                  <SP HEIGHT="81" WIDTH="19" VPOS="450" HPOS="1635"/>
                  <String HEIGHT="81"
                          WIDTH="213"
                          VPOS="450"
                          HPOS="1577"
                          CONTENT="saluat,"/>
                  <SP HEIGHT="81" WIDTH="19" VPOS="450" HPOS="1790"/>
                  <String HEIGHT="81"
                          WIDTH="155"
                          VPOS="450"
                          HPOS="1732"
                          CONTENT="siue"/>
                  <SP HEIGHT="81" WIDTH="19" VPOS="450" HPOS="1886"/>
                  <String HEIGHT="81"
                          WIDTH="271"
                          VPOS="450"
                          HPOS="1828"
                          CONTENT="glorificat"/>
                  <SP HEIGHT="81" WIDTH="19" VPOS="450" HPOS="2099"/>
                  <String HEIGHT="81"
                          WIDTH="174"
                          VPOS="450"
                          HPOS="2022"
                          CONTENT="creden"
                          SUBS_TYPE="HypPart1"
                          SUBS_CONTENT="credentes"/>
                  <HYP CONTENT="-"/>
               </TextLine>
               <TextLine ID="r2l6"
                         BASELINE="588"
                         HEIGHT="82"
                         WIDTH="1648"
                         VPOS="506"
                         HPOS="547">
                  <String HEIGHT="82"
                          WIDTH="139"
                          VPOS="506"
                          HPOS="527"
                          CONTENT="tes"
                          SUBS_TYPE="HypPart2"
                          SUBS_CONTENT="credentes"/>
                  <SP HEIGHT="82" WIDTH="20" VPOS="506" HPOS="666"/>
                  <String HEIGHT="82" WIDTH="99" VPOS="506" HPOS="607" CONTENT=":"/>
                  <SP HEIGHT="82" WIDTH="20" VPOS="506" HPOS="706"/>
                  <String HEIGHT="82" WIDTH="119" VPOS="506" HPOS="646" CONTENT="ut"/>
                  <SP HEIGHT="82" WIDTH="20" VPOS="506" HPOS="765"/>
                  <String HEIGHT="82"
                          WIDTH="179"
                          VPOS="506"
                          HPOS="706"
                          CONTENT="totum"/>
                  <SP HEIGHT="82" WIDTH="20" VPOS="506" HPOS="885"/>
                  <String HEIGHT="82"
                          WIDTH="218"
                          VPOS="506"
                          HPOS="825"
                          CONTENT="salutis"/>
                  <SP HEIGHT="82" WIDTH="20" VPOS="506" HPOS="1043"/>
                  <String HEIGHT="82"
                          WIDTH="218"
                          VPOS="506"
                          HPOS="984"
                          CONTENT="nostrae"/>
                  <SP HEIGHT="82" WIDTH="20" VPOS="506" HPOS="1202"/>
                  <String HEIGHT="82"
                          WIDTH="238"
                          VPOS="506"
                          HPOS="1143"
                          CONTENT="negotium"/>
                  <SP HEIGHT="82" WIDTH="20" VPOS="506" HPOS="1381"/>
                  <String HEIGHT="82"
                          WIDTH="238"
                          VPOS="506"
                          HPOS="1321"
                          CONTENT="omnesque"/>
                  <SP HEIGHT="82" WIDTH="20" VPOS="506" HPOS="1560"/>
                  <String HEIGHT="82"
                          WIDTH="238"
                          VPOS="506"
                          HPOS="1500"
                          CONTENT="uirtutes"/>
                  <SP HEIGHT="82" WIDTH="20" VPOS="506" HPOS="1738"/>
                  <String HEIGHT="82"
                          WIDTH="199"
                          VPOS="506"
                          HPOS="1679"
                          CONTENT="piorum"/>
                  <SP HEIGHT="82" WIDTH="20" VPOS="506" HPOS="1877"/>
                  <String HEIGHT="82"
                          WIDTH="199"
                          VPOS="506"
                          HPOS="1818"
                          CONTENT="unicae"/>
                  <SP HEIGHT="82" WIDTH="20" VPOS="506" HPOS="2016"/>
                  <String HEIGHT="82"
                          WIDTH="139"
                          VPOS="506"
                          HPOS="1957"
                          CONTENT="dei"/>
                  <SP HEIGHT="82" WIDTH="20" VPOS="506" HPOS="2096"/>
                  <String HEIGHT="82"
                          WIDTH="179"
                          VPOS="506"
                          HPOS="2016"
                          CONTENT="gratiae"/>
               </TextLine>
               <TextLine ID="r2l7"
                         BASELINE="644"
                         HEIGHT="74"
                         WIDTH="1638"
                         VPOS="570"
                         HPOS="559">
                  <String HEIGHT="74"
                          WIDTH="213"
                          VPOS="570"
                          HPOS="538"
                          CONTENT="(cuius"/>
                  <SP HEIGHT="74" WIDTH="21" VPOS="570" HPOS="750"/>
                  <String HEIGHT="74"
                          WIDTH="319"
                          VPOS="570"
                          HPOS="687"
                          CONTENT="operationem"/>
                  <SP HEIGHT="74" WIDTH="21" VPOS="570" HPOS="1006"/>
                  <String HEIGHT="74"
                          WIDTH="213"
                          VPOS="570"
                          HPOS="942"
                          CONTENT="ubique"/>
                  <SP HEIGHT="74" WIDTH="21" VPOS="570" HPOS="1155"/>
                  <String HEIGHT="74"
                          WIDTH="319"
                          VPOS="570"
                          HPOS="1091"
                          CONTENT="agnoscimus)"/>
                  <SP HEIGHT="74" WIDTH="21" VPOS="570" HPOS="1410"/>
                  <String HEIGHT="74"
                          WIDTH="234"
                          VPOS="570"
                          HPOS="1346"
                          CONTENT="feramus"/>
                  <SP HEIGHT="74" WIDTH="21" VPOS="570" HPOS="1580"/>
                  <String HEIGHT="74"
                          WIDTH="277"
                          VPOS="570"
                          HPOS="1516"
                          CONTENT="acceptum."/>
                  <SP HEIGHT="74" WIDTH="21" VPOS="570" HPOS="1793"/>
                  <String HEIGHT="74" WIDTH="128" VPOS="570" HPOS="1729" CONTENT="Id"/>
                  <SP HEIGHT="74" WIDTH="21" VPOS="570" HPOS="1857"/>
                  <String HEIGHT="74"
                          WIDTH="213"
                          VPOS="570"
                          HPOS="1793"
                          CONTENT="rursus"/>
                  <SP HEIGHT="74" WIDTH="21" VPOS="570" HPOS="2006"/>
                  <String HEIGHT="74"
                          WIDTH="213"
                          VPOS="570"
                          HPOS="1942"
                          CONTENT="diuino"/>
                  <SP HEIGHT="74" WIDTH="21" VPOS="570" HPOS="2154"/>
                  <String HEIGHT="74"
                          WIDTH="128"
                          VPOS="570"
                          HPOS="2069"
                          CONTENT="adde"/>
               </TextLine>
               <TextLine ID="r2l8"
                         BASELINE="700"
                         HEIGHT="67"
                         WIDTH="1642"
                         VPOS="633"
                         HPOS="557">
                  <String HEIGHT="67" WIDTH="107" VPOS="633" HPOS="536" CONTENT="&amp;"/>
                  <SP HEIGHT="67" WIDTH="21" VPOS="633" HPOS="642"/>
                  <String HEIGHT="67"
                          WIDTH="213"
                          VPOS="633"
                          HPOS="578"
                          CONTENT="humano"/>
                  <SP HEIGHT="67" WIDTH="21" VPOS="633" HPOS="792"/>
                  <String HEIGHT="67"
                          WIDTH="299"
                          VPOS="633"
                          HPOS="728"
                          CONTENT="ostenditur"/>
                  <SP HEIGHT="67" WIDTH="21" VPOS="633" HPOS="1026"/>
                  <String HEIGHT="67"
                          WIDTH="320"
                          VPOS="633"
                          HPOS="962"
                          CONTENT="testimonio."/>
                  <SP HEIGHT="67" WIDTH="21" VPOS="633" HPOS="1282"/>
                  <String HEIGHT="67"
                          WIDTH="213"
                          VPOS="633"
                          HPOS="1218"
                          CONTENT="Paulus"/>
                  <SP HEIGHT="67" WIDTH="21" VPOS="633" HPOS="1431"/>
                  <String HEIGHT="67" WIDTH="128" VPOS="633" HPOS="1367" CONTENT="ad"/>
                  <SP HEIGHT="67" WIDTH="21" VPOS="633" HPOS="1495"/>
                  <String HEIGHT="67"
                          WIDTH="256"
                          VPOS="633"
                          HPOS="1431"
                          CONTENT="Romanos."/>
                  <SP HEIGHT="67" WIDTH="21" VPOS="633" HPOS="1687"/>
                  <String HEIGHT="67"
                          WIDTH="192"
                          VPOS="633"
                          HPOS="1623"
                          CONTENT="Quos,"/>
                  <SP HEIGHT="67" WIDTH="21" VPOS="633" HPOS="1815"/>
                  <String HEIGHT="67"
                          WIDTH="235"
                          VPOS="633"
                          HPOS="1751"
                          CONTENT="inquit,"/>
                  <SP HEIGHT="67" WIDTH="21" VPOS="633" HPOS="1986"/>
                  <String HEIGHT="67"
                          WIDTH="320"
                          VPOS="633"
                          HPOS="1922"
                          CONTENT="praesciuit,"/>
                  <SP HEIGHT="67" WIDTH="21" VPOS="633" HPOS="2242"/>
                  <String HEIGHT="67" WIDTH="43" VPOS="633" HPOS="2156" CONTENT=""/>
               </TextLine>
               <TextLine ID="r2l9"
                         BASELINE="753"
                         HEIGHT="73"
                         WIDTH="1649"
                         VPOS="680"
                         HPOS="554">
                  <String HEIGHT="73"
                          WIDTH="211"
                          VPOS="680"
                          HPOS="533"
                          CONTENT="eosdem"/>
                  <SP HEIGHT="73" WIDTH="21" VPOS="680" HPOS="744"/>
                  <String HEIGHT="73" WIDTH="106" VPOS="680" HPOS="681" CONTENT="&amp;"/>
                  <SP HEIGHT="73" WIDTH="21" VPOS="680" HPOS="787"/>
                  <String HEIGHT="73"
                          WIDTH="317"
                          VPOS="680"
                          HPOS="723"
                          CONTENT="praefiniuit"/>
                  <SP HEIGHT="73" WIDTH="21" VPOS="680" HPOS="1040"/>
                  <String HEIGHT="73" WIDTH="106" VPOS="680" HPOS="977" CONTENT=":"/>
                  <SP HEIGHT="73" WIDTH="21" VPOS="680" HPOS="1083"/>
                  <String HEIGHT="73" WIDTH="106" VPOS="680" HPOS="1019" CONTENT="&amp;"/>
                  <SP HEIGHT="73" WIDTH="21" VPOS="680" HPOS="1125"/>
                  <String HEIGHT="73"
                          WIDTH="169"
                          VPOS="680"
                          HPOS="1061"
                          CONTENT="quos"/>
                  <SP HEIGHT="73" WIDTH="21" VPOS="680" HPOS="1231"/>
                  <String HEIGHT="73"
                          WIDTH="338"
                          VPOS="680"
                          HPOS="1167"
                          CONTENT="praefiniuit,"/>
                  <SP HEIGHT="73" WIDTH="21" VPOS="680" HPOS="1505"/>
                  <String HEIGHT="73"
                          WIDTH="211"
                          VPOS="680"
                          HPOS="1442"
                          CONTENT="eosdem"/>
                  <SP HEIGHT="73" WIDTH="21" VPOS="680" HPOS="1653"/>
                  <String HEIGHT="73" WIDTH="106" VPOS="680" HPOS="1590" CONTENT="&amp;"/>
                  <SP HEIGHT="73" WIDTH="21" VPOS="680" HPOS="1696"/>
                  <String HEIGHT="73"
                          WIDTH="233"
                          VPOS="680"
                          HPOS="1632"
                          CONTENT="uocauit"/>
                  <SP HEIGHT="73" WIDTH="21" VPOS="680" HPOS="1865"/>
                  <String HEIGHT="73" WIDTH="106" VPOS="680" HPOS="1801" CONTENT=":"/>
                  <SP HEIGHT="73" WIDTH="21" VPOS="680" HPOS="1907"/>
                  <String HEIGHT="73" WIDTH="106" VPOS="680" HPOS="1844" CONTENT="&amp;"/>
                  <SP HEIGHT="73" WIDTH="21" VPOS="680" HPOS="1949"/>
                  <String HEIGHT="73"
                          WIDTH="169"
                          VPOS="680"
                          HPOS="1886"
                          CONTENT="quos"/>
                  <SP HEIGHT="73" WIDTH="21" VPOS="680" HPOS="2055"/>
                  <String HEIGHT="73"
                          WIDTH="254"
                          VPOS="680"
                          HPOS="1992"
                          CONTENT="uocauit,"/>
                  <SP HEIGHT="73" WIDTH="21" VPOS="680" HPOS="2245"/>
                  <String HEIGHT="73" WIDTH="42" VPOS="680" HPOS="2161" CONTENT=""/>
               </TextLine>
               <TextLine ID="r2l10"
                         BASELINE="808"
                         HEIGHT="72"
                         WIDTH="1647"
                         VPOS="736"
                         HPOS="547">
                  <String HEIGHT="72"
                          WIDTH="198"
                          VPOS="736"
                          HPOS="527"
                          CONTENT="eosdem"/>
                  <SP HEIGHT="72" WIDTH="20" VPOS="736" HPOS="726"/>
                  <String HEIGHT="72" WIDTH="99" VPOS="736" HPOS="666" CONTENT="&amp;"/>
                  <SP HEIGHT="72" WIDTH="20" VPOS="736" HPOS="765"/>
                  <String HEIGHT="72"
                          WIDTH="337"
                          VPOS="736"
                          HPOS="706"
                          CONTENT="iustificauit:"/>
                  <SP HEIGHT="72" WIDTH="20" VPOS="736" HPOS="1043"/>
                  <String HEIGHT="72"
                          WIDTH="159"
                          VPOS="736"
                          HPOS="984"
                          CONTENT="quos"/>
                  <SP HEIGHT="72" WIDTH="20" VPOS="736" HPOS="1142"/>
                  <String HEIGHT="72"
                          WIDTH="179"
                          VPOS="736"
                          HPOS="1083"
                          CONTENT="autem"/>
                  <SP HEIGHT="72" WIDTH="20" VPOS="736" HPOS="1261"/>
                  <String HEIGHT="72"
                          WIDTH="337"
                          VPOS="736"
                          HPOS="1202"
                          CONTENT="iustificauit,"/>
                  <SP HEIGHT="72" WIDTH="20" VPOS="736" HPOS="1539"/>
                  <String HEIGHT="72"
                          WIDTH="139"
                          VPOS="736"
                          HPOS="1480"
                          CONTENT="hos"/>
                  <SP HEIGHT="72" WIDTH="20" VPOS="736" HPOS="1619"/>
                  <String HEIGHT="72" WIDTH="99" VPOS="736" HPOS="1559" CONTENT="&amp;"/>
                  <SP HEIGHT="72" WIDTH="20" VPOS="736" HPOS="1658"/>
                  <String HEIGHT="72"
                          WIDTH="337"
                          VPOS="736"
                          HPOS="1599"
                          CONTENT="glorificauit."/>
                  <SP HEIGHT="72" WIDTH="20" VPOS="736" HPOS="1936"/>
                  <String HEIGHT="72"
                          WIDTH="159"
                          VPOS="736"
                          HPOS="1877"
                          CONTENT="Quid"/>
                  <SP HEIGHT="72" WIDTH="20" VPOS="736" HPOS="2035"/>
                  <String HEIGHT="72"
                          WIDTH="198"
                          VPOS="736"
                          HPOS="1976"
                          CONTENT="igitur"/>
                  <SP HEIGHT="72" WIDTH="20" VPOS="736" HPOS="2174"/>
                  <String HEIGHT="72"
                          WIDTH="99"
                          VPOS="736"
                          HPOS="2095"
                          CONTENT="di"
                          SUBS_TYPE="HypPart1"
                          SUBS_CONTENT="dicemus"/>
                  <HYP CONTENT="-"/>
               </TextLine>
               <TextLine ID="r2l11"
                         BASELINE="863"
                         HEIGHT="78"
                         WIDTH="1646"
                         VPOS="785"
                         HPOS="553">
                  <String HEIGHT="78"
                          WIDTH="178"
                          VPOS="785"
                          HPOS="533"
                          CONTENT="cemus"
                          SUBS_TYPE="HypPart2"
                          SUBS_CONTENT="dicemus"/>
                  <SP HEIGHT="78" WIDTH="20" VPOS="785" HPOS="712"/>
                  <String HEIGHT="78" WIDTH="119" VPOS="785" HPOS="652" CONTENT="ad"/>
                  <SP HEIGHT="78" WIDTH="20" VPOS="785" HPOS="771"/>
                  <String HEIGHT="78"
                          WIDTH="178"
                          VPOS="785"
                          HPOS="712"
                          CONTENT="haec?"/>
                  <SP HEIGHT="78" WIDTH="20" VPOS="785" HPOS="890"/>
                  <String HEIGHT="78" WIDTH="119" VPOS="785" HPOS="831" CONTENT="Si"/>
                  <SP HEIGHT="78" WIDTH="20" VPOS="785" HPOS="950"/>
                  <String HEIGHT="78"
                          WIDTH="159"
                          VPOS="785"
                          HPOS="890"
                          CONTENT="deus"/>
                  <SP HEIGHT="78" WIDTH="20" VPOS="785" HPOS="1049"/>
                  <String HEIGHT="78" WIDTH="139" VPOS="785" HPOS="989" CONTENT="pro"/>
                  <SP HEIGHT="78" WIDTH="20" VPOS="785" HPOS="1128"/>
                  <String HEIGHT="78"
                          WIDTH="198"
                          VPOS="785"
                          HPOS="1069"
                          CONTENT="nobis,"/>
                  <SP HEIGHT="78" WIDTH="20" VPOS="785" HPOS="1267"/>
                  <String HEIGHT="78"
                          WIDTH="159"
                          VPOS="785"
                          HPOS="1207"
                          CONTENT="quis"/>
                  <SP HEIGHT="78" WIDTH="20" VPOS="785" HPOS="1366"/>
                  <String HEIGHT="78"
                          WIDTH="198"
                          VPOS="785"
                          HPOS="1307"
                          CONTENT="contra"/>
                  <SP HEIGHT="78" WIDTH="20" VPOS="785" HPOS="1505"/>
                  <String HEIGHT="78"
                          WIDTH="159"
                          VPOS="785"
                          HPOS="1445"
                          CONTENT="nos?"/>
                  <SP HEIGHT="78" WIDTH="20" VPOS="785" HPOS="1604"/>
                  <String HEIGHT="78"
                          WIDTH="139"
                          VPOS="785"
                          HPOS="1545"
                          CONTENT="Qui"/>
                  <SP HEIGHT="78" WIDTH="20" VPOS="785" HPOS="1683"/>
                  <String HEIGHT="78"
                          WIDTH="218"
                          VPOS="785"
                          HPOS="1624"
                          CONTENT="proprio"/>
                  <SP HEIGHT="78" WIDTH="20" VPOS="785" HPOS="1842"/>
                  <String HEIGHT="78"
                          WIDTH="178"
                          VPOS="785"
                          HPOS="1783"
                          CONTENT="filio"/>
                  <SP HEIGHT="78" WIDTH="20" VPOS="785" HPOS="1961"/>
                  <String HEIGHT="78"
                          WIDTH="139"
                          VPOS="785"
                          HPOS="1902"
                          CONTENT="non"/>
                  <SP HEIGHT="78" WIDTH="20" VPOS="785" HPOS="2040"/>
                  <String HEIGHT="78"
                          WIDTH="258"
                          VPOS="785"
                          HPOS="1981"
                          CONTENT="pepercit,"/>
                  <SP HEIGHT="78" WIDTH="20" VPOS="785" HPOS="2239"/>
                  <String HEIGHT="78" WIDTH="40" VPOS="785" HPOS="2159" CONTENT=""/>
               </TextLine>
               <TextLine ID="r2l12"
                         BASELINE="917"
                         HEIGHT="74"
                         WIDTH="1653"
                         VPOS="843"
                         HPOS="548">
                  <String HEIGHT="74" WIDTH="148" VPOS="843" HPOS="527" CONTENT="sed"/>
                  <SP HEIGHT="74" WIDTH="21" VPOS="843" HPOS="675"/>
                  <String HEIGHT="74" WIDTH="148" VPOS="843" HPOS="612" CONTENT="pro"/>
                  <SP HEIGHT="74" WIDTH="21" VPOS="843" HPOS="760"/>
                  <String HEIGHT="74"
                          WIDTH="191"
                          VPOS="843"
                          HPOS="696"
                          CONTENT="nobis"/>
                  <SP HEIGHT="74" WIDTH="21" VPOS="843" HPOS="887"/>
                  <String HEIGHT="74"
                          WIDTH="233"
                          VPOS="843"
                          HPOS="824"
                          CONTENT="omnibus"/>
                  <SP HEIGHT="74" WIDTH="21" VPOS="843" HPOS="1057"/>
                  <String HEIGHT="74"
                          WIDTH="254"
                          VPOS="843"
                          HPOS="993"
                          CONTENT="tradidit"/>
                  <SP HEIGHT="74" WIDTH="21" VPOS="843" HPOS="1247"/>
                  <String HEIGHT="74"
                          WIDTH="212"
                          VPOS="843"
                          HPOS="1184"
                          CONTENT="illum,"/>
                  <SP HEIGHT="74" WIDTH="21" VPOS="843" HPOS="1396"/>
                  <String HEIGHT="74"
                          WIDTH="148"
                          VPOS="843"
                          HPOS="1332"
                          CONTENT="qui"/>
                  <SP HEIGHT="74" WIDTH="21" VPOS="843" HPOS="1480"/>
                  <String HEIGHT="74"
                          WIDTH="191"
                          VPOS="843"
                          HPOS="1417"
                          CONTENT="fieri"/>
                  <SP HEIGHT="74" WIDTH="21" VPOS="843" HPOS="1608"/>
                  <String HEIGHT="74"
                          WIDTH="233"
                          VPOS="843"
                          HPOS="1544"
                          CONTENT="potest,"/>
                  <SP HEIGHT="74" WIDTH="21" VPOS="843" HPOS="1777"/>
                  <String HEIGHT="74" WIDTH="127" VPOS="843" HPOS="1714" CONTENT="ut"/>
                  <SP HEIGHT="74" WIDTH="21" VPOS="843" HPOS="1841"/>
                  <String HEIGHT="74"
                          WIDTH="148"
                          VPOS="843"
                          HPOS="1777"
                          CONTENT="non"/>
                  <SP HEIGHT="74" WIDTH="21" VPOS="843" HPOS="1926"/>
                  <String HEIGHT="74" WIDTH="106" VPOS="843" HPOS="1862" CONTENT="&amp;"/>
                  <SP HEIGHT="74" WIDTH="21" VPOS="843" HPOS="1968"/>
                  <String HEIGHT="74"
                          WIDTH="148"
                          VPOS="843"
                          HPOS="1904"
                          CONTENT="cum"/>
                  <SP HEIGHT="74" WIDTH="21" VPOS="843" HPOS="2053"/>
                  <String HEIGHT="74"
                          WIDTH="191"
                          VPOS="843"
                          HPOS="1989"
                          CONTENT="eodem"/>
                  <SP HEIGHT="74" WIDTH="21" VPOS="843" HPOS="2180"/>
                  <String HEIGHT="74"
                          WIDTH="106"
                          VPOS="843"
                          HPOS="2095"
                          CONTENT="om"
                          SUBS_TYPE="HypPart1"
                          SUBS_CONTENT="omnia"/>
                  <HYP CONTENT="-"/>
               </TextLine>
               <TextLine ID="r2l13"
                         BASELINE="982"
                         HEIGHT="75"
                         WIDTH="1650"
                         VPOS="907"
                         HPOS="552">
                  <String HEIGHT="75"
                          WIDTH="146"
                          VPOS="907"
                          HPOS="531"
                          CONTENT="nia"
                          SUBS_TYPE="HypPart2"
                          SUBS_CONTENT="omnia"/>
                  <SP HEIGHT="75" WIDTH="21" VPOS="907" HPOS="677"/>
                  <String HEIGHT="75"
                          WIDTH="188"
                          VPOS="907"
                          HPOS="615"
                          CONTENT="nobis"/>
                  <SP HEIGHT="75" WIDTH="21" VPOS="907" HPOS="803"/>
                  <String HEIGHT="75"
                          WIDTH="209"
                          VPOS="907"
                          HPOS="740"
                          CONTENT="donet:"/>
                  <SP HEIGHT="75" WIDTH="21" VPOS="907" HPOS="949"/>
                  <String HEIGHT="75"
                          WIDTH="167"
                          VPOS="907"
                          HPOS="886"
                          CONTENT="Idem"/>
                  <SP HEIGHT="75" WIDTH="21" VPOS="907" HPOS="1053"/>
                  <String HEIGHT="75" WIDTH="125" VPOS="907" HPOS="991" CONTENT="ad"/>
                  <SP HEIGHT="75" WIDTH="21" VPOS="907" HPOS="1116"/>
                  <String HEIGHT="75"
                          WIDTH="251"
                          VPOS="907"
                          HPOS="1053"
                          CONTENT="Ephesios"/>
                  <SP HEIGHT="75" WIDTH="21" VPOS="907" HPOS="1304"/>
                  <String HEIGHT="75"
                          WIDTH="188"
                          VPOS="907"
                          HPOS="1241"
                          CONTENT="primo"/>
                  <SP HEIGHT="75" WIDTH="21" VPOS="907" HPOS="1429"/>
                  <String HEIGHT="75"
                          WIDTH="209"
                          VPOS="907"
                          HPOS="1367"
                          CONTENT="capite"/>
                  <SP HEIGHT="75" WIDTH="21" VPOS="907" HPOS="1575"/>
                  <String HEIGHT="75"
                          WIDTH="188"
                          VPOS="907"
                          HPOS="1513"
                          CONTENT="totum"/>
                  <SP HEIGHT="75" WIDTH="21" VPOS="907" HPOS="1701"/>
                  <String HEIGHT="75"
                          WIDTH="292"
                          VPOS="907"
                          HPOS="1638"
                          CONTENT="electionis"/>
                  <SP HEIGHT="75" WIDTH="21" VPOS="907" HPOS="1930"/>
                  <String HEIGHT="75" WIDTH="104" VPOS="907" HPOS="1868" CONTENT="&amp;"/>
                  <SP HEIGHT="75" WIDTH="21" VPOS="907" HPOS="1972"/>
                  <String HEIGHT="75"
                          WIDTH="230"
                          VPOS="907"
                          HPOS="1910"
                          CONTENT="salutis"/>
                  <SP HEIGHT="75" WIDTH="21" VPOS="907" HPOS="2139"/>
                  <String HEIGHT="75"
                          WIDTH="146"
                          VPOS="907"
                          HPOS="2056"
                          CONTENT="nego"
                          SUBS_TYPE="HypPart1"
                          SUBS_CONTENT="negotium"/>
                  <HYP CONTENT="-"/>
               </TextLine>
               <TextLine ID="r2l14"
                         BASELINE="1033"
                         HEIGHT="71"
                         WIDTH="1643"
                         VPOS="962"
                         HPOS="557">
                  <String HEIGHT="71"
                          WIDTH="160"
                          VPOS="962"
                          HPOS="537"
                          CONTENT="tium"
                          SUBS_TYPE="HypPart2"
                          SUBS_CONTENT="negotium"/>
                  <SP HEIGHT="71" WIDTH="20" VPOS="962" HPOS="697"/>
                  <String HEIGHT="71" WIDTH="140" VPOS="962" HPOS="637" CONTENT="cum"/>
                  <SP HEIGHT="71" WIDTH="20" VPOS="962" HPOS="777"/>
                  <String HEIGHT="71"
                          WIDTH="220"
                          VPOS="962"
                          HPOS="717"
                          CONTENT="omnibus"/>
                  <SP HEIGHT="71" WIDTH="20" VPOS="962" HPOS="938"/>
                  <String HEIGHT="71"
                          WIDTH="160"
                          VPOS="962"
                          HPOS="878"
                          CONTENT="suis"/>
                  <SP HEIGHT="71" WIDTH="20" VPOS="962" HPOS="1038"/>
                  <String HEIGHT="71"
                          WIDTH="240"
                          VPOS="962"
                          HPOS="978"
                          CONTENT="partibus"/>
                  <SP HEIGHT="71" WIDTH="20" VPOS="962" HPOS="1218"/>
                  <String HEIGHT="71" WIDTH="120" VPOS="962" HPOS="1158" CONTENT="ad"/>
                  <SP HEIGHT="71" WIDTH="20" VPOS="962" HPOS="1278"/>
                  <String HEIGHT="71"
                          WIDTH="220"
                          VPOS="962"
                          HPOS="1218"
                          CONTENT="gratiam"/>
                  <SP HEIGHT="71" WIDTH="20" VPOS="962" HPOS="1439"/>
                  <String HEIGHT="71"
                          WIDTH="140"
                          VPOS="962"
                          HPOS="1379"
                          CONTENT="dei"/>
                  <SP HEIGHT="71" WIDTH="20" VPOS="962" HPOS="1519"/>
                  <String HEIGHT="71"
                          WIDTH="240"
                          VPOS="962"
                          HPOS="1459"
                          CONTENT="retulit."/>
                  <SP HEIGHT="71" WIDTH="20" VPOS="962" HPOS="1699"/>
                  <String HEIGHT="71"
                          WIDTH="180"
                          VPOS="962"
                          HPOS="1639"
                          CONTENT="Porro"/>
                  <SP HEIGHT="71" WIDTH="20" VPOS="962" HPOS="1819"/>
                  <String HEIGHT="71"
                          WIDTH="200"
                          VPOS="962"
                          HPOS="1759"
                          CONTENT="sancti"/>
                  <SP HEIGHT="71" WIDTH="20" VPOS="962" HPOS="1960"/>
                  <String HEIGHT="71"
                          WIDTH="200"
                          VPOS="962"
                          HPOS="1899"
                          CONTENT="patres"/>
                  <SP HEIGHT="71" WIDTH="20" VPOS="962" HPOS="2100"/>
                  <String HEIGHT="71" WIDTH="120" VPOS="962" HPOS="2040" CONTENT="in"/>
                  <SP HEIGHT="71" WIDTH="20" VPOS="962" HPOS="2160"/>
                  <String HEIGHT="71"
                          WIDTH="120"
                          VPOS="962"
                          HPOS="2080"
                          CONTENT="Con"
                          SUBS_TYPE="HypPart1"
                          SUBS_CONTENT="Concilio"/>
                  <HYP CONTENT="-"/>
               </TextLine>
               <TextLine ID="r2l15"
                         BASELINE="1096"
                         HEIGHT="87"
                         WIDTH="1639"
                         VPOS="1009"
                         HPOS="556">
                  <String HEIGHT="87"
                          WIDTH="189"
                          VPOS="1009"
                          HPOS="535"
                          CONTENT="cilio"
                          SUBS_TYPE="HypPart2"
                          SUBS_CONTENT="Concilio"/>
                  <SP HEIGHT="87" WIDTH="21" VPOS="1009" HPOS="724"/>
                  <String HEIGHT="87"
                          WIDTH="336"
                          VPOS="1009"
                          HPOS="661"
                          CONTENT="Mileuentano,"/>
                  <SP HEIGHT="87" WIDTH="21" VPOS="1009" HPOS="997"/>
                  <String HEIGHT="87"
                          WIDTH="189"
                          VPOS="1009"
                          HPOS="934"
                          CONTENT="inter"/>
                  <SP HEIGHT="87" WIDTH="21" VPOS="1009" HPOS="1123"/>
                  <String HEIGHT="87"
                          WIDTH="168"
                          VPOS="1009"
                          HPOS="1060"
                          CONTENT="quos"/>
                  <SP HEIGHT="87" WIDTH="21" VPOS="1009" HPOS="1228"/>
                  <String HEIGHT="87"
                          WIDTH="189"
                          VPOS="1009"
                          HPOS="1165"
                          CONTENT="sedit"/>
                  <SP HEIGHT="87" WIDTH="21" VPOS="1009" HPOS="1354"/>
                  <String HEIGHT="87" WIDTH="105" VPOS="1009" HPOS="1291" CONTENT="&amp;"/>
                  <SP HEIGHT="87" WIDTH="21" VPOS="1009" HPOS="1397"/>
                  <String HEIGHT="87"
                          WIDTH="210"
                          VPOS="1009"
                          HPOS="1333"
                          CONTENT="beatus"/>
                  <SP HEIGHT="87" WIDTH="21" VPOS="1009" HPOS="1544"/>
                  <String HEIGHT="87"
                          WIDTH="315"
                          VPOS="1009"
                          HPOS="1481"
                          CONTENT="Augustinus,"/>
                  <SP HEIGHT="87" WIDTH="21" VPOS="1009" HPOS="1796"/>
                  <String HEIGHT="87"
                          WIDTH="126"
                          VPOS="1009"
                          HPOS="1733"
                          CONTENT="de"/>
                  <SP HEIGHT="87" WIDTH="21" VPOS="1009" HPOS="1859"/>
                  <String HEIGHT="87"
                          WIDTH="210"
                          VPOS="1009"
                          HPOS="1796"
                          CONTENT="gratia"/>
                  <SP HEIGHT="87" WIDTH="21" VPOS="1009" HPOS="2006"/>
                  <String HEIGHT="87"
                          WIDTH="147"
                          VPOS="1009"
                          HPOS="1943"
                          CONTENT="dei"/>
                  <SP HEIGHT="87" WIDTH="21" VPOS="1009" HPOS="2090"/>
                  <String HEIGHT="87"
                          WIDTH="189"
                          VPOS="1009"
                          HPOS="2006"
                          CONTENT="sequens"/>
               </TextLine>
               <TextLine ID="r2l16"
                         BASELINE="1140"
                         HEIGHT="77"
                         WIDTH="1653"
                         VPOS="1063"
                         HPOS="551">
                  <String HEIGHT="77"
                          WIDTH="306"
                          VPOS="1063"
                          HPOS="531"
                          CONTENT="condiderunt"/>
                  <SP HEIGHT="77" WIDTH="20" VPOS="1063" HPOS="837"/>
                  <String HEIGHT="77"
                          WIDTH="265"
                          VPOS="1063"
                          HPOS="775"
                          CONTENT="decretum,"/>
                  <SP HEIGHT="77" WIDTH="20" VPOS="1063" HPOS="1041"/>
                  <String HEIGHT="77" WIDTH="122" VPOS="1063" HPOS="980" CONTENT="Si"/>
                  <SP HEIGHT="77" WIDTH="20" VPOS="1063" HPOS="1102"/>
                  <String HEIGHT="77"
                          WIDTH="163"
                          VPOS="1063"
                          HPOS="1041"
                          CONTENT="quis"/>
                  <SP HEIGHT="77" WIDTH="20" VPOS="1063" HPOS="1204"/>
                  <String HEIGHT="77"
                          WIDTH="163"
                          VPOS="1063"
                          HPOS="1143"
                          CONTENT="sine"/>
                  <SP HEIGHT="77" WIDTH="20" VPOS="1063" HPOS="1306"/>
                  <String HEIGHT="77"
                          WIDTH="204"
                          VPOS="1063"
                          HPOS="1245"
                          CONTENT="gratia"/>
                  <SP HEIGHT="77" WIDTH="20" VPOS="1063" HPOS="1449"/>
                  <String HEIGHT="77"
                          WIDTH="163"
                          VPOS="1063"
                          HPOS="1388"
                          CONTENT="dei,"/>
                  <SP HEIGHT="77" WIDTH="20" VPOS="1063" HPOS="1551"/>
                  <String HEIGHT="77"
                          WIDTH="327"
                          VPOS="1063"
                          HPOS="1490"
                          CONTENT="credentibus,"/>
                  <SP HEIGHT="77" WIDTH="20" VPOS="1063" HPOS="1816"/>
                  <String HEIGHT="77"
                          WIDTH="306"
                          VPOS="1063"
                          HPOS="1755"
                          CONTENT="uolentibus,"/>
                  <SP HEIGHT="77" WIDTH="20" VPOS="1063" HPOS="2061"/>
                  <String HEIGHT="77"
                          WIDTH="224"
                          VPOS="1063"
                          HPOS="1980"
                          CONTENT="desideran"/>
               </TextLine>
               <TextLine ID="r2l17"
                         BASELINE="1201"
                         HEIGHT="80"
                         WIDTH="1641"
                         VPOS="1121"
                         HPOS="557">
                  <String HEIGHT="80"
                          WIDTH="200"
                          VPOS="1121"
                          HPOS="537"
                          CONTENT="tibus,"/>
                  <SP HEIGHT="80" WIDTH="20" VPOS="1121" HPOS="737"/>
                  <String HEIGHT="80"
                          WIDTH="300"
                          VPOS="1121"
                          HPOS="677"
                          CONTENT="conantibus,"/>
                  <SP HEIGHT="80" WIDTH="20" VPOS="1121" HPOS="977"/>
                  <String HEIGHT="80"
                          WIDTH="320"
                          VPOS="1121"
                          HPOS="917"
                          CONTENT="studentibus,"/>
                  <SP HEIGHT="80" WIDTH="20" VPOS="1121" HPOS="1237"/>
                  <String HEIGHT="80"
                          WIDTH="300"
                          VPOS="1121"
                          HPOS="1177"
                          CONTENT="petentibus,"/>
                  <SP HEIGHT="80" WIDTH="20" VPOS="1121" HPOS="1478"/>
                  <String HEIGHT="80"
                          WIDTH="340"
                          VPOS="1121"
                          HPOS="1418"
                          CONTENT="quaerentibus,"/>
                  <SP HEIGHT="80" WIDTH="20" VPOS="1121" HPOS="1758"/>
                  <String HEIGHT="80"
                          WIDTH="300"
                          VPOS="1121"
                          HPOS="1698"
                          CONTENT="pulsantibus"/>
                  <SP HEIGHT="80" WIDTH="20" VPOS="1121" HPOS="1998"/>
                  <String HEIGHT="80"
                          WIDTH="200"
                          VPOS="1121"
                          HPOS="1938"
                          CONTENT="nobis,"/>
                  <SP HEIGHT="80" WIDTH="20" VPOS="1121" HPOS="2138"/>
                  <String HEIGHT="80"
                          WIDTH="140"
                          VPOS="1121"
                          HPOS="2058"
                          CONTENT="mise"
                          SUBS_TYPE="HypPart1"
                          SUBS_CONTENT="misericordiam"/>
                  <HYP CONTENT="-"/>
               </TextLine>
               <TextLine ID="r2l18"
                         BASELINE="1253"
                         HEIGHT="60"
                         WIDTH="1647"
                         VPOS="1193"
                         HPOS="560">
                  <String HEIGHT="60"
                          WIDTH="271"
                          VPOS="1193"
                          HPOS="539"
                          CONTENT="ricordiam"
                          SUBS_TYPE="HypPart2"
                          SUBS_CONTENT="misericordiam"/>
                  <SP HEIGHT="60" WIDTH="21" VPOS="1193" HPOS="810"/>
                  <String HEIGHT="60"
                          WIDTH="188"
                          VPOS="1193"
                          HPOS="748"
                          CONTENT="dicit"/>
                  <SP HEIGHT="60" WIDTH="21" VPOS="1193" HPOS="935"/>
                  <String HEIGHT="60"
                          WIDTH="250"
                          VPOS="1193"
                          HPOS="873"
                          CONTENT="conferri"/>
                  <SP HEIGHT="60" WIDTH="21" VPOS="1193" HPOS="1123"/>
                  <String HEIGHT="60"
                          WIDTH="292"
                          VPOS="1193"
                          HPOS="1060"
                          CONTENT="diuinitus,"/>
                  <SP HEIGHT="60" WIDTH="21" VPOS="1193" HPOS="1352"/>
                  <String HEIGHT="60"
                          WIDTH="146"
                          VPOS="1193"
                          HPOS="1290"
                          CONTENT="non"/>
                  <SP HEIGHT="60" WIDTH="21" VPOS="1193" HPOS="1436"/>
                  <String HEIGHT="60"
                          WIDTH="188"
                          VPOS="1193"
                          HPOS="1373"
                          CONTENT="autem"/>
                  <SP HEIGHT="60" WIDTH="21" VPOS="1193" HPOS="1561"/>
                  <String HEIGHT="60"
                          WIDTH="125"
                          VPOS="1193"
                          HPOS="1498"
                          CONTENT="ut"/>
                  <SP HEIGHT="60" WIDTH="21" VPOS="1193" HPOS="1623"/>
                  <String HEIGHT="60"
                          WIDTH="271"
                          VPOS="1193"
                          HPOS="1561"
                          CONTENT="credamus,"/>
                  <SP HEIGHT="60" WIDTH="21" VPOS="1193" HPOS="1832"/>
                  <String HEIGHT="60"
                          WIDTH="250"
                          VPOS="1193"
                          HPOS="1769"
                          CONTENT="uelimus,"/>
                  <SP HEIGHT="60" WIDTH="21" VPOS="1193" HPOS="2019"/>
                  <String HEIGHT="60"
                          WIDTH="146"
                          VPOS="1193"
                          HPOS="1957"
                          CONTENT="uel"/>
                  <SP HEIGHT="60" WIDTH="21" VPOS="1193" HPOS="2103"/>
                  <String HEIGHT="60"
                          WIDTH="167"
                          VPOS="1193"
                          HPOS="2040"
                          CONTENT="haec"/>
                  <SP HEIGHT="60" WIDTH="21" VPOS="1193" HPOS="2207"/>
                  <String HEIGHT="60" WIDTH="83" VPOS="1193" HPOS="2124" CONTENT="om"/>
               </TextLine>
               <TextLine ID="r2l19"
                         BASELINE="1312"
                         HEIGHT="79"
                         WIDTH="1651"
                         VPOS="1233"
                         HPOS="555">
                  <String HEIGHT="79"
                          WIDTH="169"
                          VPOS="1233"
                          HPOS="534"
                          CONTENT="nia,"/>
                  <SP HEIGHT="79" WIDTH="21" VPOS="1233" HPOS="703"/>
                  <String HEIGHT="79"
                          WIDTH="191"
                          VPOS="1233"
                          HPOS="640"
                          CONTENT="sicut"/>
                  <SP HEIGHT="79" WIDTH="21" VPOS="1233" HPOS="830"/>
                  <String HEIGHT="79"
                          WIDTH="233"
                          VPOS="1233"
                          HPOS="767"
                          CONTENT="oportet"/>
                  <SP HEIGHT="79" WIDTH="21" VPOS="1233" HPOS="1000"/>
                  <String HEIGHT="79"
                          WIDTH="191"
                          VPOS="1233"
                          HPOS="936"
                          CONTENT="omnia"/>
                  <SP HEIGHT="79" WIDTH="21" VPOS="1233" HPOS="1126"/>
                  <String HEIGHT="79"
                          WIDTH="191"
                          VPOS="1233"
                          HPOS="1063"
                          CONTENT="agere"/>
                  <SP HEIGHT="79" WIDTH="21" VPOS="1233" HPOS="1253"/>
                  <String HEIGHT="79"
                          WIDTH="275"
                          VPOS="1233"
                          HPOS="1190"
                          CONTENT="ualeamus,"/>
                  <SP HEIGHT="79" WIDTH="21" VPOS="1233" HPOS="1465"/>
                  <String HEIGHT="79"
                          WIDTH="148"
                          VPOS="1233"
                          HPOS="1402"
                          CONTENT="per"/>
                  <SP HEIGHT="79" WIDTH="21" VPOS="1233" HPOS="1550"/>
                  <String HEIGHT="79"
                          WIDTH="296"
                          VPOS="1233"
                          HPOS="1486"
                          CONTENT="infusionem"/>
                  <SP HEIGHT="79" WIDTH="21" VPOS="1233" HPOS="1783"/>
                  <String HEIGHT="79" WIDTH="106" VPOS="1233" HPOS="1719" CONTENT="&amp;"/>
                  <SP HEIGHT="79" WIDTH="21" VPOS="1233" HPOS="1825"/>
                  <String HEIGHT="79"
                          WIDTH="360"
                          VPOS="1233"
                          HPOS="1762"
                          CONTENT="inspirationem"/>
                  <SP HEIGHT="79" WIDTH="21" VPOS="1233" HPOS="2121"/>
                  <String HEIGHT="79"
                          WIDTH="169"
                          VPOS="1233"
                          HPOS="2037"
                          CONTENT="sancti"/>
               </TextLine>
               <TextLine ID="r2l20"
                         BASELINE="1376"
                         HEIGHT="87"
                         WIDTH="1647"
                         VPOS="1289"
                         HPOS="552">
                  <String HEIGHT="87"
                          WIDTH="235"
                          VPOS="1289"
                          HPOS="532"
                          CONTENT="spiritus"/>
                  <SP HEIGHT="87" WIDTH="20" VPOS="1289" HPOS="768"/>
                  <String HEIGHT="87" WIDTH="118" VPOS="1289" HPOS="709" CONTENT="in"/>
                  <SP HEIGHT="87" WIDTH="20" VPOS="1289" HPOS="827"/>
                  <String HEIGHT="87"
                          WIDTH="176"
                          VPOS="1289"
                          HPOS="768"
                          CONTENT="nobis"/>
                  <SP HEIGHT="87" WIDTH="20" VPOS="1289" HPOS="944"/>
                  <String HEIGHT="87"
                          WIDTH="176"
                          VPOS="1289"
                          HPOS="885"
                          CONTENT="fieri"/>
                  <SP HEIGHT="87" WIDTH="20" VPOS="1289" HPOS="1062"/>
                  <String HEIGHT="87"
                          WIDTH="294"
                          VPOS="1289"
                          HPOS="1003"
                          CONTENT="confitetur:"/>
                  <SP HEIGHT="87" WIDTH="20" VPOS="1289" HPOS="1297"/>
                  <String HEIGHT="87" WIDTH="98" VPOS="1289" HPOS="1238" CONTENT="&amp;"/>
                  <SP HEIGHT="87" WIDTH="20" VPOS="1289" HPOS="1336"/>
                  <String HEIGHT="87"
                          WIDTH="137"
                          VPOS="1289"
                          HPOS="1277"
                          CONTENT="aut"/>
                  <SP HEIGHT="87" WIDTH="20" VPOS="1289" HPOS="1415"/>
                  <String HEIGHT="87"
                          WIDTH="275"
                          VPOS="1289"
                          HPOS="1356"
                          CONTENT="humilitati"/>
                  <SP HEIGHT="87" WIDTH="20" VPOS="1289" HPOS="1630"/>
                  <String HEIGHT="87"
                          WIDTH="137"
                          VPOS="1289"
                          HPOS="1572"
                          CONTENT="aut"/>
                  <SP HEIGHT="87" WIDTH="20" VPOS="1289" HPOS="1709"/>
                  <String HEIGHT="87"
                          WIDTH="294"
                          VPOS="1289"
                          HPOS="1650"
                          CONTENT="obedientiae"/>
                  <SP HEIGHT="87" WIDTH="20" VPOS="1289" HPOS="1944"/>
                  <String HEIGHT="87"
                          WIDTH="235"
                          VPOS="1289"
                          HPOS="1885"
                          CONTENT="humanae,"/>
                  <SP HEIGHT="87" WIDTH="20" VPOS="1289" HPOS="2121"/>
                  <String HEIGHT="87"
                          WIDTH="157"
                          VPOS="1289"
                          HPOS="2042"
                          CONTENT="subiun"/>
               </TextLine>
               <TextLine ID="r2l21"
                         BASELINE="1434"
                         HEIGHT="73"
                         WIDTH="1650"
                         VPOS="1361"
                         HPOS="553">
                  <String HEIGHT="73"
                          WIDTH="148"
                          VPOS="1361"
                          HPOS="532"
                          CONTENT="git"/>
                  <SP HEIGHT="73" WIDTH="21" VPOS="1361" HPOS="680"/>
                  <String HEIGHT="73"
                          WIDTH="233"
                          VPOS="1361"
                          HPOS="616"
                          CONTENT="gratiae"/>
                  <SP HEIGHT="73" WIDTH="21" VPOS="1361" HPOS="849"/>
                  <String HEIGHT="73"
                          WIDTH="317"
                          VPOS="1361"
                          HPOS="786"
                          CONTENT="adiutorium:"/>
                  <SP HEIGHT="73" WIDTH="21" VPOS="1361" HPOS="1103"/>
                  <String HEIGHT="73"
                          WIDTH="148"
                          VPOS="1361"
                          HPOS="1040"
                          CONTENT="nec"/>
                  <SP HEIGHT="73" WIDTH="21" VPOS="1361" HPOS="1188"/>
                  <String HEIGHT="73"
                          WIDTH="127"
                          VPOS="1361"
                          HPOS="1124"
                          CONTENT="ut"/>
                  <SP HEIGHT="73" WIDTH="21" VPOS="1361" HPOS="1251"/>
                  <String HEIGHT="73"
                          WIDTH="296"
                          VPOS="1361"
                          HPOS="1188"
                          CONTENT="obedientes"/>
                  <SP HEIGHT="73" WIDTH="21" VPOS="1361" HPOS="1484"/>
                  <String HEIGHT="73" WIDTH="106" VPOS="1361" HPOS="1420" CONTENT="&amp;"/>
                  <SP HEIGHT="73" WIDTH="21" VPOS="1361" HPOS="1526"/>
                  <String HEIGHT="73"
                          WIDTH="233"
                          VPOS="1361"
                          HPOS="1463"
                          CONTENT="humiles"/>
                  <SP HEIGHT="73" WIDTH="21" VPOS="1361" HPOS="1695"/>
                  <String HEIGHT="73"
                          WIDTH="190"
                          VPOS="1361"
                          HPOS="1632"
                          CONTENT="simus"/>
                  <SP HEIGHT="73" WIDTH="21" VPOS="1361" HPOS="1822"/>
                  <String HEIGHT="73"
                          WIDTH="212"
                          VPOS="1361"
                          HPOS="1759"
                          CONTENT="ipsius"/>
                  <SP HEIGHT="73" WIDTH="21" VPOS="1361" HPOS="1970"/>
                  <String HEIGHT="73"
                          WIDTH="233"
                          VPOS="1361"
                          HPOS="1907"
                          CONTENT="gratiae"/>
                  <SP HEIGHT="73" WIDTH="21" VPOS="1361" HPOS="2140"/>
                  <String HEIGHT="73"
                          WIDTH="148"
                          VPOS="1361"
                          HPOS="2055"
                          CONTENT="donum"/>
               </TextLine>
               <TextLine ID="r2l22"
                         BASELINE="1475"
                         HEIGHT="56"
                         WIDTH="1661"
                         VPOS="1419"
                         HPOS="553">
                  <String HEIGHT="56"
                          WIDTH="164"
                          VPOS="1419"
                          HPOS="532"
                          CONTENT="esse"/>
                  <SP HEIGHT="56" WIDTH="21" VPOS="1419" HPOS="697"/>
                  <String HEIGHT="56"
                          WIDTH="287"
                          VPOS="1419"
                          HPOS="635"
                          CONTENT="consentit,"/>
                  <SP HEIGHT="56" WIDTH="21" VPOS="1419" HPOS="922"/>
                  <String HEIGHT="56"
                          WIDTH="246"
                          VPOS="1419"
                          HPOS="861"
                          CONTENT="resistit"/>
                  <SP HEIGHT="56" WIDTH="21" VPOS="1419" HPOS="1107"/>
                  <String HEIGHT="56"
                          WIDTH="246"
                          VPOS="1419"
                          HPOS="1045"
                          CONTENT="apostolo"/>
                  <SP HEIGHT="56" WIDTH="21" VPOS="1419" HPOS="1291"/>
                  <String HEIGHT="56"
                          WIDTH="246"
                          VPOS="1419"
                          HPOS="1230"
                          CONTENT="dicenti,"/>
                  <SP HEIGHT="56" WIDTH="21" VPOS="1419" HPOS="1476"/>
                  <String HEIGHT="56"
                          WIDTH="164"
                          VPOS="1419"
                          HPOS="1414"
                          CONTENT="Quid"/>
                  <SP HEIGHT="56" WIDTH="21" VPOS="1419" HPOS="1578"/>
                  <String HEIGHT="56"
                          WIDTH="164"
                          VPOS="1419"
                          HPOS="1517"
                          CONTENT="enim"/>
                  <SP HEIGHT="56" WIDTH="21" VPOS="1419" HPOS="1681"/>
                  <String HEIGHT="56"
                          WIDTH="185"
                          VPOS="1419"
                          HPOS="1619"
                          CONTENT="habes"/>
                  <SP HEIGHT="56" WIDTH="21" VPOS="1419" HPOS="1804"/>
                  <String HEIGHT="56"
                          WIDTH="164"
                          VPOS="1419"
                          HPOS="1742"
                          CONTENT="quod"/>
                  <SP HEIGHT="56" WIDTH="21" VPOS="1419" HPOS="1906"/>
                  <String HEIGHT="56"
                          WIDTH="144"
                          VPOS="1419"
                          HPOS="1845"
                          CONTENT="non"/>
                  <SP HEIGHT="56" WIDTH="21" VPOS="1419" HPOS="1988"/>
                  <String HEIGHT="56"
                          WIDTH="287"
                          VPOS="1419"
                          HPOS="1927"
                          CONTENT="accepisti?"/>
                  <SP HEIGHT="56" WIDTH="21" VPOS="1419" HPOS="2214"/>
                  <String HEIGHT="56" WIDTH="82" VPOS="1419" HPOS="2132" CONTENT="Et"/>
               </TextLine>
               <TextLine ID="r2l23"
                         BASELINE="1549"
                         HEIGHT="90"
                         WIDTH="1645"
                         VPOS="1459"
                         HPOS="552">
                  <String HEIGHT="90"
                          WIDTH="211"
                          VPOS="1459"
                          HPOS="531"
                          CONTENT="gratia"/>
                  <SP HEIGHT="90" WIDTH="21" VPOS="1459" HPOS="742"/>
                  <String HEIGHT="90"
                          WIDTH="148"
                          VPOS="1459"
                          HPOS="679"
                          CONTENT="dei"/>
                  <SP HEIGHT="90" WIDTH="21" VPOS="1459" HPOS="826"/>
                  <String HEIGHT="90"
                          WIDTH="148"
                          VPOS="1459"
                          HPOS="763"
                          CONTENT="sum"/>
                  <SP HEIGHT="90" WIDTH="21" VPOS="1459" HPOS="911"/>
                  <String HEIGHT="90" WIDTH="127" VPOS="1459" HPOS="847" CONTENT="id"/>
                  <SP HEIGHT="90" WIDTH="21" VPOS="1459" HPOS="974"/>
                  <String HEIGHT="90"
                          WIDTH="169"
                          VPOS="1459"
                          HPOS="911"
                          CONTENT="quod"/>
                  <SP HEIGHT="90" WIDTH="21" VPOS="1459" HPOS="1079"/>
                  <String HEIGHT="90"
                          WIDTH="169"
                          VPOS="1459"
                          HPOS="1016"
                          CONTENT="sum."/>
                  <SP HEIGHT="90" WIDTH="21" VPOS="1459" HPOS="1185"/>
                  <String HEIGHT="90"
                          WIDTH="169"
                          VPOS="1459"
                          HPOS="1121"
                          CONTENT="Haec"/>
                  <SP HEIGHT="90" WIDTH="21" VPOS="1459" HPOS="1290"/>
                  <String HEIGHT="90"
                          WIDTH="190"
                          VPOS="1459"
                          HPOS="1227"
                          CONTENT="illi."/>
                  <SP HEIGHT="90" WIDTH="21" VPOS="1459" HPOS="1417"/>
                  <String HEIGHT="90"
                          WIDTH="253"
                          VPOS="1459"
                          HPOS="1353"
                          CONTENT="Expensis"/>
                  <SP HEIGHT="90" WIDTH="21" VPOS="1459" HPOS="1606"/>
                  <String HEIGHT="90"
                          WIDTH="190"
                          VPOS="1459"
                          HPOS="1543"
                          CONTENT="autem"/>
                  <SP HEIGHT="90" WIDTH="21" VPOS="1459" HPOS="1733"/>
                  <String HEIGHT="90"
                          WIDTH="148"
                          VPOS="1459"
                          HPOS="1670"
                          CONTENT="his"/>
                  <SP HEIGHT="90" WIDTH="21" VPOS="1459" HPOS="1817"/>
                  <String HEIGHT="90"
                          WIDTH="148"
                          VPOS="1459"
                          HPOS="1754"
                          CONTENT="cum"/>
                  <SP HEIGHT="90" WIDTH="21" VPOS="1459" HPOS="1902"/>
                  <String HEIGHT="90"
                          WIDTH="232"
                          VPOS="1459"
                          HPOS="1838"
                          CONTENT="diuinis"/>
                  <SP HEIGHT="90" WIDTH="21" VPOS="1459" HPOS="2070"/>
                  <String HEIGHT="90"
                          WIDTH="148"
                          VPOS="1459"
                          HPOS="2007"
                          CONTENT="tum"/>
                  <SP HEIGHT="90" WIDTH="21" VPOS="1459" HPOS="2155"/>
                  <String HEIGHT="90"
                          WIDTH="127"
                          VPOS="1459"
                          HPOS="2070"
                          CONTENT="huma"/>
               </TextLine>
               <TextLine ID="r2l24"
                         BASELINE="1592"
                         HEIGHT="66"
                         WIDTH="1650"
                         VPOS="1526"
                         HPOS="553">
                  <String HEIGHT="66"
                          WIDTH="138"
                          VPOS="1526"
                          HPOS="533"
                          CONTENT="nis"/>
                  <SP HEIGHT="66" WIDTH="20" VPOS="1526" HPOS="671"/>
                  <String HEIGHT="66"
                          WIDTH="314"
                          VPOS="1526"
                          HPOS="612"
                          CONTENT="testimonijs,"/>
                  <SP HEIGHT="66" WIDTH="20" VPOS="1526" HPOS="926"/>
                  <String HEIGHT="66"
                          WIDTH="216"
                          VPOS="1526"
                          HPOS="867"
                          CONTENT="neminem"/>
                  <SP HEIGHT="66" WIDTH="20" VPOS="1526" HPOS="1083"/>
                  <String HEIGHT="66"
                          WIDTH="177"
                          VPOS="1526"
                          HPOS="1024"
                          CONTENT="porro"/>
                  <SP HEIGHT="66" WIDTH="20" VPOS="1526" HPOS="1201"/>
                  <String HEIGHT="66"
                          WIDTH="216"
                          VPOS="1526"
                          HPOS="1142"
                          CONTENT="futurum"/>
                  <SP HEIGHT="66" WIDTH="20" VPOS="1526" HPOS="1358"/>
                  <String HEIGHT="66"
                          WIDTH="255"
                          VPOS="1526"
                          HPOS="1299"
                          CONTENT="arbitror,"/>
                  <SP HEIGHT="66" WIDTH="20" VPOS="1526" HPOS="1555"/>
                  <String HEIGHT="66"
                          WIDTH="138"
                          VPOS="1526"
                          HPOS="1496"
                          CONTENT="qui"/>
                  <SP HEIGHT="66" WIDTH="20" VPOS="1526" HPOS="1633"/>
                  <String HEIGHT="66"
                          WIDTH="138"
                          VPOS="1526"
                          HPOS="1574"
                          CONTENT="non"/>
                  <SP HEIGHT="66" WIDTH="20" VPOS="1526" HPOS="1712"/>
                  <String HEIGHT="66"
                          WIDTH="275"
                          VPOS="1526"
                          HPOS="1653"
                          CONTENT="intelligat"/>
                  <SP HEIGHT="66" WIDTH="20" VPOS="1526" HPOS="1928"/>
                  <String HEIGHT="66"
                          WIDTH="118"
                          VPOS="1526"
                          HPOS="1869"
                          CONTENT="id"/>
                  <SP HEIGHT="66" WIDTH="20" VPOS="1526" HPOS="1987"/>
                  <String HEIGHT="66"
                          WIDTH="157"
                          VPOS="1526"
                          HPOS="1928"
                          CONTENT="esse"/>
                  <SP HEIGHT="66" WIDTH="20" VPOS="1526" HPOS="2085"/>
                  <String HEIGHT="66"
                          WIDTH="138"
                          VPOS="1526"
                          HPOS="2026"
                          CONTENT="dei"/>
                  <SP HEIGHT="66" WIDTH="20" VPOS="1526" HPOS="2164"/>
                  <String HEIGHT="66"
                          WIDTH="118"
                          VPOS="1526"
                          HPOS="2085"
                          CONTENT="gra"
                          SUBS_TYPE="HypPart1"
                          SUBS_CONTENT="gratiam"/>
                  <HYP CONTENT="-"/>
               </TextLine>
               <TextLine ID="r2l25"
                         BASELINE="1644"
                         HEIGHT="73"
                         WIDTH="1642"
                         VPOS="1571"
                         HPOS="556">
                  <String HEIGHT="73"
                          WIDTH="178"
                          VPOS="1571"
                          HPOS="534"
                          CONTENT="tiam"
                          SUBS_TYPE="HypPart2"
                          SUBS_CONTENT="gratiam"/>
                  <SP HEIGHT="73" WIDTH="22" VPOS="1571" HPOS="711"/>
                  <String HEIGHT="73"
                          WIDTH="178"
                          VPOS="1571"
                          HPOS="645"
                          CONTENT="quod"/>
                  <SP HEIGHT="73" WIDTH="22" VPOS="1571" HPOS="822"/>
                  <String HEIGHT="73"
                          WIDTH="266"
                          VPOS="1571"
                          HPOS="756"
                          CONTENT="diximus,"/>
                  <SP HEIGHT="73" WIDTH="22" VPOS="1571" HPOS="1022"/>
                  <String HEIGHT="73"
                          WIDTH="200"
                          VPOS="1571"
                          HPOS="955"
                          CONTENT="nempe"/>
                  <SP HEIGHT="73" WIDTH="22" VPOS="1571" HPOS="1155"/>
                  <String HEIGHT="73"
                          WIDTH="244"
                          VPOS="1571"
                          HPOS="1089"
                          CONTENT="fauorem"/>
                  <SP HEIGHT="73" WIDTH="22" VPOS="1571" HPOS="1333"/>
                  <String HEIGHT="73"
                          WIDTH="444"
                          VPOS="1571"
                          HPOS="1266"
                          CONTENT="beneuolentiamque"/>
                  <SP HEIGHT="73" WIDTH="22" VPOS="1571" HPOS="1710"/>
                  <String HEIGHT="73"
                          WIDTH="244"
                          VPOS="1571"
                          HPOS="1643"
                          CONTENT="numinis"/>
                  <SP HEIGHT="73" WIDTH="22" VPOS="1571" HPOS="1887"/>
                  <String HEIGHT="73"
                          WIDTH="266"
                          VPOS="1571"
                          HPOS="1821"
                          CONTENT="aeterni,"/>
                  <SP HEIGHT="73" WIDTH="22" VPOS="1571" HPOS="2087"/>
                  <String HEIGHT="73"
                          WIDTH="155"
                          VPOS="1571"
                          HPOS="2020"
                          CONTENT="qua"/>
                  <SP HEIGHT="73" WIDTH="22" VPOS="1571" HPOS="2176"/>
                  <String HEIGHT="73"
                          WIDTH="111"
                          VPOS="1571"
                          HPOS="2087"
                          CONTENT="pro"/>
               </TextLine>
               <TextLine ID="r2l26"
                         BASELINE="1704"
                         HEIGHT="71"
                         WIDTH="1646"
                         VPOS="1633"
                         HPOS="558">
                  <String HEIGHT="71"
                          WIDTH="235"
                          VPOS="1633"
                          HPOS="537"
                          CONTENT="immensa"/>
                  <SP HEIGHT="71" WIDTH="21" VPOS="1633" HPOS="772"/>
                  <String HEIGHT="71"
                          WIDTH="150"
                          VPOS="1633"
                          HPOS="708"
                          CONTENT="sua"/>
                  <SP HEIGHT="71" WIDTH="21" VPOS="1633" HPOS="857"/>
                  <String HEIGHT="71"
                          WIDTH="257"
                          VPOS="1633"
                          HPOS="793"
                          CONTENT="bonitate"/>
                  <SP HEIGHT="71" WIDTH="21" VPOS="1633" HPOS="1050"/>
                  <String HEIGHT="71"
                          WIDTH="235"
                          VPOS="1633"
                          HPOS="986"
                          CONTENT="homines"/>
                  <SP HEIGHT="71" WIDTH="21" VPOS="1633" HPOS="1221"/>
                  <String HEIGHT="71"
                          WIDTH="214"
                          VPOS="1633"
                          HPOS="1157"
                          CONTENT="gratis"/>
                  <SP HEIGHT="71" WIDTH="21" VPOS="1633" HPOS="1370"/>
                  <String HEIGHT="71"
                          WIDTH="235"
                          VPOS="1633"
                          HPOS="1306"
                          CONTENT="propter"/>
                  <SP HEIGHT="71" WIDTH="21" VPOS="1633" HPOS="1541"/>
                  <String HEIGHT="71"
                          WIDTH="257"
                          VPOS="1633"
                          HPOS="1477"
                          CONTENT="Christum"/>
                  <SP HEIGHT="71" WIDTH="21" VPOS="1633" HPOS="1734"/>
                  <String HEIGHT="71"
                          WIDTH="363"
                          VPOS="1633"
                          HPOS="1670"
                          CONTENT="complectatur,"/>
                  <SP HEIGHT="71" WIDTH="21" VPOS="1633" HPOS="2033"/>
                  <String HEIGHT="71"
                          WIDTH="214"
                          VPOS="1633"
                          HPOS="1969"
                          CONTENT="uocet,"/>
                  <SP HEIGHT="71" WIDTH="21" VPOS="1633" HPOS="2183"/>
                  <String HEIGHT="71"
                          WIDTH="107"
                          VPOS="1633"
                          HPOS="2097"
                          CONTENT="iu"
                          SUBS_TYPE="HypPart1"
                          SUBS_CONTENT="iustificet"/>
                  <HYP CONTENT="-"/>
               </TextLine>
               <TextLine ID="r2l27"
                         BASELINE="1763"
                         HEIGHT="68"
                         WIDTH="335"
                         VPOS="1695"
                         HPOS="562">
                  <String HEIGHT="68"
                          WIDTH="212"
                          VPOS="1695"
                          HPOS="544"
                          CONTENT="stificet"
                          SUBS_TYPE="HypPart2"
                          SUBS_CONTENT="iustificet"/>
                  <SP HEIGHT="68" WIDTH="18" VPOS="1695" HPOS="756"/>
                  <String HEIGHT="68" WIDTH="88" VPOS="1695" HPOS="703" CONTENT="&amp;"/>
                  <SP HEIGHT="68" WIDTH="18" VPOS="1695" HPOS="791"/>
                  <String HEIGHT="68"
                          WIDTH="194"
                          VPOS="1695"
                          HPOS="738"
                          CONTENT="saluet."/>
                  <SP HEIGHT="68" WIDTH="18" VPOS="1695" HPOS="932"/>
                  <String HEIGHT="68" WIDTH="35" VPOS="1695" HPOS="862" CONTENT=""/>
               </TextLine>
               <TextLine ID="r2l28"
                         BASELINE="1812"
                         HEIGHT="79"
                         WIDTH="1577"
                         VPOS="1733"
                         HPOS="632">
                  <String HEIGHT="79" WIDTH="131" VPOS="1733" HPOS="610" CONTENT="D."/>
                  <SP HEIGHT="79" WIDTH="22" VPOS="1733" HPOS="742"/>
                  <String HEIGHT="79"
                          WIDTH="219"
                          VPOS="1733"
                          HPOS="676"
                          CONTENT="Aurel."/>
                  <SP HEIGHT="79" WIDTH="22" VPOS="1733" HPOS="895"/>
                  <String HEIGHT="79"
                          WIDTH="285"
                          VPOS="1733"
                          HPOS="829"
                          CONTENT="Augustino"/>
                  <SP HEIGHT="79" WIDTH="22" VPOS="1733" HPOS="1114"/>
                  <String HEIGHT="79"
                          WIDTH="219"
                          VPOS="1733"
                          HPOS="1048"
                          CONTENT="grauis"/>
                  <SP HEIGHT="79" WIDTH="22" VPOS="1733" HPOS="1267"/>
                  <String HEIGHT="79"
                          WIDTH="175"
                          VPOS="1733"
                          HPOS="1201"
                          CONTENT="fuit"/>
                  <SP HEIGHT="79" WIDTH="22" VPOS="1733" HPOS="1377"/>
                  <String HEIGHT="79"
                          WIDTH="197"
                          VPOS="1733"
                          HPOS="1311"
                          CONTENT="pugna"/>
                  <SP HEIGHT="79" WIDTH="22" VPOS="1733" HPOS="1508"/>
                  <String HEIGHT="79"
                          WIDTH="153"
                          VPOS="1733"
                          HPOS="1442"
                          CONTENT="cum"/>
                  <SP HEIGHT="79" WIDTH="22" VPOS="1733" HPOS="1596"/>
                  <String HEIGHT="79"
                          WIDTH="241"
                          VPOS="1733"
                          HPOS="1530"
                          CONTENT="Pelagio"/>
                  <SP HEIGHT="79" WIDTH="22" VPOS="1733" HPOS="1771"/>
                  <String HEIGHT="79"
                          WIDTH="263"
                          VPOS="1733"
                          HPOS="1705"
                          CONTENT="Brittone"/>
                  <SP HEIGHT="79" WIDTH="22" VPOS="1733" HPOS="1968"/>
                  <String HEIGHT="79"
                          WIDTH="197"
                          VPOS="1733"
                          HPOS="1902"
                          CONTENT="super"/>
                  <SP HEIGHT="79" WIDTH="22" VPOS="1733" HPOS="2099"/>
                  <String HEIGHT="79"
                          WIDTH="197"
                          VPOS="1733"
                          HPOS="2012"
                          CONTENT="negotio"/>
               </TextLine>
               <TextLine ID="r2l29"
                         BASELINE="1878"
                         HEIGHT="68"
                         WIDTH="1653"
                         VPOS="1810"
                         HPOS="559">
                  <String HEIGHT="68"
                          WIDTH="227"
                          VPOS="1810"
                          HPOS="538"
                          CONTENT="gratiae"/>
                  <SP HEIGHT="68" WIDTH="21" VPOS="1810" HPOS="766"/>
                  <String HEIGHT="68"
                          WIDTH="165"
                          VPOS="1810"
                          HPOS="704"
                          CONTENT="dei."/>
                  <SP HEIGHT="68" WIDTH="21" VPOS="1810" HPOS="869"/>
                  <String HEIGHT="68"
                          WIDTH="145"
                          VPOS="1810"
                          HPOS="807"
                          CONTENT="Hic"/>
                  <SP HEIGHT="68" WIDTH="21" VPOS="1810" HPOS="952"/>
                  <String HEIGHT="68"
                          WIDTH="165"
                          VPOS="1810"
                          HPOS="890"
                          CONTENT="enim"/>
                  <SP HEIGHT="68" WIDTH="21" VPOS="1810" HPOS="1055"/>
                  <String HEIGHT="68"
                          WIDTH="145"
                          VPOS="1810"
                          HPOS="993"
                          CONTENT="per"/>
                  <SP HEIGHT="68" WIDTH="21" VPOS="1810" HPOS="1138"/>
                  <String HEIGHT="68"
                          WIDTH="227"
                          VPOS="1810"
                          HPOS="1076"
                          CONTENT="gratiam"/>
                  <SP HEIGHT="68" WIDTH="21" VPOS="1810" HPOS="1303"/>
                  <String HEIGHT="68"
                          WIDTH="186"
                          VPOS="1810"
                          HPOS="1241"
                          CONTENT="aliud"/>
                  <SP HEIGHT="68" WIDTH="21" VPOS="1810" HPOS="1427"/>
                  <String HEIGHT="68"
                          WIDTH="186"
                          VPOS="1810"
                          HPOS="1365"
                          CONTENT="nihil"/>
                  <SP HEIGHT="68" WIDTH="21" VPOS="1810" HPOS="1551"/>
                  <String HEIGHT="68"
                          WIDTH="331"
                          VPOS="1810"
                          HPOS="1489"
                          CONTENT="intelligebat"/>
                  <SP HEIGHT="68" WIDTH="21" VPOS="1810" HPOS="1819"/>
                  <String HEIGHT="68"
                          WIDTH="165"
                          VPOS="1810"
                          HPOS="1757"
                          CONTENT="quam"/>
                  <SP HEIGHT="68" WIDTH="21" VPOS="1810" HPOS="1923"/>
                  <String HEIGHT="68"
                          WIDTH="289"
                          VPOS="1810"
                          HPOS="1861"
                          CONTENT="beneficium"/>
                  <SP HEIGHT="68" WIDTH="21" VPOS="1810" HPOS="2150"/>
                  <String HEIGHT="68"
                          WIDTH="145"
                          VPOS="1810"
                          HPOS="2067"
                          CONTENT="ctea"
                          SUBS_TYPE="HypPart1"
                          SUBS_CONTENT="cteationis:"/>
                  <HYP CONTENT="-"/>
               </TextLine>
               <TextLine ID="r2l30"
                         BASELINE="1936"
                         HEIGHT="85"
                         WIDTH="1638"
                         VPOS="1851"
                         HPOS="559">
                  <String HEIGHT="85"
                          WIDTH="222"
                          VPOS="1851"
                          HPOS="539"
                          CONTENT="tionis:"
                          SUBS_TYPE="HypPart2"
                          SUBS_CONTENT="cteationis:"/>
                  <SP HEIGHT="85" WIDTH="20" VPOS="1851" HPOS="761"/>
                  <String HEIGHT="85"
                          WIDTH="162"
                          VPOS="1851"
                          HPOS="701"
                          CONTENT="quod"/>
                  <SP HEIGHT="85" WIDTH="20" VPOS="1851" HPOS="862"/>
                  <String HEIGHT="85" WIDTH="121" VPOS="1851" HPOS="802" CONTENT="ut"/>
                  <SP HEIGHT="85" WIDTH="20" VPOS="1851" HPOS="923"/>
                  <String HEIGHT="85"
                          WIDTH="162"
                          VPOS="1851"
                          HPOS="862"
                          CONTENT="ille"/>
                  <SP HEIGHT="85" WIDTH="20" VPOS="1851" HPOS="1024"/>
                  <String HEIGHT="85"
                          WIDTH="142"
                          VPOS="1851"
                          HPOS="963"
                          CONTENT="non"/>
                  <SP HEIGHT="85" WIDTH="20" VPOS="1851" HPOS="1105"/>
                  <String HEIGHT="85"
                          WIDTH="222"
                          VPOS="1851"
                          HPOS="1044"
                          CONTENT="negabat"/>
                  <SP HEIGHT="85" WIDTH="20" VPOS="1851" HPOS="1267"/>
                  <String HEIGHT="85"
                          WIDTH="162"
                          VPOS="1851"
                          HPOS="1206"
                          CONTENT="esse"/>
                  <SP HEIGHT="85" WIDTH="20" VPOS="1851" HPOS="1368"/>
                  <String HEIGHT="85"
                          WIDTH="243"
                          VPOS="1851"
                          HPOS="1307"
                          CONTENT="gratiam,"/>
                  <SP HEIGHT="85" WIDTH="20" VPOS="1851" HPOS="1550"/>
                  <String HEIGHT="85"
                          WIDTH="142"
                          VPOS="1851"
                          HPOS="1489"
                          CONTENT="ita"/>
                  <SP HEIGHT="85" WIDTH="20" VPOS="1851" HPOS="1631"/>
                  <String HEIGHT="85"
                          WIDTH="222"
                          VPOS="1851"
                          HPOS="1570"
                          CONTENT="urgebat"/>
                  <SP HEIGHT="85" WIDTH="20" VPOS="1851" HPOS="1793"/>
                  <String HEIGHT="85"
                          WIDTH="263"
                          VPOS="1851"
                          HPOS="1732"
                          CONTENT="apostolos"/>
                  <SP HEIGHT="85" WIDTH="20" VPOS="1851" HPOS="1995"/>
                  <String HEIGHT="85"
                          WIDTH="202"
                          VPOS="1851"
                          HPOS="1934"
                          CONTENT="maxime"/>
                  <SP HEIGHT="85" WIDTH="20" VPOS="1851" HPOS="2136"/>
                  <String HEIGHT="85"
                          WIDTH="142"
                          VPOS="1851"
                          HPOS="2055"
                          CONTENT="loqui"/>
               </TextLine>
               <TextLine ID="r2l31"
                         BASELINE="1977"
                         HEIGHT="74"
                         WIDTH="1647"
                         VPOS="1903"
                         HPOS="557">
                  <String HEIGHT="74" WIDTH="122" VPOS="1903" HPOS="537" CONTENT="de"/>
                  <SP HEIGHT="74" WIDTH="20" VPOS="1903" HPOS="659"/>
                  <String HEIGHT="74"
                          WIDTH="203"
                          VPOS="1903"
                          HPOS="598"
                          CONTENT="gratia"/>
                  <SP HEIGHT="74" WIDTH="20" VPOS="1903" HPOS="801"/>
                  <String HEIGHT="74"
                          WIDTH="163"
                          VPOS="1903"
                          HPOS="740"
                          CONTENT="illa"/>
                  <SP HEIGHT="74" WIDTH="20" VPOS="1903" HPOS="903"/>
                  <String HEIGHT="74"
                          WIDTH="244"
                          VPOS="1903"
                          HPOS="842"
                          CONTENT="gratuita"/>
                  <SP HEIGHT="74" WIDTH="20" VPOS="1903" HPOS="1086"/>
                  <String HEIGHT="74"
                          WIDTH="142"
                          VPOS="1903"
                          HPOS="1025"
                          CONTENT="qua"/>
                  <SP HEIGHT="74" WIDTH="20" VPOS="1903" HPOS="1167"/>
                  <String HEIGHT="74"
                          WIDTH="203"
                          VPOS="1903"
                          HPOS="1106"
                          CONTENT="gratis"/>
                  <SP HEIGHT="74" WIDTH="20" VPOS="1903" HPOS="1309"/>
                  <String HEIGHT="74"
                          WIDTH="183"
                          VPOS="1903"
                          HPOS="1248"
                          CONTENT="nullo"/>
                  <SP HEIGHT="74" WIDTH="20" VPOS="1903" HPOS="1431"/>
                  <String HEIGHT="74"
                          WIDTH="203"
                          VPOS="1903"
                          HPOS="1370"
                          CONTENT="nostro"/>
                  <SP HEIGHT="74" WIDTH="20" VPOS="1903" HPOS="1574"/>
                  <String HEIGHT="74"
                          WIDTH="203"
                          VPOS="1903"
                          HPOS="1513"
                          CONTENT="merito"/>
                  <SP HEIGHT="74" WIDTH="20" VPOS="1903" HPOS="1716"/>
                  <String HEIGHT="74"
                          WIDTH="224"
                          VPOS="1903"
                          HPOS="1655"
                          CONTENT="propter"/>
                  <SP HEIGHT="74" WIDTH="20" VPOS="1903" HPOS="1879"/>
                  <String HEIGHT="74"
                          WIDTH="244"
                          VPOS="1903"
                          HPOS="1818"
                          CONTENT="Christum"/>
                  <SP HEIGHT="74" WIDTH="20" VPOS="1903" HPOS="2062"/>
                  <String HEIGHT="74"
                          WIDTH="224"
                          VPOS="1903"
                          HPOS="1980"
                          CONTENT="seruamur."/>
               </TextLine>
               <TextLine ID="r2l32"
                         BASELINE="2038"
                         HEIGHT="75"
                         WIDTH="1645"
                         VPOS="1963"
                         HPOS="558">
                  <String HEIGHT="75"
                          WIDTH="154"
                          VPOS="1963"
                          HPOS="536"
                          CONTENT="Hoc"/>
                  <SP HEIGHT="75" WIDTH="22" VPOS="1963" HPOS="690"/>
                  <String HEIGHT="75" WIDTH="132" VPOS="1963" HPOS="624" CONTENT="eo"/>
                  <SP HEIGHT="75" WIDTH="22" VPOS="1963" HPOS="755"/>
                  <String HEIGHT="75"
                          WIDTH="329"
                          VPOS="1963"
                          HPOS="690"
                          CONTENT="constantius"/>
                  <SP HEIGHT="75" WIDTH="22" VPOS="1963" HPOS="1019"/>
                  <String HEIGHT="75"
                          WIDTH="263"
                          VPOS="1963"
                          HPOS="953"
                          CONTENT="urgebat,"/>
                  <SP HEIGHT="75" WIDTH="22" VPOS="1963" HPOS="1216"/>
                  <String HEIGHT="75"
                          WIDTH="175"
                          VPOS="1963"
                          HPOS="1150"
                          CONTENT="quod"/>
                  <SP HEIGHT="75" WIDTH="22" VPOS="1963" HPOS="1326"/>
                  <String HEIGHT="75"
                          WIDTH="241"
                          VPOS="1963"
                          HPOS="1260"
                          CONTENT="uideret"/>
                  <SP HEIGHT="75" WIDTH="22" VPOS="1963" HPOS="1501"/>
                  <String HEIGHT="75"
                          WIDTH="263"
                          VPOS="1963"
                          HPOS="1435"
                          CONTENT="Pelagium"/>
                  <SP HEIGHT="75" WIDTH="22" VPOS="1963" HPOS="1699"/>
                  <String HEIGHT="75"
                          WIDTH="307"
                          VPOS="1963"
                          HPOS="1633"
                          CONTENT="haereticum"/>
                  <SP HEIGHT="75" WIDTH="22" VPOS="1963" HPOS="1940"/>
                  <String HEIGHT="75"
                          WIDTH="263"
                          VPOS="1963"
                          HPOS="1874"
                          CONTENT="asserere"/>
                  <SP HEIGHT="75" WIDTH="22" VPOS="1963" HPOS="2137"/>
                  <String HEIGHT="75"
                          WIDTH="154"
                          VPOS="1963"
                          HPOS="2049"
                          CONTENT="huma"
                          SUBS_TYPE="HypPart1"
                          SUBS_CONTENT="humanam"/>
                  <HYP CONTENT="-"/>
               </TextLine>
               <TextLine ID="r2l33"
                         BASELINE="2092"
                         HEIGHT="66"
                         WIDTH="1650"
                         VPOS="2026"
                         HPOS="552">
                  <String HEIGHT="66"
                          WIDTH="150"
                          VPOS="2026"
                          HPOS="531"
                          CONTENT="nam"
                          SUBS_TYPE="HypPart2"
                          SUBS_CONTENT="humanam"/>
                  <SP HEIGHT="66" WIDTH="21" VPOS="2026" HPOS="681"/>
                  <String HEIGHT="66"
                          WIDTH="236"
                          VPOS="2026"
                          HPOS="616"
                          CONTENT="naturam"/>
                  <SP HEIGHT="66" WIDTH="21" VPOS="2026" HPOS="852"/>
                  <String HEIGHT="66"
                          WIDTH="171"
                          VPOS="2026"
                          HPOS="788"
                          CONTENT="sibi"/>
                  <SP HEIGHT="66" WIDTH="21" VPOS="2026" HPOS="959"/>
                  <String HEIGHT="66"
                          WIDTH="300"
                          VPOS="2026"
                          HPOS="895"
                          CONTENT="sufficere,"/>
                  <SP HEIGHT="66" WIDTH="21" VPOS="2026" HPOS="1195"/>
                  <String HEIGHT="66"
                          WIDTH="150"
                          VPOS="2026"
                          HPOS="1131"
                          CONTENT="non"/>
                  <SP HEIGHT="66" WIDTH="21" VPOS="2026" HPOS="1281"/>
                  <String HEIGHT="66"
                          WIDTH="193"
                          VPOS="2026"
                          HPOS="1216"
                          CONTENT="solum"/>
                  <SP HEIGHT="66" WIDTH="21" VPOS="2026" HPOS="1409"/>
                  <String HEIGHT="66"
                          WIDTH="129"
                          VPOS="2026"
                          HPOS="1345"
                          CONTENT="ad"/>
                  <SP HEIGHT="66" WIDTH="21" VPOS="2026" HPOS="1473"/>
                  <String HEIGHT="66"
                          WIDTH="279"
                          VPOS="2026"
                          HPOS="1409"
                          CONTENT="facienda,"/>
                  <SP HEIGHT="66" WIDTH="21" VPOS="2026" HPOS="1688"/>
                  <String HEIGHT="66"
                          WIDTH="193"
                          VPOS="2026"
                          HPOS="1623"
                          CONTENT="uerum"/>
                  <SP HEIGHT="66" WIDTH="21" VPOS="2026" HPOS="1816"/>
                  <String HEIGHT="66"
                          WIDTH="193"
                          VPOS="2026"
                          HPOS="1752"
                          CONTENT="etiam"/>
                  <SP HEIGHT="66" WIDTH="21" VPOS="2026" HPOS="1945"/>
                  <String HEIGHT="66"
                          WIDTH="129"
                          VPOS="2026"
                          HPOS="1881"
                          CONTENT="ad"/>
                  <SP HEIGHT="66" WIDTH="21" VPOS="2026" HPOS="2009"/>
                  <String HEIGHT="66"
                          WIDTH="279"
                          VPOS="2026"
                          HPOS="1923"
                          CONTENT="perficienda"/>
               </TextLine>
               <TextLine ID="r2l34"
                         BASELINE="2150"
                         HEIGHT="68"
                         WIDTH="1642"
                         VPOS="2082"
                         HPOS="558">
                  <String HEIGHT="68"
                          WIDTH="232"
                          VPOS="2082"
                          HPOS="537"
                          CONTENT="mandata"/>
                  <SP HEIGHT="68" WIDTH="21" VPOS="2082" HPOS="769"/>
                  <String HEIGHT="68"
                          WIDTH="211"
                          VPOS="2082"
                          HPOS="705"
                          CONTENT="domini"/>
                  <SP HEIGHT="68" WIDTH="21" VPOS="2082" HPOS="916"/>
                  <String HEIGHT="68"
                          WIDTH="147"
                          VPOS="2082"
                          HPOS="853"
                          CONTENT="per"/>
                  <SP HEIGHT="68" WIDTH="21" VPOS="2082" HPOS="1000"/>
                  <String HEIGHT="68"
                          WIDTH="232"
                          VPOS="2082"
                          HPOS="937"
                          CONTENT="liberum"/>
                  <SP HEIGHT="68" WIDTH="21" VPOS="2082" HPOS="1168"/>
                  <String HEIGHT="68"
                          WIDTH="295"
                          VPOS="2082"
                          HPOS="1105"
                          CONTENT="arbitrium."/>
                  <SP HEIGHT="68" WIDTH="21" VPOS="2082" HPOS="1400"/>
                  <String HEIGHT="68"
                          WIDTH="147"
                          VPOS="2082"
                          HPOS="1337"
                          CONTENT="Sed"/>
                  <SP HEIGHT="68" WIDTH="21" VPOS="2082" HPOS="1484"/>
                  <String HEIGHT="68"
                          WIDTH="126"
                          VPOS="2082"
                          HPOS="1421"
                          CONTENT="de"/>
                  <SP HEIGHT="68" WIDTH="21" VPOS="2082" HPOS="1547"/>
                  <String HEIGHT="68"
                          WIDTH="147"
                          VPOS="2082"
                          HPOS="1484"
                          CONTENT="his"/>
                  <SP HEIGHT="68" WIDTH="21" VPOS="2082" HPOS="1632"/>
                  <String HEIGHT="68"
                          WIDTH="379"
                          VPOS="2082"
                          HPOS="1568"
                          CONTENT="religiosissime"/>
                  <SP HEIGHT="68" WIDTH="21" VPOS="2082" HPOS="1947"/>
                  <String HEIGHT="68" WIDTH="105" VPOS="2082" HPOS="1884" CONTENT="&amp;"/>
                  <SP HEIGHT="68" WIDTH="21" VPOS="2082" HPOS="1989"/>
                  <String HEIGHT="68"
                          WIDTH="295"
                          VPOS="2082"
                          HPOS="1905"
                          CONTENT="copiosissime"/>
               </TextLine>
               <TextLine ID="r2l35"
                         BASELINE="2203"
                         HEIGHT="78"
                         WIDTH="1649"
                         VPOS="2125"
                         HPOS="553">
                  <String HEIGHT="78"
                          WIDTH="233"
                          VPOS="2125"
                          HPOS="534"
                          CONTENT="disputat"/>
                  <SP HEIGHT="78" WIDTH="19" VPOS="2125" HPOS="766"/>
                  <String HEIGHT="78" WIDTH="116" VPOS="2125" HPOS="708" CONTENT="S."/>
                  <SP HEIGHT="78" WIDTH="19" VPOS="2125" HPOS="825"/>
                  <String HEIGHT="78"
                          WIDTH="213"
                          VPOS="2125"
                          HPOS="766"
                          CONTENT="August."/>
                  <SP HEIGHT="78" WIDTH="19" VPOS="2125" HPOS="980"/>
                  <String HEIGHT="78"
                          WIDTH="194"
                          VPOS="2125"
                          HPOS="922"
                          CONTENT="epist."/>
                  <SP HEIGHT="78" WIDTH="19" VPOS="2125" HPOS="1116"/>
                  <String HEIGHT="78"
                          WIDTH="136"
                          VPOS="2125"
                          HPOS="1057"
                          CONTENT="95."/>
                  <SP HEIGHT="78" WIDTH="19" VPOS="2125" HPOS="1193"/>
                  <String HEIGHT="78"
                          WIDTH="116"
                          VPOS="2125"
                          HPOS="1135"
                          CONTENT="ad"/>
                  <SP HEIGHT="78" WIDTH="19" VPOS="2125" HPOS="1251"/>
                  <String HEIGHT="78"
                          WIDTH="310"
                          VPOS="2125"
                          HPOS="1193"
                          CONTENT="Innocentium."/>
                  <SP HEIGHT="78" WIDTH="19" VPOS="2125" HPOS="1504"/>
                  <String HEIGHT="78"
                          WIDTH="116"
                          VPOS="2125"
                          HPOS="1445"
                          CONTENT="Ex"/>
                  <SP HEIGHT="78" WIDTH="19" VPOS="2125" HPOS="1562"/>
                  <String HEIGHT="78"
                          WIDTH="272"
                          VPOS="2125"
                          HPOS="1504"
                          CONTENT="neotericis"/>
                  <SP HEIGHT="78" WIDTH="19" VPOS="2125" HPOS="1775"/>
                  <String HEIGHT="78"
                          WIDTH="233"
                          VPOS="2125"
                          HPOS="1717"
                          CONTENT="plerique"/>
                  <SP HEIGHT="78" WIDTH="19" VPOS="2125" HPOS="1950"/>
                  <String HEIGHT="78"
                          WIDTH="213"
                          VPOS="2125"
                          HPOS="1892"
                          CONTENT="gratiam"/>
                  <SP HEIGHT="78" WIDTH="19" VPOS="2125" HPOS="2105"/>
                  <String HEIGHT="78"
                          WIDTH="175"
                          VPOS="2125"
                          HPOS="2027"
                          CONTENT="partiti"/>
               </TextLine>
               <TextLine ID="r2l36"
                         BASELINE="2255"
                         HEIGHT="56"
                         WIDTH="1653"
                         VPOS="2199"
                         HPOS="552">
                  <String HEIGHT="56"
                          WIDTH="188"
                          VPOS="2199"
                          HPOS="531"
                          CONTENT="sunt,"/>
                  <SP HEIGHT="56" WIDTH="21" VPOS="2199" HPOS="719"/>
                  <String HEIGHT="56"
                          WIDTH="230"
                          VPOS="2199"
                          HPOS="657"
                          CONTENT="docendi"/>
                  <SP HEIGHT="56" WIDTH="21" VPOS="2199" HPOS="887"/>
                  <String HEIGHT="56"
                          WIDTH="230"
                          VPOS="2199"
                          HPOS="824"
                          CONTENT="caussa,"/>
                  <SP HEIGHT="56" WIDTH="21" VPOS="2199" HPOS="1054"/>
                  <String HEIGHT="56" WIDTH="126" VPOS="2199" HPOS="991" CONTENT="in"/>
                  <SP HEIGHT="56" WIDTH="21" VPOS="2199" HPOS="1117"/>
                  <String HEIGHT="56"
                          WIDTH="230"
                          VPOS="2199"
                          HPOS="1054"
                          CONTENT="gratiam"/>
                  <SP HEIGHT="56" WIDTH="21" VPOS="2199" HPOS="1284"/>
                  <String HEIGHT="56"
                          WIDTH="209"
                          VPOS="2199"
                          HPOS="1222"
                          CONTENT="gratum"/>
                  <SP HEIGHT="56" WIDTH="21" VPOS="2199" HPOS="1431"/>
                  <String HEIGHT="56"
                          WIDTH="293"
                          VPOS="2199"
                          HPOS="1368"
                          CONTENT="facientem,"/>
                  <SP HEIGHT="56" WIDTH="21" VPOS="2199" HPOS="1661"/>
                  <String HEIGHT="56" WIDTH="105" VPOS="2199" HPOS="1598" CONTENT="&amp;"/>
                  <SP HEIGHT="56" WIDTH="21" VPOS="2199" HPOS="1703"/>
                  <String HEIGHT="56"
                          WIDTH="209"
                          VPOS="2199"
                          HPOS="1640"
                          CONTENT="gratis"/>
                  <SP HEIGHT="56" WIDTH="21" VPOS="2199" HPOS="1849"/>
                  <String HEIGHT="56"
                          WIDTH="209"
                          VPOS="2199"
                          HPOS="1787"
                          CONTENT="datam."/>
                  <SP HEIGHT="56" WIDTH="21" VPOS="2199" HPOS="1996"/>
                  <String HEIGHT="56"
                          WIDTH="167"
                          VPOS="2199"
                          HPOS="1933"
                          CONTENT="Item"/>
                  <SP HEIGHT="56" WIDTH="21" VPOS="2199" HPOS="2100"/>
                  <String HEIGHT="56"
                          WIDTH="126"
                          VPOS="2199"
                          HPOS="2038"
                          CONTENT="in"/>
                  <SP HEIGHT="56" WIDTH="21" VPOS="2199" HPOS="2163"/>
                  <String HEIGHT="56"
                          WIDTH="126"
                          VPOS="2199"
                          HPOS="2079"
                          CONTENT="gra"
                          SUBS_TYPE="HypPart1"
                          SUBS_CONTENT="gratiam"/>
                  <HYP CONTENT="-"/>
               </TextLine>
               <TextLine ID="r2l37"
                         BASELINE="2315"
                         HEIGHT="74"
                         WIDTH="1641"
                         VPOS="2241"
                         HPOS="561">
                  <String HEIGHT="74"
                          WIDTH="173"
                          VPOS="2241"
                          HPOS="539"
                          CONTENT="tiam"
                          SUBS_TYPE="HypPart2"
                          SUBS_CONTENT="gratiam"/>
                  <SP HEIGHT="74" WIDTH="22" VPOS="2241" HPOS="712"/>
                  <String HEIGHT="74"
                          WIDTH="302"
                          VPOS="2241"
                          HPOS="647"
                          CONTENT="operantem,"/>
                  <SP HEIGHT="74" WIDTH="22" VPOS="2241" HPOS="950"/>
                  <String HEIGHT="74" WIDTH="108" VPOS="2241" HPOS="885" CONTENT="&amp;"/>
                  <SP HEIGHT="74" WIDTH="22" VPOS="2241" HPOS="993"/>
                  <String HEIGHT="74"
                          WIDTH="345"
                          VPOS="2241"
                          HPOS="928"
                          CONTENT="cooperantem."/>
                  <SP HEIGHT="74" WIDTH="22" VPOS="2241" HPOS="1274"/>
                  <String HEIGHT="74"
                          WIDTH="238"
                          VPOS="2241"
                          HPOS="1209"
                          CONTENT="Denique"/>
                  <SP HEIGHT="74" WIDTH="22" VPOS="2241" HPOS="1446"/>
                  <String HEIGHT="74"
                          WIDTH="130"
                          VPOS="2241"
                          HPOS="1382"
                          CONTENT="in"/>
                  <SP HEIGHT="74" WIDTH="22" VPOS="2241" HPOS="1511"/>
                  <String HEIGHT="74"
                          WIDTH="238"
                          VPOS="2241"
                          HPOS="1446"
                          CONTENT="gratiam"/>
                  <SP HEIGHT="74" WIDTH="22" VPOS="2241" HPOS="1684"/>
                  <String HEIGHT="74"
                          WIDTH="302"
                          VPOS="2241"
                          HPOS="1619"
                          CONTENT="praeeuntem"/>
                  <SP HEIGHT="74" WIDTH="22" VPOS="2241" HPOS="1921"/>
                  <String HEIGHT="74"
                          WIDTH="151"
                          VPOS="2241"
                          HPOS="1857"
                          CONTENT="uel"/>
                  <SP HEIGHT="74" WIDTH="22" VPOS="2241" HPOS="2008"/>
                  <String HEIGHT="74"
                          WIDTH="281"
                          VPOS="2241"
                          HPOS="1921"
                          CONTENT="praeuenien"
                          SUBS_TYPE="HypPart1"
                          SUBS_CONTENT="praeuenientem,"/>
                  <HYP CONTENT="-"/>
               </TextLine>
               <TextLine ID="r2l38"
                         BASELINE="2372"
                         HEIGHT="61"
                         WIDTH="1656"
                         VPOS="2311"
                         HPOS="551">
                  <String HEIGHT="61"
                          WIDTH="162"
                          VPOS="2311"
                          HPOS="531"
                          CONTENT="tem,"
                          SUBS_TYPE="HypPart2"
                          SUBS_CONTENT="praeuenientem,"/>
                  <SP HEIGHT="61" WIDTH="20" VPOS="2311" HPOS="692"/>
                  <String HEIGHT="61" WIDTH="101" VPOS="2311" HPOS="632" CONTENT="&amp;"/>
                  <SP HEIGHT="61" WIDTH="20" VPOS="2311" HPOS="733"/>
                  <String HEIGHT="61"
                          WIDTH="343"
                          VPOS="2311"
                          HPOS="672"
                          CONTENT="subsequentem."/>
                  <SP HEIGHT="61" WIDTH="20" VPOS="2311" HPOS="1015"/>
                  <String HEIGHT="61"
                          WIDTH="162"
                          VPOS="2311"
                          HPOS="955"
                          CONTENT="llli"/>
                  <SP HEIGHT="61" WIDTH="20" VPOS="2311" HPOS="1116"/>
                  <String HEIGHT="61"
                          WIDTH="162"
                          VPOS="2311"
                          HPOS="1056"
                          CONTENT="ipsi"/>
                  <SP HEIGHT="61" WIDTH="20" VPOS="2311" HPOS="1217"/>
                  <String HEIGHT="61"
                          WIDTH="303"
                          VPOS="2311"
                          HPOS="1157"
                          CONTENT="operationes"/>
                  <SP HEIGHT="61" WIDTH="20" VPOS="2311" HPOS="1460"/>
                  <String HEIGHT="61"
                          WIDTH="141"
                          VPOS="2311"
                          HPOS="1399"
                          CONTENT="seu"/>
                  <SP HEIGHT="61" WIDTH="20" VPOS="2311" HPOS="1541"/>
                  <String HEIGHT="61"
                          WIDTH="242"
                          VPOS="2311"
                          HPOS="1480"
                          CONTENT="effectus"/>
                  <SP HEIGHT="61" WIDTH="20" VPOS="2311" HPOS="1722"/>
                  <String HEIGHT="61"
                          WIDTH="222"
                          VPOS="2311"
                          HPOS="1662"
                          CONTENT="gratiae"/>
                  <SP HEIGHT="61" WIDTH="20" VPOS="2311" HPOS="1884"/>
                  <String HEIGHT="61"
                          WIDTH="141"
                          VPOS="2311"
                          HPOS="1823"
                          CONTENT="hoc"/>
                  <SP HEIGHT="61" WIDTH="20" VPOS="2311" HPOS="1965"/>
                  <String HEIGHT="61"
                          WIDTH="182"
                          VPOS="2311"
                          HPOS="1904"
                          CONTENT="ferme"/>
                  <SP HEIGHT="61" WIDTH="20" VPOS="2311" HPOS="2086"/>
                  <String HEIGHT="61"
                          WIDTH="162"
                          VPOS="2311"
                          HPOS="2025"
                          CONTENT="modo"/>
                  <SP HEIGHT="61" WIDTH="20" VPOS="2311" HPOS="2187"/>
                  <String HEIGHT="61"
                          WIDTH="101"
                          VPOS="2311"
                          HPOS="2106"
                          CONTENT="an"
                          SUBS_TYPE="HypPart1"
                          SUBS_CONTENT="annumerant,"/>
                  <HYP CONTENT="-"/>
               </TextLine>
               <TextLine ID="r2l39"
                         BASELINE="2422"
                         HEIGHT="67"
                         WIDTH="1655"
                         VPOS="2355"
                         HPOS="548">
                  <String HEIGHT="67"
                          WIDTH="276"
                          VPOS="2355"
                          HPOS="527"
                          CONTENT="numerant,"
                          SUBS_TYPE="HypPart2"
                          SUBS_CONTENT="annumerant,"/>
                  <SP HEIGHT="67" WIDTH="21" VPOS="2355" HPOS="803"/>
                  <String HEIGHT="67"
                          WIDTH="212"
                          VPOS="2355"
                          HPOS="739"
                          CONTENT="Gratia"/>
                  <SP HEIGHT="67" WIDTH="21" VPOS="2355" HPOS="951"/>
                  <String HEIGHT="67"
                          WIDTH="191"
                          VPOS="2355"
                          HPOS="887"
                          CONTENT="sanat"/>
                  <SP HEIGHT="67" WIDTH="21" VPOS="2355" HPOS="1078"/>
                  <String HEIGHT="67"
                          WIDTH="233"
                          VPOS="2355"
                          HPOS="1015"
                          CONTENT="animam,"/>
                  <SP HEIGHT="67" WIDTH="21" VPOS="2355" HPOS="1248"/>
                  <String HEIGHT="67"
                          WIDTH="297"
                          VPOS="2355"
                          HPOS="1185"
                          CONTENT="efficitque"/>
                  <SP HEIGHT="67" WIDTH="21" VPOS="2355" HPOS="1482"/>
                  <String HEIGHT="67"
                          WIDTH="191"
                          VPOS="2355"
                          HPOS="1418"
                          CONTENT="eadem"/>
                  <SP HEIGHT="67" WIDTH="21" VPOS="2355" HPOS="1609"/>
                  <String HEIGHT="67"
                          WIDTH="127"
                          VPOS="2355"
                          HPOS="1545"
                          CONTENT="ut"/>
                  <SP HEIGHT="67" WIDTH="21" VPOS="2355" HPOS="1673"/>
                  <String HEIGHT="67"
                          WIDTH="191"
                          VPOS="2355"
                          HPOS="1609"
                          CONTENT="uelit"/>
                  <SP HEIGHT="67" WIDTH="21" VPOS="2355" HPOS="1800"/>
                  <String HEIGHT="67"
                          WIDTH="212"
                          VPOS="2355"
                          HPOS="1736"
                          CONTENT="bonum,"/>
                  <SP HEIGHT="67" WIDTH="21" VPOS="2355" HPOS="1948"/>
                  <String HEIGHT="67"
                          WIDTH="212"
                          VPOS="2355"
                          HPOS="1885"
                          CONTENT="deinde"/>
                  <SP HEIGHT="67" WIDTH="21" VPOS="2355" HPOS="2097"/>
                  <String HEIGHT="67"
                          WIDTH="170"
                          VPOS="2355"
                          HPOS="2033"
                          CONTENT="quod"/>
                  <SP HEIGHT="67" WIDTH="21" VPOS="2355" HPOS="2203"/>
                  <String HEIGHT="67" WIDTH="85" VPOS="2355" HPOS="2118" CONTENT="uo"/>
               </TextLine>
               <TextLine ID="r2l40"
                         BASELINE="2486"
                         HEIGHT="67"
                         WIDTH="1650"
                         VPOS="2419"
                         HPOS="553">
                  <String HEIGHT="67"
                          WIDTH="186"
                          VPOS="2419"
                          HPOS="532"
                          CONTENT="luit,"/>
                  <SP HEIGHT="67" WIDTH="21" VPOS="2419" HPOS="718"/>
                  <String HEIGHT="67"
                          WIDTH="309"
                          VPOS="2419"
                          HPOS="656"
                          CONTENT="efficaciter"/>
                  <SP HEIGHT="67" WIDTH="21" VPOS="2419" HPOS="966"/>
                  <String HEIGHT="67"
                          WIDTH="268"
                          VPOS="2419"
                          HPOS="904"
                          CONTENT="operetur:"/>
                  <SP HEIGHT="67" WIDTH="21" VPOS="2419" HPOS="1172"/>
                  <String HEIGHT="67"
                          WIDTH="144"
                          VPOS="2419"
                          HPOS="1110"
                          CONTENT="sed"/>
                  <SP HEIGHT="67" WIDTH="21" VPOS="2419" HPOS="1254"/>
                  <String HEIGHT="67" WIDTH="103" VPOS="2419" HPOS="1192" CONTENT="&amp;"/>
                  <SP HEIGHT="67" WIDTH="21" VPOS="2419" HPOS="1296"/>
                  <String HEIGHT="67"
                          WIDTH="124"
                          VPOS="2419"
                          HPOS="1234"
                          CONTENT="in"/>
                  <SP HEIGHT="67" WIDTH="21" VPOS="2419" HPOS="1357"/>
                  <String HEIGHT="67"
                          WIDTH="165"
                          VPOS="2419"
                          HPOS="1296"
                          CONTENT="bono"/>
                  <SP HEIGHT="67" WIDTH="21" VPOS="2419" HPOS="1461"/>
                  <String HEIGHT="67"
                          WIDTH="309"
                          VPOS="2419"
                          HPOS="1399"
                          CONTENT="perseueret,"/>
                  <SP HEIGHT="67" WIDTH="21" VPOS="2419" HPOS="1708"/>
                  <String HEIGHT="67" WIDTH="103" VPOS="2419" HPOS="1646" CONTENT="&amp;"/>
                  <SP HEIGHT="67" WIDTH="21" VPOS="2419" HPOS="1749"/>
                  <String HEIGHT="67"
                          WIDTH="206"
                          VPOS="2419"
                          HPOS="1687"
                          CONTENT="tandem"/>
                  <SP HEIGHT="67" WIDTH="21" VPOS="2419" HPOS="1894"/>
                  <String HEIGHT="67"
                          WIDTH="124"
                          VPOS="2419"
                          HPOS="1832"
                          CONTENT="ad"/>
                  <SP HEIGHT="67" WIDTH="21" VPOS="2419" HPOS="1956"/>
                  <String HEIGHT="67"
                          WIDTH="227"
                          VPOS="2419"
                          HPOS="1894"
                          CONTENT="gloriam"/>
                  <SP HEIGHT="67" WIDTH="21" VPOS="2419" HPOS="2121"/>
                  <String HEIGHT="67"
                          WIDTH="165"
                          VPOS="2419"
                          HPOS="2038"
                          CONTENT="perue"
                          SUBS_TYPE="HypPart1"
                          SUBS_CONTENT="perueniat"/>
                  <HYP CONTENT="-"/>
               </TextLine>
               <TextLine ID="r2l41"
                         BASELINE="2546"
                         HEIGHT="71"
                         WIDTH="383"
                         VPOS="2475"
                         HPOS="554">
                  <String HEIGHT="71"
                          WIDTH="180"
                          VPOS="2475"
                          HPOS="531"
                          CONTENT="niat"
                          SUBS_TYPE="HypPart2"
                          SUBS_CONTENT="perueniat"/>
                  <SP HEIGHT="71" WIDTH="23" VPOS="2475" HPOS="712"/>
                  <String HEIGHT="71"
                          WIDTH="315"
                          VPOS="2475"
                          HPOS="622"
                          CONTENT="sempiternam."/>
               </TextLine>
               <TextLine ID="r2l42"
                         BASELINE="2594"
                         HEIGHT="84"
                         WIDTH="1572"
                         VPOS="2510"
                         HPOS="635">
                  <String HEIGHT="84"
                          WIDTH="255"
                          VPOS="2510"
                          HPOS="614"
                          CONTENT="Caeterum"/>
                  <SP HEIGHT="84" WIDTH="21" VPOS="2510" HPOS="869"/>
                  <String HEIGHT="84"
                          WIDTH="149"
                          VPOS="2510"
                          HPOS="805"
                          CONTENT="nos"/>
                  <SP HEIGHT="84" WIDTH="21" VPOS="2510" HPOS="954"/>
                  <String HEIGHT="84"
                          WIDTH="149"
                          VPOS="2510"
                          HPOS="890"
                          CONTENT="non"/>
                  <SP HEIGHT="84" WIDTH="21" VPOS="2510" HPOS="1039"/>
                  <String HEIGHT="84"
                          WIDTH="149"
                          VPOS="2510"
                          HPOS="975"
                          CONTENT="tam"/>
                  <SP HEIGHT="84" WIDTH="21" VPOS="2510" HPOS="1124"/>
                  <String HEIGHT="84"
                          WIDTH="255"
                          VPOS="2510"
                          HPOS="1060"
                          CONTENT="soliciti"/>
                  <SP HEIGHT="84" WIDTH="21" VPOS="2510" HPOS="1315"/>
                  <String HEIGHT="84"
                          WIDTH="191"
                          VPOS="2510"
                          HPOS="1251"
                          CONTENT="sumus"/>
                  <SP HEIGHT="84" WIDTH="21" VPOS="2510" HPOS="1442"/>
                  <String HEIGHT="84"
                          WIDTH="127"
                          VPOS="2510"
                          HPOS="1379"
                          CONTENT="in"/>
                  <SP HEIGHT="84" WIDTH="21" VPOS="2510" HPOS="1506"/>
                  <String HEIGHT="84"
                          WIDTH="319"
                          VPOS="2510"
                          HPOS="1442"
                          CONTENT="recensendis"/>
                  <SP HEIGHT="84" WIDTH="21" VPOS="2510" HPOS="1761"/>
                  <String HEIGHT="84"
                          WIDTH="234"
                          VPOS="2510"
                          HPOS="1697"
                          CONTENT="aliorum"/>
                  <SP HEIGHT="84" WIDTH="21" VPOS="2510" HPOS="1931"/>
                  <String HEIGHT="84"
                          WIDTH="297"
                          VPOS="2510"
                          HPOS="1867"
                          CONTENT="sententijs"/>
                  <SP HEIGHT="84" WIDTH="21" VPOS="2510" HPOS="2165"/>
                  <String HEIGHT="84"
                          WIDTH="127"
                          VPOS="2510"
                          HPOS="2080"
                          CONTENT="quid"/>
               </TextLine>
               <TextLine ID="r2l43"
                         BASELINE="2652"
                         HEIGHT="77"
                         WIDTH="1636"
                         VPOS="2575"
                         HPOS="558">
                  <String HEIGHT="77"
                          WIDTH="214"
                          VPOS="2575"
                          HPOS="539"
                          CONTENT="quisque"/>
                  <SP HEIGHT="77" WIDTH="19" VPOS="2575" HPOS="753"/>
                  <String HEIGHT="77"
                          WIDTH="253"
                          VPOS="2575"
                          HPOS="694"
                          CONTENT="senserit:"/>
                  <SP HEIGHT="77" WIDTH="19" VPOS="2575" HPOS="948"/>
                  <String HEIGHT="77"
                          WIDTH="156"
                          VPOS="2575"
                          HPOS="889"
                          CONTENT="quod"/>
                  <SP HEIGHT="77" WIDTH="19" VPOS="2575" HPOS="1045"/>
                  <String HEIGHT="77"
                          WIDTH="253"
                          VPOS="2575"
                          HPOS="986"
                          CONTENT="praeterea"/>
                  <SP HEIGHT="77" WIDTH="19" VPOS="2575" HPOS="1240"/>
                  <String HEIGHT="77"
                          WIDTH="214"
                          VPOS="2575"
                          HPOS="1181"
                          CONTENT="immensi"/>
                  <SP HEIGHT="77" WIDTH="19" VPOS="2575" HPOS="1395"/>
                  <String HEIGHT="77"
                          WIDTH="234"
                          VPOS="2575"
                          HPOS="1337"
                          CONTENT="laboris,"/>
                  <SP HEIGHT="77" WIDTH="19" VPOS="2575" HPOS="1571"/>
                  <String HEIGHT="77"
                          WIDTH="136"
                          VPOS="2575"
                          HPOS="1512"
                          CONTENT="nec"/>
                  <SP HEIGHT="77" WIDTH="19" VPOS="2575" HPOS="1649"/>
                  <String HEIGHT="77"
                          WIDTH="156"
                          VPOS="2575"
                          HPOS="1590"
                          CONTENT="meae"/>
                  <SP HEIGHT="77" WIDTH="19" VPOS="2575" HPOS="1746"/>
                  <String HEIGHT="77"
                          WIDTH="175"
                          VPOS="2575"
                          HPOS="1688"
                          CONTENT="esset"/>
                  <SP HEIGHT="77" WIDTH="19" VPOS="2575" HPOS="1863"/>
                  <String HEIGHT="77"
                          WIDTH="292"
                          VPOS="2575"
                          HPOS="1804"
                          CONTENT="facultatis:"/>
                  <SP HEIGHT="77" WIDTH="19" VPOS="2575" HPOS="2097"/>
                  <String HEIGHT="77"
                          WIDTH="156"
                          VPOS="2575"
                          HPOS="2038"
                          CONTENT="quam"/>
                  <SP HEIGHT="77" WIDTH="19" VPOS="2575" HPOS="2194"/>
                  <String HEIGHT="77" WIDTH="78" VPOS="2575" HPOS="2116" CONTENT="in"/>
               </TextLine>
               <TextLine ID="r2l44"
                         BASELINE="2714"
                         HEIGHT="83"
                         WIDTH="1642"
                         VPOS="2631"
                         HPOS="557">
                  <String HEIGHT="83"
                          WIDTH="274"
                          VPOS="2631"
                          HPOS="537"
                          CONTENT="proferenda"/>
                  <SP HEIGHT="83" WIDTH="20" VPOS="2631" HPOS="811"/>
                  <String HEIGHT="83"
                          WIDTH="254"
                          VPOS="2631"
                          HPOS="752"
                          CONTENT="sententia"/>
                  <SP HEIGHT="83" WIDTH="20" VPOS="2631" HPOS="1007"/>
                  <String HEIGHT="83"
                          WIDTH="274"
                          VPOS="2631"
                          HPOS="948"
                          CONTENT="scripturae"/>
                  <SP HEIGHT="83" WIDTH="20" VPOS="2631" HPOS="1222"/>
                  <String HEIGHT="83"
                          WIDTH="215"
                          VPOS="2631"
                          HPOS="1163"
                          CONTENT="sanctae"/>
                  <SP HEIGHT="83" WIDTH="20" VPOS="2631" HPOS="1378"/>
                  <String HEIGHT="83"
                          WIDTH="176"
                          VPOS="2631"
                          HPOS="1319"
                          CONTENT="(quae"/>
                  <SP HEIGHT="83" WIDTH="20" VPOS="2631" HPOS="1495"/>
                  <String HEIGHT="83"
                          WIDTH="137"
                          VPOS="2631"
                          HPOS="1437"
                          CONTENT="una"/>
                  <SP HEIGHT="83" WIDTH="20" VPOS="2631" HPOS="1573"/>
                  <String HEIGHT="83" WIDTH="98" VPOS="2631" HPOS="1515" CONTENT="&amp;"/>
                  <SP HEIGHT="83" WIDTH="20" VPOS="2631" HPOS="1613"/>
                  <String HEIGHT="83"
                          WIDTH="156"
                          VPOS="2631"
                          HPOS="1554"
                          CONTENT="sola"/>
                  <SP HEIGHT="83" WIDTH="20" VPOS="2631" HPOS="1710"/>
                  <String HEIGHT="83"
                          WIDTH="137"
                          VPOS="2631"
                          HPOS="1652"
                          CONTENT="est"/>
                  <SP HEIGHT="83" WIDTH="20" VPOS="2631" HPOS="1789"/>
                  <String HEIGHT="83"
                          WIDTH="176"
                          VPOS="2631"
                          HPOS="1730"
                          CONTENT="recte"/>
                  <SP HEIGHT="83" WIDTH="20" VPOS="2631" HPOS="1906"/>
                  <String HEIGHT="83"
                          WIDTH="254"
                          VPOS="2631"
                          HPOS="1847"
                          CONTENT="iudicandi"/>
                  <SP HEIGHT="83" WIDTH="20" VPOS="2631" HPOS="2101"/>
                  <String HEIGHT="83"
                          WIDTH="176"
                          VPOS="2631"
                          HPOS="2023"
                          CONTENT="sentien"/>
               </TextLine>
               <TextLine ID="r2l45"
                         BASELINE="2766"
                         HEIGHT="65"
                         WIDTH="1648"
                         VPOS="2701"
                         HPOS="555">
                  <String HEIGHT="65"
                          WIDTH="174"
                          VPOS="2701"
                          HPOS="536"
                          CONTENT="dique"/>
                  <SP HEIGHT="65" WIDTH="19" VPOS="2701" HPOS="710"/>
                  <String HEIGHT="65"
                          WIDTH="213"
                          VPOS="2701"
                          HPOS="652"
                          CONTENT="regula)"/>
                  <SP HEIGHT="65" WIDTH="19" VPOS="2701" HPOS="865"/>
                  <String HEIGHT="65"
                          WIDTH="155"
                          VPOS="2701"
                          HPOS="807"
                          CONTENT="quid"/>
                  <SP HEIGHT="65" WIDTH="19" VPOS="2701" HPOS="962"/>
                  <String HEIGHT="65"
                          WIDTH="155"
                          VPOS="2701"
                          HPOS="904"
                          CONTENT="illa"/>
                  <SP HEIGHT="65" WIDTH="19" VPOS="2701" HPOS="1059"/>
                  <String HEIGHT="65"
                          WIDTH="194"
                          VPOS="2701"
                          HPOS="1001"
                          CONTENT="inquam"/>
                  <SP HEIGHT="65" WIDTH="19" VPOS="2701" HPOS="1195"/>
                  <String HEIGHT="65"
                          WIDTH="136"
                          VPOS="2701"
                          HPOS="1137"
                          CONTENT="nos"/>
                  <SP HEIGHT="65" WIDTH="19" VPOS="2701" HPOS="1272"/>
                  <String HEIGHT="65"
                          WIDTH="213"
                          VPOS="2701"
                          HPOS="1214"
                          CONTENT="sentire"/>
                  <SP HEIGHT="65" WIDTH="19" VPOS="2701" HPOS="1427"/>
                  <String HEIGHT="65"
                          WIDTH="213"
                          VPOS="2701"
                          HPOS="1369"
                          CONTENT="iubeat."/>
                  <SP HEIGHT="65" WIDTH="19" VPOS="2701" HPOS="1583"/>
                  <String HEIGHT="65"
                          WIDTH="116"
                          VPOS="2701"
                          HPOS="1524"
                          CONTENT="Id"/>
                  <SP HEIGHT="65" WIDTH="19" VPOS="2701" HPOS="1641"/>
                  <String HEIGHT="65"
                          WIDTH="155"
                          VPOS="2701"
                          HPOS="1583"
                          CONTENT="quod"/>
                  <SP HEIGHT="65" WIDTH="19" VPOS="2701" HPOS="1738"/>
                  <String HEIGHT="65"
                          WIDTH="116"
                          VPOS="2701"
                          HPOS="1680"
                          CONTENT="in"/>
                  <SP HEIGHT="65" WIDTH="19" VPOS="2701" HPOS="1796"/>
                  <String HEIGHT="65"
                          WIDTH="252"
                          VPOS="2701"
                          HPOS="1738"
                          CONTENT="superiore"/>
                  <SP HEIGHT="65" WIDTH="19" VPOS="2701" HPOS="1990"/>
                  <String HEIGHT="65"
                          WIDTH="194"
                          VPOS="2701"
                          HPOS="1932"
                          CONTENT="nostra"/>
                  <SP HEIGHT="65" WIDTH="19" VPOS="2701" HPOS="2125"/>
                  <String HEIGHT="65"
                          WIDTH="155"
                          VPOS="2701"
                          HPOS="2048"
                          CONTENT="disser"/>
               </TextLine>
               <TextLine ID="r2l46"
                         BASELINE="2817"
                         HEIGHT="79"
                         WIDTH="1646"
                         VPOS="2738"
                         HPOS="559">
                  <String HEIGHT="79"
                          WIDTH="221"
                          VPOS="2738"
                          HPOS="539"
                          CONTENT="tatione"/>
                  <SP HEIGHT="79" WIDTH="20" VPOS="2738" HPOS="760"/>
                  <String HEIGHT="79" WIDTH="120" VPOS="2738" HPOS="700" CONTENT="de"/>
                  <SP HEIGHT="79" WIDTH="20" VPOS="2738" HPOS="820"/>
                  <String HEIGHT="79"
                          WIDTH="201"
                          VPOS="2738"
                          HPOS="760"
                          CONTENT="gratia"/>
                  <SP HEIGHT="79" WIDTH="20" VPOS="2738" HPOS="960"/>
                  <String HEIGHT="79"
                          WIDTH="141"
                          VPOS="2738"
                          HPOS="900"
                          CONTENT="dei"/>
                  <SP HEIGHT="79" WIDTH="20" VPOS="2738" HPOS="1041"/>
                  <String HEIGHT="79" WIDTH="100" VPOS="2738" HPOS="981" CONTENT="&amp;"/>
                  <SP HEIGHT="79" WIDTH="20" VPOS="2738" HPOS="1081"/>
                  <String HEIGHT="79"
                          WIDTH="241"
                          VPOS="2738"
                          HPOS="1021"
                          CONTENT="breuiter"/>
                  <SP HEIGHT="79" WIDTH="20" VPOS="2738" HPOS="1262"/>
                  <String HEIGHT="79" WIDTH="100" VPOS="2738" HPOS="1201" CONTENT="&amp;"/>
                  <SP HEIGHT="79" WIDTH="20" VPOS="2738" HPOS="1302"/>
                  <String HEIGHT="79"
                          WIDTH="281"
                          VPOS="2738"
                          HPOS="1241"
                          CONTENT="luculenter"/>
                  <SP HEIGHT="79" WIDTH="20" VPOS="2738" HPOS="1523"/>
                  <String HEIGHT="79"
                          WIDTH="181"
                          VPOS="2738"
                          HPOS="1462"
                          CONTENT="satis"/>
                  <SP HEIGHT="79" WIDTH="20" VPOS="2738" HPOS="1643"/>
                  <String HEIGHT="79"
                          WIDTH="281"
                          VPOS="2738"
                          HPOS="1583"
                          CONTENT="ostendisse"/>
                  <SP HEIGHT="79" WIDTH="20" VPOS="2738" HPOS="1864"/>
                  <String HEIGHT="79"
                          WIDTH="201"
                          VPOS="2738"
                          HPOS="1804"
                          CONTENT="spero."/>
                  <SP HEIGHT="79" WIDTH="20" VPOS="2738" HPOS="2004"/>
                  <String HEIGHT="79"
                          WIDTH="141"
                          VPOS="2738"
                          HPOS="1944"
                          CONTENT="Sed"/>
                  <SP HEIGHT="79" WIDTH="20" VPOS="2738" HPOS="2085"/>
                  <String HEIGHT="79" WIDTH="100" VPOS="2738" HPOS="2024" CONTENT="&amp;"/>
                  <SP HEIGHT="79" WIDTH="20" VPOS="2738" HPOS="2125"/>
                  <String HEIGHT="79"
                          WIDTH="161"
                          VPOS="2738"
                          HPOS="2044"
                          CONTENT="conse"
                          SUBS_TYPE="HypPart1"
                          SUBS_CONTENT="consequens"/>
                  <HYP CONTENT="-"/>
               </TextLine>
               <TextLine ID="r2l47"
                         BASELINE="2879"
                         HEIGHT="81"
                         WIDTH="1645"
                         VPOS="2798"
                         HPOS="554">
                  <String HEIGHT="81"
                          WIDTH="192"
                          VPOS="2798"
                          HPOS="533"
                          CONTENT="quens"
                          SUBS_TYPE="HypPart2"
                          SUBS_CONTENT="consequens"/>
                  <SP HEIGHT="81" WIDTH="21" VPOS="2798" HPOS="725"/>
                  <String HEIGHT="81"
                          WIDTH="299"
                          VPOS="2798"
                          HPOS="661"
                          CONTENT="disputatio"/>
                  <SP HEIGHT="81" WIDTH="21" VPOS="2798" HPOS="960"/>
                  <String HEIGHT="81" WIDTH="128" VPOS="2798" HPOS="896" CONTENT="de"/>
                  <SP HEIGHT="81" WIDTH="21" VPOS="2798" HPOS="1024"/>
                  <String HEIGHT="81"
                          WIDTH="256"
                          VPOS="2798"
                          HPOS="960"
                          CONTENT="Christo,"/>
                  <SP HEIGHT="81" WIDTH="21" VPOS="2798" HPOS="1216"/>
                  <String HEIGHT="81"
                          WIDTH="128"
                          VPOS="2798"
                          HPOS="1152"
                          CONTENT="in"/>
                  <SP HEIGHT="81" WIDTH="21" VPOS="2798" HPOS="1280"/>
                  <String HEIGHT="81"
                          WIDTH="150"
                          VPOS="2798"
                          HPOS="1216"
                          CONTENT="quo"/>
                  <SP HEIGHT="81" WIDTH="21" VPOS="2798" HPOS="1366"/>
                  <String HEIGHT="81"
                          WIDTH="427"
                          VPOS="2798"
                          HPOS="1302"
                          CONTENT="excellentissimam"/>
                  <SP HEIGHT="81" WIDTH="21" VPOS="2798" HPOS="1729"/>
                  <String HEIGHT="81"
                          WIDTH="128"
                          VPOS="2798"
                          HPOS="1665"
                          CONTENT="in"/>
                  <SP HEIGHT="81" WIDTH="21" VPOS="2798" HPOS="1793"/>
                  <String HEIGHT="81"
                          WIDTH="150"
                          VPOS="2798"
                          HPOS="1729"
                          CONTENT="nos"/>
                  <SP HEIGHT="81" WIDTH="21" VPOS="2798" HPOS="1879"/>
                  <String HEIGHT="81"
                          WIDTH="235"
                          VPOS="2798"
                          HPOS="1814"
                          CONTENT="gratiam"/>
                  <SP HEIGHT="81" WIDTH="21" VPOS="2798" HPOS="2049"/>
                  <String HEIGHT="81"
                          WIDTH="235"
                          VPOS="2798"
                          HPOS="1964"
                          CONTENT="coelestem"/>
               </TextLine>
               <TextLine ID="r2l48"
                         BASELINE="2938"
                         HEIGHT="71"
                         WIDTH="1017"
                         VPOS="2867"
                         HPOS="553">
                  <String HEIGHT="71"
                          WIDTH="259"
                          VPOS="2867"
                          HPOS="535"
                          CONTENT="transfudit"/>
                  <SP HEIGHT="71" WIDTH="18" VPOS="2867" HPOS="793"/>
                  <String HEIGHT="71"
                          WIDTH="185"
                          VPOS="2867"
                          HPOS="738"
                          CONTENT="pater,"/>
                  <SP HEIGHT="71" WIDTH="18" VPOS="2867" HPOS="923"/>
                  <String HEIGHT="71"
                          WIDTH="203"
                          VPOS="2867"
                          HPOS="867"
                          CONTENT="sarciet"/>
                  <SP HEIGHT="71" WIDTH="18" VPOS="2867" HPOS="1071"/>
                  <String HEIGHT="71"
                          WIDTH="111"
                          VPOS="2867"
                          HPOS="1015"
                          CONTENT="si"/>
                  <SP HEIGHT="71" WIDTH="18" VPOS="2867" HPOS="1126"/>
                  <String HEIGHT="71"
                          WIDTH="148"
                          VPOS="2867"
                          HPOS="1071"
                          CONTENT="quid"/>
                  <SP HEIGHT="71" WIDTH="18" VPOS="2867" HPOS="1219"/>
                  <String HEIGHT="71"
                          WIDTH="166"
                          VPOS="2867"
                          HPOS="1163"
                          CONTENT="illis"/>
                  <SP HEIGHT="71" WIDTH="18" VPOS="2867" HPOS="1330"/>
                  <String HEIGHT="71"
                          WIDTH="185"
                          VPOS="2867"
                          HPOS="1274"
                          CONTENT="deesse"/>
                  <SP HEIGHT="71" WIDTH="18" VPOS="2867" HPOS="1459"/>
                  <String HEIGHT="71"
                          WIDTH="185"
                          VPOS="2867"
                          HPOS="1385"
                          CONTENT="uidetur."/>
               </TextLine>
               <TextLine ID="r2l49"
                         BASELINE="2988"
                         HEIGHT="84"
                         WIDTH="1606"
                         VPOS="2904"
                         HPOS="604">
                  <String HEIGHT="84"
                          WIDTH="307"
                          VPOS="2904"
                          HPOS="580"
                          CONTENT="Priusquam"/>
                  <SP HEIGHT="84" WIDTH="24" VPOS="2904" HPOS="887"/>
                  <String HEIGHT="84"
                          WIDTH="213"
                          VPOS="2904"
                          HPOS="817"
                          CONTENT="autem"/>
                  <SP HEIGHT="84" WIDTH="24" VPOS="2904" HPOS="1029"/>
                  <String HEIGHT="84"
                          WIDTH="189"
                          VPOS="2904"
                          HPOS="958"
                          CONTENT="hinc"/>
                  <SP HEIGHT="84" WIDTH="24" VPOS="2904" HPOS="1147"/>
                  <String HEIGHT="84"
                          WIDTH="354"
                          VPOS="2904"
                          HPOS="1076"
                          CONTENT="discedamus,"/>
                  <SP HEIGHT="84" WIDTH="24" VPOS="2904" HPOS="1431"/>
                  <String HEIGHT="84"
                          WIDTH="331"
                          VPOS="2904"
                          HPOS="1360"
                          CONTENT="admonendum"/>
                  <SP HEIGHT="84" WIDTH="24" VPOS="2904" HPOS="1690"/>
                  <String HEIGHT="84"
                          WIDTH="354"
                          VPOS="2904"
                          HPOS="1620"
                          CONTENT="existimaui,"/>
                  <SP HEIGHT="84" WIDTH="24" VPOS="2904" HPOS="1974"/>
                  <String HEIGHT="84"
                          WIDTH="165"
                          VPOS="2904"
                          HPOS="1903"
                          CONTENT="non"/>
                  <SP HEIGHT="84" WIDTH="24" VPOS="2904" HPOS="2068"/>
                  <String HEIGHT="84"
                          WIDTH="213"
                          VPOS="2904"
                          HPOS="1997"
                          CONTENT="inter"/>
                  <SP HEIGHT="84" WIDTH="24" VPOS="2904" HPOS="2210"/>
                  <String HEIGHT="84" WIDTH="94" VPOS="2904" HPOS="2116" CONTENT="se"/>
               </TextLine>
            </TextBlock>
         </PrintSpace>
      </Page>
   </Layout>
</alto>
