2288 3632
480 309 241 61 stitisse
661 309 181 61 nobis
782 309 161 61 quod
882 309 241 61 patribus
1063 309 241 61 promisit
1244 309 241 61 exhibito
1426 309 181 61 filio
1546 309 282 61 unigenito,
1768 309 141 61 qui
1848 309 141 61 sit
1929 309 181 61 uerus
2049 309 101 61 &
2069 309 101 61 ex-

490 346 254 91 pectatus
680 346 254 91 Messias.
871 346 148 91 Hoc
955 346 169 91 enim
1061 346 254 91 fecerunt
1252 346 360 91 euangelistae,
1548 346 106 91 &
1590 346 127 91 id
1654 346 212 91 quidem
1802 346 190 91 tanta
1929 346 148 91 cum
2014 346 169 91 fide
2120 346 106 91 &

490 421 290 57 diligentia
718 421 124 57 ut
780 421 166 57 nemo
884 421 207 57 possit
1029 421 290 57 euidentius
1257 421 104 57 &
1298 421 228 57 melius.
1464 421 145 57 Huc
1547 421 228 57 referre
1712 421 186 57 licet
1837 421 186 57 omnia
1961 421 166 57 quae
2044 421 124 57 dixi

495 478 297 59 Sermonibus
728 478 340 59 superioribus
1005 478 127 59 de
1068 478 404 59 significatione,
1408 478 149 59 uel
1493 478 297 59 mysterijs,
1727 478 297 59 impletione
1961 478 106 59 &
1982 478 191 59 abroga-

496 515 194 92 tione
626 515 215 92 legis.
776 515 129 92 Et
841 515 129 92 ut
906 515 194 92 nobis
1035 515 151 92 non
1121 515 194 92 tanta
1250 515 151 92 sit
1336 515 366 92 testimoniorum
1638 515 215 92 copia,
1788 515 129 92 an
1853 515 151 92 non
1939 515 215 92 unicum
2068 515 108 92 hoc

505 570 170 89 quod
611 570 170 89 apud
717 570 234 89 Ioannem
887 570 127 89 in
951 570 127 89 4.
1014 570 170 89 cap.
1120 570 234 89 legimus
1290 570 170 89 uice
1396 570 255 89 multorum
1588 570 234 89 millium
1757 570 170 89 esse
1864 570 255 89 poterat?
2033 570 149 89 Dicit

502 630 212 70 mulier
650 630 170 70 illa
757 630 297 70 Samaritana
990 630 127 70 ad
1054 630 255 70 dominum,
1245 630 170 70 Scio
1352 630 170 70 quod
1458 630 234 70 Messias
1628 630 255 70 uenturus
1819 630 170 70 sit,
1925 630 149 70 qui
1989 630 191 70 dicitur

505 683 246 74 Christus
690 683 103 74 :
731 683 144 74 cum
813 683 164 74 ergo
916 683 226 74 uenerit
1080 683 185 74 ille,
1203 683 185 74 nobis
1326 683 267 74 nunciabit
1531 683 205 74 omnia,
1675 683 267 74 Respondit
1880 683 123 74 ei
1941 683 205 74 Iesus:
2064 683 103 74 Ego

494 751 142 64 sum
575 751 142 64 qui
656 751 202 64 loquor
797 751 182 64 tibi.
919 751 121 64 En
979 751 162 64 quid
1080 751 223 64 poterat
1242 751 162 64 dici
1344 751 243 64 clarius?
1526 751 142 64 Ego
1607 751 202 64 inquit
1748 751 142 64 sum
1829 751 243 64 Messias,
2011 751 142 64 ego
2072 751 101 64 in-

505 800 162 81 quam
606 800 141 81 qui
687 800 162 81 tibi
788 800 202 81 loquor
929 800 182 81 modo,
1050 800 141 81 qui
1131 800 121 81 ab
1192 800 202 81 initio
1333 800 182 81 dixi,
1455 800 121 81 Si
1515 800 202 81 scires
1657 800 182 81 donum
1778 800 162 81 dei,
1879 800 101 81 &
1919 800 162 81 quis
2020 800 141 81 sit
2081 800 101 81 qui

502 875 165 52 tibi
606 875 206 52 dicit,
750 875 124 52 Da
812 875 165 52 mihi
915 875 165 52 quod
1018 875 206 52 bibam,
1163 875 124 52 tu
1225 875 248 52 petisses
1410 875 124 52 ab
1472 875 144 52 eo,
1555 875 103 52 &
1596 875 248 52 dedisset
1782 875 165 52 tibi
1885 875 186 52 aquam
1988 875 186 52 uiuam.-

502 920 249 67 Quisquis
689 920 166 67 enim
793 920 229 67 biberit
959 920 125 67 ex
1022 920 166 67 aqua
1125 920 166 67 quam
1229 920 145 67 ego
1312 920 166 67 dabo
1416 920 145 67 ei,
1499 920 145 67 non
1583 920 249 67 sitierit
1770 920 125 67 in
1832 920 270 67 aeternum:
2040 920 145 67 sed
2102 920 83 67 a-

506 962 136 89 qua
583 962 155 89 quam
680 962 155 89 dabo
778 962 117 89 ei
836 962 155 89 fiet
933 962 117 89 in
991 962 117 89 eo
1050 962 155 89 fons
1147 962 194 89 aquae,
1283 962 253 89 salientis
1477 962 117 89 in
1536 962 175 89 uitam
1652 962 253 89 aeternam.
1847 962 330 89 Infelicissimi
2099 962 78 89 er

499 1023 136 79 go
567 1023 226 79 omnium
726 1023 294 79 mortalium
952 1023 113 79 &
998 1023 317 79 aridissimi
1247 1023 204 79 sunt,
1382 1023 159 79 qui
1473 1023 204 79 alium
1609 1023 181 79 post
1722 1023 249 79 dominum
1903 1023 249 79 nostrum
2062 1023 113 79 Mel

505 1092 172 57 siam
613 1092 301 57 expectant.
850 1092 215 57 Petrus
1001 1092 172 57 bene
1108 1092 194 57 longa
1238 1092 258 57 oratione
1431 1092 301 57 scripturis
1668 1092 108 57 &
1711 1092 215 57 firmis
1862 1092 301 57 rationibus
2077 1092 108 57 in-

495 1129 247 75 structa,
681 1129 124 75 in
743 1129 186 75 Actis
866 1129 227 75 aposto.
1031 1129 165 75 cap.
1135 1129 124 75 2.
1196 1129 309 75 demonstrat,
1444 1129 186 75 Iesum
1567 1129 227 75 dominum
1732 1129 227 75 nostrum
1897 1129 186 75 illum
2021 1129 165 75 esse
2104 1129 82 75 ue

499 1203 152 61 rum
586 1203 261 61 Messiam.
782 1203 152 61 Hac
869 1203 174 61 enim
978 1203 283 61 sententia
1195 1203 261 61 Sermonem
1391 1203 174 61 suum
1500 1203 305 61 concludit,
1739 1203 196 61 Certo
1870 1203 196 61 sciat
2000 1203 174 61 ergo
2087 1203 87 61 to

506 1245 134 68 ta
573 1245 201 68 domus
707 1245 246 68 lsrael,
886 1245 179 68 quod
997 1245 246 68 dominum
1176 1245 112 68 &
1221 1245 268 68 Christum
1422 1245 246 68 fecerit
1601 1245 201 68 deus,
1735 1245 179 68 hunc
1847 1245 201 68 Iesum
1981 1245 179 68 quem
2070 1245 112 68 uos

507 1315 378 60 crucifixistis.
822 1315 126 60 Ad
885 1315 210 60 eundem
1033 1315 210 60 scopum
1180 1315 210 60 tendit
1327 1315 105 60 &
1369 1315 294 60 doctissima
1600 1315 399 60 copiosissimaque
1937 1315 210 60 oratio
2063 1315 126 60 pro-

512 1368 285 60 tomartyris
736 1368 265 60 Stephani,
939 1368 163 60 quae
1041 1368 265 60 exhibetur
1245 1368 183 60 nobis
1367 1368 204 60 Actor.
1509 1368 122 60 7.
1570 1368 163 60 cap.
1672 1368 122 60 In
1733 1368 122 60 S.
1794 1368 163 60 cap.
1896 1368 265 60 Philippus
2079 1368 102 60 Ae-

514 1416 201 68 thiopi
655 1416 241 68 ostendit
835 1416 121 68 ex
896 1416 261 68 uaticinio
1096 1416 221 68 lsaiae,
1257 1416 181 68 Iesum
1378 1416 161 68 esse
1478 1416 261 68 Christum.
1679 1416 121 68 S.
1739 1416 201 68 Paulus
1880 1416 121 68 in
1940 1416 221 68 omnibus
2081 1416 100 68 sy-

506 1466 249 74 nagogis
687 1466 158 74 non
778 1466 204 74 aliam
913 1466 271 74 proponit
1117 1466 362 74 propositonem
1411 1466 181 74 quam
1524 1466 181 74 hanc
1637 1466 384 74 demostrandam,
1954 1466 204 74 Iesus
2067 1466 113 74 est

510 1525 244 63 Christus,
698 1525 113 63 id
755 1525 132 63 est
830 1525 169 63 Iesus
943 1525 132 63 est
1018 1525 150 63 rex,
1112 1525 226 63 pontifex
1281 1525 169 63 atque
1394 1525 226 63 saluator
1563 1525 244 63 fidelium.
1751 1525 113 63 In
1807 1525 188 63 capite
1939 1525 169 63 autem
2051 1525 132 63 13.
2108 1525 75 63 co

508 1579 183 82 piosa
629 1579 243 82 oratione
812 1579 203 82 eandem
954 1579 264 82 illustrat
1157 1579 183 82 atque
1278 1579 264 82 deciarat.
1481 1579 162 82 Haec
1583 1579 183 82 autem
1704 1579 345 82 euidentissima
1988 1579 101 82 &
2008 1579 183 82 claris-

515 1642 161 68 sima
616 1642 221 68 diuines
777 1642 282 68 scripturae
998 1642 282 68 testimonia
1220 1642 302 68 proculdubio
1461 1642 322 68 satisfaciunt
1723 1642 201 68 minime
1864 1642 221 68 rixosis
2025 1642 141 68 nec
2085 1642 101 68 per

515 1702 287 64 tinacibus.
740 1702 164 64 Nolo
842 1702 266 64 operosius
1047 1702 102 64 &
1088 1702 266 64 curiosius
1293 1702 123 64 in
1354 1702 266 64 praesenti
1559 1702 266 64 disputare
1764 1702 205 64 contra
1886 1702 287 64 tergiuersato

508 1745 154 69 res
596 1745 264 69 ludaeos,
794 1745 198 69 alium
926 1745 330 69 expectantes
1190 1745 264 69 Messiam,
1387 1745 242 69 nostrum
1563 1745 198 69 autem
1695 1745 198 69 illum
1827 1745 264 69 dominum,
2003 1745 176 69 filium

520 1803 148 66 dei
604 1803 106 66 &
647 1803 211 66 Mariae
795 1803 275 66 uirginis,
1006 1803 254 66 negantes
1196 1803 169 66 esse
1302 1803 190 66 uerum
1428 1803 254 66 Messiam.
1619 1803 254 66 Sentiunt
1809 1803 211 66 miseri
1935 1803 254 66 uerissimum

510 1860 189 64 esse,
636 1860 168 64 quod
741 1860 126 64 in
804 1860 273 64 euangelio
1014 1860 273 64 praedixit
1224 1860 189 64 ipsis
1350 1860 252 64 dominus,
1538 1860 231 64 dicens,
1706 1860 147 64 Cum
1790 1860 273 64 uideritis
1979 1860 210 64 abomina-

521 1918 198 66 tionem
660 1918 336 66 desolationis,
936 1918 158 66 quae
1035 1918 178 66 dicta
1154 1918 138 66 est
1233 1918 99 66 a
1273 1918 217 66 Daniele
1431 1918 257 66 propheta,
1628 1918 217 66 stantem
1787 1918 119 66 in
1846 1918 158 66 loco
1945 1918 217 66 sancto,
2083 1918 99 66 qui

514 1966 183 67 legit
636 1966 305 67 intelligat.
880 1966 163 67 Tunc
981 1966 142 67 qui
1063 1966 122 67 in
1124 1966 203 67 ludaea
1266 1966 163 67 sunt
1368 1966 224 67 fugiant
1530 1966 122 67 ad
1591 1966 224 67 montes.
1754 1966 142 67 Vae
1835 1966 183 67 autem
1937 1966 244 67 praegnanti

515 2021 141 69 bus
595 2021 101 69 &
636 2021 302 69 lactantibus
877 2021 121 69 in
937 2021 181 69 illis
1058 2021 221 69 diebus.
1219 2021 161 69 Erit
1320 2021 161 69 enim
1420 2021 262 69 afflictio
1622 2021 201 69 magna.
1762 2021 121 69 Et
1823 2021 201 69 iterum
1964 2021 121 69 de
2024 2021 161 69 urbe
2105 2021 80 69 lo

518 2083 194 67 quens
648 2083 410 67 Hierosolymorum,
993 2083 194 67 Dies,
1123 2083 238 67 inquit,
1296 2083 238 67 uenient
1468 2083 130 67 in
1533 2083 151 67 te,
1620 2083 108 67 &
1663 2083 345 67 circundabunt
1943 2083 130 67 te
1987 2083 194 67 inimici

520 2144 147 61 tui
604 2144 210 61 uallo,
751 2144 105 61 &
793 2144 231 61 cingent
962 2144 105 61 &
1004 2144 358 61 coangustabunt
1298 2144 126 61 te
1362 2144 252 61 undique,
1551 2144 105 61 &
1593 2144 168 61 solo
1698 2144 274 61 aequabunt
1909 2144 147 61 te,
1993 2144 105 61 &
2014 2144 168 61 filios

518 2199 166 58 tuos
622 2199 145 58 qui
705 2199 124 58 in
767 2199 124 58 te
829 2199 187 58 sunt.
954 2199 124 58 Et
1016 2199 145 58 non
1099 2199 290 58 relinquent
1327 2199 124 58 in
1390 2199 124 58 te
1452 2199 228 58 lapidem
1618 2199 187 58 super
1742 2199 249 58 lapidem:
1929 2199 124 58 eo
1991 2199 166 58 quod
2074 2199 104 58 non

512 2254 289 59 cognoueris
739 2254 206 59 tempus
883 2254 330 59 uisitationis
1151 2254 186 59 tuae.
1275 2254 124 59 Et
1337 2254 227 59 iterum,
1502 2254 165 59 Erit
1605 2254 144 59 ira
1687 2254 124 59 in
1749 2254 206 59 populo
1893 2254 165 59 hoc:
1996 2254 103 59 &
2017 2254 165 59 cadent

514 2313 166 60 acie
618 2313 228 60 gladij,
784 2313 104 60 &
825 2313 228 60 captiui
991 2313 249 60 ducentur
1178 2313 124 60 in
1240 2313 187 60 omnes
1365 2313 228 60 gentes.
1531 2313 124 60 Et
1593 2313 290 60 Hierusalem
1821 2313 290 60 calcabitur
2050 2313 104 60 a
2070 2313 104 60 gen

517 2358 210 65 tibus,
664 2358 189 65 donec
790 2358 293 65 impleantur
1020 2358 231 65 tempora
1188 2358 252 65 gentium.
1376 2358 168 65 Haec
1481 2358 168 65 quia
1586 2358 252 65 sentiunt
1775 2358 126 65 ad
1838 2358 210 65 uerbum
1984 2358 147 65 ita
2047 2358 126 65 esse

528 2427 219 60 impleta
687 2427 179 60 sicut
807 2427 100 60 a
847 2427 219 60 Christo
1006 2427 119 60 in
1066 2427 259 60 euangelio
1265 2427 219 60 fuerunt
1424 2427 279 60 praedicta,
1643 2427 179 60 quare
1763 2427 199 60 miseri
1902 2427 139 60 non
1982 2427 159 60 dant
2062 2427 119 60 glo-

518 2482 176 56 riam
628 2482 176 56 deo,
738 2482 110 56 &
782 2482 132 56 in
847 2482 264 56 reliquis
1045 2482 198 56 etiam
1177 2482 242 56 credunt
1353 2482 307 56 euangelio,
1594 2482 329 56 agnoscentes
1858 2482 198 56 Iesum
1967 2482 220 56 Christum

522 2528 157 66 dei
611 2528 112 66 &
656 2528 224 66 Mariae
813 2528 269 66 uirginis
1015 2528 247 66 filium,
1194 2528 247 66 dominum
1374 2528 269 66 nostrum,
1576 2528 202 66 uerum
1710 2528 112 66 &
1755 2528 314 66 expectatum
1979 2528 202 66 uenisse

521 2580 275 69 Messiam?
727 2580 183 69 Quid
842 2580 229 69 habent
1002 2580 183 69 quod
1116 2580 298 69 pertinaci
1345 2580 183 69 suae
1460 2580 389 69 incredulitati
1780 2580 320 69 obtendant?
2009 2580 183 69 Carue-

526 2655 166 53 runt
630 2655 248 53 hactenus
816 2655 103 53 a
857 2655 186 53 mille
982 2655 290 53 quingentis
1209 2655 186 53 annis
1333 2655 103 53 &
1375 2655 228 53 amplius
1540 2655 207 53 patria
1685 2655 166 53 sua,
1789 2655 186 53 terra
1913 2655 207 53 inquam
2058 2655 166 53 illa

517 2693 258 77 patribus
710 2693 279 77 promissa,
925 2693 193 77 melle
1054 2693 107 77 &
1096 2693 193 77 lacte
1225 2693 258 77 manante:
1419 2693 279 77 caruerunt
1634 2693 301 77 prophetis:
1870 2693 279 77 caruerunt
2063 2693 129 77 cul-

527 2746 126 76 tu
590 2746 252 76 celebri,
779 2746 105 76 &
821 2746 273 76 legitimo.
1032 2746 147 76 Vbi
1116 2746 168 76 enim
1221 2746 147 76 est
1305 2746 252 76 templum?
1494 2746 147 76 Vbi
1578 2746 147 76 est
1662 2746 210 76 summus
1810 2746 273 76 pontifex?
2020 2746 147 76 Vbi
2083 2746 105 76 est

520 2805 168 70 ara?
625 2805 147 70 Vbi
709 2805 168 70 sunt
814 2805 314 70 instrumenta
1065 2805 210 70 sacra:
1212 2805 147 70 Vbi
1296 2805 293 70 sacrificia
1526 2805 168 70 quae
1631 2805 293 70 offerantur
1862 2805 252 70 secundum
2029 2805 147 70 lege-

521 2861 179 65 Omnis
640 2861 198 65 gloria
779 2861 198 65 populi
918 2861 139 65 dei
997 2861 258 65 translata
1196 2861 139 65 est
1275 2861 119 65 ad
1335 2861 317 65 Christianos.
1593 2861 119 65 Hi
1652 2861 218 65 gaudent
1811 2861 198 65 uocari
1950 2861 179 65 filij
2049 2861 139 65 Abra-

519 2917 155 84 hae:
616 2917 117 84 hi
674 2917 233 84 exultant
849 2917 117 84 in
907 2917 350 84 promissionibus
1198 2917 233 84 patribus
1373 2917 214 84 factis:
1529 2917 117 84 hi
1587 2917 253 84 celebrant
1781 2917 97 84 &
1820 2917 272 84 praedicant
2014 2917 175 84 patres.
