2288 3632
56 253 237 90 ueritas.
234 253 119 90 In
293 253 158 90 solo
392 253 217 90 Christo
550 253 158 90 esse
649 253 178 90 uitam
767 253 99 90 &
807 253 217 90 salutem
965 253 237 90 nostram,
1143 253 138 90 ita
1222 253 119 90 ut
1281 253 178 90 extra
1399 253 237 90 Christum
1557 253 178 90 nullibi

59 330 220 62 prorsus
219 330 140 62 uel
299 330 160 62 uita
400 330 140 62 uel
480 330 180 62 salus
600 330 160 62 sit,
700 330 240 62 testatur
880 330 160 62 ipse
981 330 220 62 dominus
1141 330 120 62 in
1201 330 260 62 euangelio
1401 330 220 62 dicens,
1562 330 160 62 Amen
1642 330 80 62 a-

52 385 148 63 men
136 385 169 63 dico
242 385 211 63 uobis,
389 385 148 63 qui
473 385 148 63 non
558 385 211 63 intrat
705 385 148 63 per
790 385 211 63 ostium
937 385 126 63 in
1000 385 253 63 stabulum
1190 385 211 63 ouium,
1338 385 148 63 sed
1422 385 253 63 ascendit
1590 385 148 63 aliun

57 430 143 86 de,
138 430 163 86 ille
240 430 143 86 fur
322 430 143 86 est
404 430 102 86 &
445 430 204 86 latro.
588 430 163 86 Amen
690 430 163 86 amen
792 430 163 86 dico
894 430 204 86 uobis,
1037 430 143 86 ego
1119 430 143 86 sum
1201 430 204 86 ostium
1344 430 204 86 ouium:
1487 430 184 86 omnes
1589 430 143 86 quot-

55 496 170 70 quot
161 496 170 70 ante
267 496 128 70 me
331 496 277 70 uenerunt,
544 496 191 70 fures
672 496 170 70 sunt
778 496 106 70 &
820 496 277 70 latrones.
1033 496 170 70 Ecce
1139 496 213 70 unicum
1288 496 170 70 modo
1395 496 213 70 ostium
1544 496 170 70 est,
1629 496 106 70 quo

61 559 192 64 patet
189 559 128 64 ad
252 559 192 64 uitam
380 559 234 64 aditus.
551 559 256 64 Christus
743 559 192 64 autem
871 559 149 64 hoc
956 559 213 64 ostium
1105 559 170 64 est.
1212 559 149 64 Qui
1297 559 170 64 ergo
1403 559 149 64 per
1489 559 170 64 alia
1574 559 149 64 media

50 605 172 56 quam
158 605 151 56 per
244 605 258 56 Christum
438 605 301 56 eluctantur
675 605 129 56 ad
739 605 194 56 uitam
868 605 108 56 &
911 605 237 56 salutem
1083 605 280 56 aeternam,
1299 605 194 56 fures
1428 605 172 56 sunt
1535 605 108 56 &
1557 605 172 56 latro-

53 662 162 76 nes.
154 662 222 76 Christo
315 662 162 76 enim
417 662 162 76 suam
518 662 303 76 suffurantur
760 662 242 76 gloriam,
942 662 141 76 qui
1023 662 182 76 solus
1144 662 141 76 est
1225 662 101 76 &
1265 662 182 76 manet
1386 662 263 76 saluator:
1589 662 101 76 &
1609 662 121 76 suas

58 718 227 72 ipsorum
224 718 207 72 animas
368 718 289 72 trucidant.
596 718 165 72 Idem
699 718 248 72 saluator
885 718 124 72 in
947 718 269 72 euangelio
1153 718 207 72 dicit,
1298 718 145 72 Ego
1381 718 145 72 sum
1463 718 165 72 uia,
1546 718 186 72 ueritas

46 776 105 70 &
88 776 189 70 uita.
214 776 168 70 Nemo
319 776 189 70 uenit
445 776 126 70 ad
507 776 231 70 patrem,
675 776 168 70 nisi
780 776 147 70 per
864 776 147 70 me.
948 776 126 70 An
1011 776 147 70 non
1095 776 252 70 pauculis
1284 776 147 70 his
1367 776 210 70 uerbis
1514 776 189 70 omnia
1619 776 105 70 sa-

54 824 183 72 lutis
176 824 183 72 media
297 824 244 72 exclusit
480 824 122 72 ac
541 824 244 72 repulit,
724 824 122 72 se
785 824 183 72 solum
907 824 183 72 uitam
1029 824 102 72 &
1069 824 223 72 salutem
1232 824 325 72 constituens?
1496 824 183 72 Certe
1597 824 122 72 locu

59 885 212 70 tionis
207 885 212 70 genus,
356 885 170 70 Nemo
462 885 191 70 uenit
589 885 127 70 ad
653 885 212 70 patrem
801 885 170 70 nisi
908 885 149 70 per
992 885 149 70 me,
1077 885 127 70 id
1141 885 212 70 omnino
1289 885 212 70 pollet
1438 885 170 70 quod
1544 885 170 70 hoc,
1629 885 106 70 Per

44 939 203 63 solum
180 939 270 63 Christum
383 939 316 63 peruenitur
631 939 135 63 ad
698 939 248 63 patrem.
878 939 158 63 Iam
969 939 113 63 &
1014 939 270 63 apostoli
1217 939 248 63 Christi
1397 939 270 63 Christum
1577 939 158 63 solum

53 998 141 60 ita
133 998 181 60 nobis
254 998 342 60 proposuerunt,
536 998 121 60 ut
596 998 161 60 nemo
697 998 141 60 non
778 998 201 60 possit
919 998 322 60 intelligere,
1180 998 181 60 extra
1301 998 242 60 Christum
1482 998 221 60 nullibi
1623 998 101 60 in-

53 1058 200 69 ueniri
193 1058 200 69 uitam.
333 1058 120 69 S.
393 1058 200 69 Petrus
533 1058 260 69 apostolus
733 1058 120 69 in
793 1058 200 69 Actis,
932 1058 140 69 Nec
1012 1058 140 69 est
1092 1058 120 69 in
1152 1058 160 69 alio
1252 1058 220 69 quoquam
1412 1058 180 69 salus
1532 1058 220 69 (inquit

55 1102 147 73 Nec
139 1102 168 73 enim
244 1102 189 73 aliud
370 1102 189 73 nomen
495 1102 147 73 est
579 1102 147 73 sub
663 1102 189 73 coelo
789 1102 189 73 datum
915 1102 189 73 inter
1041 1102 252 73 homines,
1230 1102 126 73 in
1293 1102 147 73 quo
1376 1102 252 73 oporteat
1565 1102 147 73 nos
1628 1102 105 73 sal

55 1168 148 60 uos
140 1168 212 60 fieri.
288 1168 212 60 Paulus
436 1168 212 60 quoque
585 1168 127 60 ad
648 1168 233 60 Romanos
818 1168 127 60 5.
881 1168 170 60 cap.
987 1168 233 60 subinde
1157 1168 254 60 repetit,
1348 1168 148 60 per
1432 1168 191 60 unius
1538 1168 191 60 hominis

52 1216 160 65 Iesu
152 1216 220 65 Christi
312 1216 260 65 iustitiam
511 1216 319 65 iustificatos
771 1216 160 65 esse
871 1216 180 65 omnes
990 1216 279 65 credentes.
1210 1216 180 65 Idem,
1330 1216 140 65 Per
1410 1216 180 65 hunc,
1529 1216 200 65 inquit
1649 1216 80 65 an

45 1284 285 68 nunciatur
264 1284 197 68 uobis
395 1284 307 68 peccatorum
636 1284 285 68 remissio:
855 1284 109 68 &
899 1284 131 68 ab
965 1284 241 68 omnibus
1140 1284 109 68 a
1184 1284 219 68 quibus
1337 1284 153 68 non
1424 1284 285 68 potuistis
1622 1284 109 68 per

59 1326 184 66 legem
181 1326 184 66 Mosis
303 1326 327 66 iustificari,
569 1326 143 66 per
650 1326 163 66 hunc
752 1326 184 66 omnis
875 1326 143 66 qui
957 1326 204 66 credit
1099 1326 347 66 iustificatur.
1385 1326 184 66 Cuius
1508 1326 204 66 quidem
1630 1326 102 66 ge-

48 1391 180 57 neris
168 1391 100 57 &
208 1391 160 57 alia
308 1391 220 57 profert
469 1391 120 57 in
529 1391 120 57 2.
589 1391 160 57 cap.
689 1391 120 57 ad
749 1391 240 57 Galatas.
930 1391 220 57 Constat
1090 1391 160 57 ergo
1190 1391 140 57 per
1270 1391 180 57 solum
1390 1391 240 57 Christum
1551 1391 180 57 creden-

53 1444 193 60 tibus
181 1444 258 60 conferri
375 1444 301 60 peccatorum
611 1444 301 60 remisionem
848 1444 107 60 &
891 1444 193 60 uitam
1020 1444 279 60 aeternam:
1235 1444 172 60 quae
1342 1444 193 60 sicut
1471 1444 193 60 extra
1579 1444 150 60 Chri-

58 1494 167 64 stum
163 1494 146 64 non
246 1494 188 64 sunt,
372 1494 146 64 ita
456 1494 146 64 per
539 1494 188 64 nulla
665 1494 188 64 media
790 1494 314 64 conseruntur
1042 1494 188 64 extra
1167 1494 272 64 Christum.
1376 1494 126 64 Et
1439 1494 146 64 nos
1523 1494 126 64 de
1565 1494 167 64 Remis-

62 1552 185 70 sione
186 1552 308 70 peccatorum,
432 1552 144 70 qui
514 1552 288 70 praecipuus
740 1552 144 70 est
822 1552 267 70 Euangelij
1028 1552 205 70 locus,
1171 1552 308 70 disseruimus
1418 1552 267 70 copiosius
1603 1552 123 70 Ser-

53 1609 161 64 mone
154 1609 121 64 9.
214 1609 201 64 Decad.
355 1609 101 64 .
395 1609 141 64 sed
476 1609 101 64 &
516 1609 181 64 alibi
637 1609 221 64 quoque.

133 1660 150 69 lam
218 1660 171 69 quod
325 1660 235 69 dominus
496 1660 214 69 noster
646 1660 192 69 plene
774 1660 256 69 absoluat
966 1660 107 69 a
1009 1660 278 69 peccatis,
1222 1660 192 69 plene
1351 1660 235 69 peccata
1500 1660 214 69 remittat

49 1722 180 73 plene
169 1722 220 73 saluet,
329 1722 140 73 ita
409 1722 120 73 ut
469 1722 180 73 nihil
589 1722 280 73 desiderari
809 1722 200 73 possit
949 1722 240 73 amplius,
1129 1722 220 73 adeoque
1289 1722 160 73 quod
1389 1722 160 73 ipse
1489 1722 220 73 dominus
1629 1722 120 73 sits

62 1787 274 64 plenitudo
273 1787 359 64 absolutissima
568 1787 316 64 credentium,
821 1787 190 64 extra
948 1787 169 64 quem
1053 1787 274 64 credentes
1264 1787 190 64 nihil
1391 1787 148 64 uel
1475 1787 232 64 cupiunt
1623 1787 105 64 am-

58 1841 184 68 plius
180 1841 123 68 ad
241 1841 184 68 uitam
364 1841 102 68 &
405 1841 245 68 salutem,
588 1841 143 68 uel
670 1841 286 68 desiderare
895 1841 245 68 possunt,
1079 1841 163 68 ipse
1181 1841 204 68 rursus
1324 1841 123 68 in
1385 1841 265 68 euangelio
1569 1841 163 68 tradit

60 1900 142 64 cum
141 1900 203 64 dicit.
283 1900 183 64 Omnis
405 1900 142 64 qui
486 1900 183 64 bibit
607 1900 122 64 ex
668 1900 162 64 aqua
770 1900 162 64 hac,
871 1900 203 64 sitiet
1013 1900 203 64 iterum
1155 1900 101 64 :
1196 1900 243 64 quisquis
1378 1900 183 64 autem
1500 1900 223 64 biberit
1642 1900 81 64 ex

49 1949 167 61 aqua
153 1949 167 61 quam
258 1949 146 61 ego
341 1949 209 61 dedero
487 1949 146 61 ei,
571 1949 188 61 uiuet
696 1949 271 61 aeternum.
905 1949 125 61 Et
968 1949 230 61 iterum,
1135 1949 146 61 Ego
1218 1949 146 61 sum
1302 1949 188 61 panis
1427 1949 209 61 uitae.
1573 1949 146 61 Qui
1636 1949 83 61 ue

48 2011 147 71 nit
132 2011 126 71 ad
195 2011 126 71 me
258 2011 147 71 non
342 2011 231 71 esuriet
510 2011 105 71 :
552 2011 105 71 &
594 2011 147 71 qui
678 2011 210 71 credit
825 2011 126 71 in
888 2011 126 71 me
950 2011 147 71 non
1034 2011 210 71 sitiet
1181 2011 231 71 unquam.
1349 2011 252 71 Apostoli
1538 2011 168 71 ergo
1622 2011 105 71 cum

64 2056 234 66 edissent
240 2056 156 66 hunc
338 2056 176 66 panem
455 2056 274 66 coelestem,
670 2056 117 66 id
729 2056 156 66 est,
826 2056 137 66 cum
904 2056 313 66 credidissent
1158 2056 117 66 in
1217 2056 234 66 Christum
1393 2056 137 66 dei
1471 2056 215 66 filium,
1608 2056 117 66 mul-

65 2122 140 69 tis
145 2122 341 69 discedentibus
426 2122 421 69 relinquentibusque
787 2122 261 69 Christum,
988 2122 201 69 rogati
1128 2122 140 69 num
1208 2122 100 69 &
1249 2122 160 69 ipsi
1349 2122 181 69 abire
1469 2122 261 69 statuant,
1650 2122 80 69 re

54 2170 281 73 spondent,
270 2170 216 73 Domine
421 2170 130 73 ad
486 2170 173 73 quem
594 2170 216 73 ibimus
745 2170 108 73 ?
789 2170 194 73 Verba
918 2170 194 73 uitae
1048 2170 259 73 aeternae
1242 2170 216 73 habes,
1393 2170 108 73 &
1436 2170 151 73 nos
1501 2170 216 73 credimus

67 2222 104 71 &
109 2222 290 71 cognouimus
337 2222 166 71 quod
440 2222 124 71 tu
502 2222 124 71 es
564 2222 249 71 Christus
751 2222 207 71 filius
896 2222 145 71 dei
978 2222 186 71 uiui.
1103 2222 124 71 En
1165 2222 145 71 nec
1248 2222 207 71 uolunt
1393 2222 145 71 nec
1475 2222 228 71 possunt
1620 2222 104 71 de-

48 2284 212 71 serere
196 2284 255 71 dominum.
387 2284 170 71 Quia
494 2284 212 71 nullus
642 2284 191 71 alius
770 2284 149 71 est
855 2284 149 71 cui
939 2284 127 71 se
1003 2284 297 71 coniungere
1237 2284 234 71 queant.
1407 2284 191 71 Solus
1534 2284 170 71 enim
1619 2284 106 71 hic

63 2339 165 74 uita
166 2339 144 74 est
249 2339 103 74 &
290 2339 185 74 salus
413 2339 308 74 credentium,
660 2339 103 74 &
701 2339 165 74 adeo
804 2339 185 74 plene
927 2339 267 74 absoluta,
1133 2339 123 74 ut
1194 2339 123 74 in
1256 2339 165 74 solo
1359 2339 329 74 acquiescant.
1626 2339 144 74 Cum

66 2386 237 74 doctrina
244 2386 276 74 euangelica
461 2386 237 74 congruit
639 2386 237 74 doctrina
816 2386 296 74 apostolica.
1053 2386 197 74 Paulus
1191 2386 158 74 enim
1290 2386 118 74 ad
1349 2386 217 74 Coloss.
1507 2386 118 74 In
1566 2386 197 74 filio,

59 2448 223 64 inquit,
221 2448 304 64 complacitum
465 2448 142 64 est
546 2448 183 64 patri
668 2448 264 64 uniuersam
871 2448 325 64 plenitudinem
1134 2448 304 64 inhabitare.
1378 2448 122 64 Et
1439 2448 223 64 iterum,
1601 2448 122 64 In
1642 2448 81 64 fi

49 2504 138 69 lio
128 2504 256 69 inhabitat
325 2504 177 69 omnis
442 2504 256 69 plenitudo
639 2504 236 69 deitatis
816 2504 334 69 corporaliter,
1091 2504 98 69 &
1130 2504 177 69 estis
1248 2504 118 69 in
1307 2504 157 69 illo
1406 2504 256 69 completi.
1602 2504 118 69 Et
1641 2504 79 69 in

54 2558 264 67 epistola
252 2558 132 67 ad
318 2558 198 67 Hebr,
449 2558 242 67 asserit
625 2558 285 67 credentes
845 2558 285 67 plenariam
1064 2558 220 67 habere
1218 2558 307 67 peccatorum
1438 2558 285 67 remisionem:

65 2622 160 58 quia
165 2622 220 58 cessent
325 2622 279 58 sacrificia
544 2622 220 58 offerri
704 2622 140 58 pro
784 2622 260 58 peccatis,
983 2622 220 58 deumque
1143 2622 279 58 promittere
1363 2622 140 58 per
1443 2622 240 58 Ieremiam
1602 2622 120 58 pro-

59 2676 225 68 phetam
217 2676 158 68 tam
307 2676 293 68 perfectam
532 2676 338 68 remissionem
802 2676 338 68 peccatorum,
1072 2676 135 68 ut
1140 2676 203 68 nolit
1275 2676 203 68 horum
1410 2676 158 68 uel
1477 2676 248 68 meminisse

61 2734 229 68 unquam.
228 2734 229 68 Proinde
394 2734 270 68 quicunque
602 2734 250 68 Christum
789 2734 166 68 fide
893 2734 291 68 possident,
1122 2734 291 68 plenissime
1351 2734 187 68 omnia
1475 2734 187 68 uitae
1600 2734 104 68 &
1621 2734 104 68 sa-

60 2782 184 64 lutis
182 2782 286 64 possident.
407 2782 143 64 Huc
488 2782 245 64 pertinet
672 2782 163 64 tota
774 2782 122 64 ad
835 2782 245 64 Hebraeos
1019 2782 265 64 epistola.
1223 2782 143 64 Huc
1304 2782 245 64 pertinet
1488 2782 245 64 epilogus
1651 2782 82 64 8.

59 2840 256 75 Sermonis
251 2840 213 75 Decad.
400 2840 128 75 5.
464 2840 149 75 quo
549 2840 299 75 recensemus
784 2840 171 75 quos
890 2840 192 75 nobis
1018 2840 128 75 in
1082 2840 235 75 Christo
1253 2840 277 75 thesauros
1466 2840 235 75 dederit
1615 2840 107 75 pa-

64 2885 127 74 ter
118 2885 217 74 coelestis,
