2288 3632
504 277 292 78 recipitur,
733 277 229 78 ideoque
900 277 292 78 euangelium
1129 277 104 78 &
1171 277 125 78 in
1233 277 271 78 euangelio
1441 277 250 78 Christus
1629 277 167 78 fide
1733 277 292 78 recipitur.
1962 277 208 78 Etenim
2087 277 104 78 di-

512 341 318 61 stinguendum
766 341 169 61 erit
872 341 297 61 diligenter
1105 341 191 61 inter
1232 341 275 61 praecepta
1444 341 106 61 &
1486 341 339 61 promisiones.
1761 341 148 61 Nam
1846 341 148 61 hae
1910 341 275 61 recipiuntur

512 394 178 71 fide:
631 394 158 71 illa
730 394 316 71 perficiuntur
986 394 257 71 operibus.
1184 394 158 71 Vnde
1283 394 198 71 Paulus
1421 394 217 71 dixisse
1579 394 237 71 legitur,
1757 394 119 71 Si
1816 394 119 71 ex
1875 394 158 71 lege
1974 394 138 71 est
2033 394 158 71 haere-

514 463 214 54 ditas,
663 463 150 54 non
749 463 150 54 iam
834 463 150 54 est
920 463 128 54 ex
984 463 320 54 promisione.
1240 463 192 54 Atqui
1368 463 235 54 Abrabae
1539 463 150 54 per
1625 463 320 54 promisionem
1881 463 235 54 donauit
2030 463 150 54 deus,

521 506 169 74 Idem
626 506 275 74 apostolus
838 506 127 74 ad
901 506 232 74 Romanos
1070 506 275 74 conferens
1281 506 190 74 inter
1408 506 127 74 se
1471 506 190 74 legem
1598 506 106 74 &
1640 506 317 74 euangelium,
1893 506 275 74 lustitia,
2083 506 106 74 in-

512 562 165 66 quit,
621 562 146 66 quae
713 562 128 66 est
786 562 110 66 ex
841 562 146 66 lege
932 562 128 66 sic
1005 562 183 66 habet,
1133 562 128 66 Qui
1207 562 201 66 fecerit
1353 562 128 66 ea,
1426 562 165 66 uiuet
1536 562 110 66 in
1591 562 146 66 eis.
1682 562 165 66 Fidei
1792 562 146 66 aunt
1883 562 219 66 iustitia
2048 562 128 66 sic
2103 562 91 66 ha-

517 621 152 65 bet,
612 621 114 65 Si
669 621 284 65 credideris,
896 621 190 65 saluus
1029 621 171 65 eris.
1143 621 133 65 Lex
1218 621 190 65 itaque
1351 621 208 65 nititur
1503 621 246 65 operibus,
1692 621 190 65 quibus
1825 621 246 65 iustitiam
1995 621 190 65 tribuere

524 672 238 63 uidetur.
703 672 139 63 Sed
782 672 159 63 quia
882 672 159 63 nemo
981 672 199 63 factis
1120 672 238 63 praestat
1299 672 199 63 legem,
1437 672 159 63 nemo
1537 672 179 63 certe
1656 672 139 63 per
1735 672 179 63 facta
1854 672 139 63 uel
1934 672 179 63 legem
2033 672 159 63 iusti-

518 734 247 60 ficatur.
704 734 289 60 Euangelium
931 734 144 60 non
1013 734 268 60 innititur
1219 734 268 60 operibus.
1425 734 144 60 Nam
1508 734 289 60 peccatores
1735 734 186 60 nihil
1858 734 124 60 in
1920 734 227 60 seipsis
2064 734 124 60 agno

515 785 192 74 scunt
643 785 170 74 quam
749 785 277 74 peccatum.
962 785 192 74 Totos
1090 785 170 74 enim
1197 785 277 74 corruptos
1410 785 128 74 se
1474 785 170 74 esse
1580 785 277 74 sentiunt:
1793 785 234 74 iccirco
1942 785 256 74 confugiunt

515 840 126 66 ad
578 840 356 66 misericordiam
871 840 168 66 dei,
976 840 189 66 cuius
1102 840 272 66 promissis
1311 840 230 66 fidunt,
1479 840 272 66 sperantes
1688 840 126 66 se
1751 840 209 66 gratis
1877 840 314 66 consequuturos

520 894 234 76 ueniam,
690 894 106 76 &
732 894 234 76 propter
902 894 255 76 Christum
1093 894 255 76 receptos
1285 894 170 76 esse
1391 894 127 76 in
1454 894 234 76 numerum
1624 894 255 76 filiorum
1816 894 170 76 dei.
1922 894 191 76 Plura
2049 894 149 76 hic
2113 894 85 76 di

514 954 196 74 cerem
645 954 131 74 de
711 954 175 74 Fide
820 954 131 74 in
885 954 240 74 dominum
1060 954 218 74 Iesum,
1213 954 131 74 de
1278 954 284 74 remisione
1496 954 306 74 peccatorum
1737 954 393 74 haereditateque
2042 954 153 74 uitae

515 1027 256 53 aeternae,
712 1027 158 53 nisi
811 1027 118 53 in
870 1027 118 53 1.
929 1027 197 53 Decad,
1067 1027 118 53 id
1126 1027 158 53 fuse
1225 1027 335 53 proposuissem.
1501 1027 158 53 Hinc
1600 1027 197 53 obiter
1738 1027 296 53 colligimus,
1954 1027 237 53 Euangelium

512 1069 149 68 non
597 1069 235 68 syncere
768 1069 320 68 praedicari,
1024 1069 213 68 quando
1173 1069 235 68 docetur
1344 1069 235 68 propter
1514 1069 192 68 opera
1642 1069 149 68 uel
1728 1069 213 68 merita
1877 1069 213 68 nostra
2005 1069 192 68 Christi

520 1126 192 72 uitam
648 1126 192 72 nobis
776 1126 342 72 communicari.
1054 1126 150 72 Nam
1139 1126 214 72 gratis
1289 1126 171 72 sine
1396 1126 171 72 omni
1502 1126 256 72 respectu
1695 1126 214 72 operum
1844 1126 299 72 nostrorum,
2058 1126 128 72 siue

522 1173 383 77 praecedentium,
841 1173 170 77 siue
947 1173 319 77 sequentium,
1202 1173 149 77 per
1287 1173 191 77 fidem
1393 1173 234 77 saluamur.

594 1225 129 79 Et
659 1225 237 79 quamuis
831 1225 151 79 hoc
918 1225 302 79 argumentum
1155 1225 323 79 tractauerim
1413 1225 194 79 semel
1543 1225 108 79 &
1586 1225 215 79 iterum
1736 1225 129 79 in
1801 1225 194 79 hisce
1930 1225 237 79 nostris
2081 1225 108 79 ser

500 1293 108 62 i
544 1293 259 62 monibus,
738 1293 173 62 quia
846 1293 194 62 tamen
976 1293 130 62 in
1040 1293 130 62 eo
1105 1293 259 62 uoluitur
1300 1293 194 62 cardo
1429 1293 281 62 doctrinae
1645 1293 346 62 euangelicae,
1926 1293 108 62 &
1969 1293 151 62 hoc
2034 1293 151 62 dogma

532 1347 215 68 (nempe
683 1347 172 68 fide
791 1347 151 68 non
877 1347 258 68 operibus
1071 1347 215 68 recipi
1222 1347 280 68 Christum)
1437 1347 108 68 a
1480 1347 215 68 multis
1631 1347 258 68 acerrime
1825 1347 323 68 oppugnatur,
2062 1347 129 68 duos

523 1405 214 64 tantum
673 1405 214 64 locos,
823 1405 150 64 sed
909 1405 214 64 maxime
1059 1405 300 64 illustres,
1294 1405 150 64 pro
1380 1405 172 64 eius
1487 1405 343 64 declaratione
1766 1405 107 64 &
1809 1405 365 64 confirmatione
2088 1405 107 64 ad-

532 1457 215 66 ducam,
683 1457 237 66 alterum
856 1457 215 66 quidem
1006 1457 129 66 ex
1071 1457 280 66 euangelio
1286 1457 237 66 Christi
1459 1457 237 66 domini,
1631 1457 237 66 alterum
1803 1457 129 66 ex
1868 1457 280 66 epistolis
2062 1457 129 66 san-

536 1513 134 79 cti
593 1513 153 79 Pauli-

607 1566 226 64 Dominus
772 1566 206 64 noster
916 1566 185 64 Iesus
1039 1566 247 64 Christus
1224 1566 288 64 compendium
1451 1566 185 64 uerae
1574 1566 226 64 salutis
1739 1566 308 64 traditurus,
1985 1566 123 64 id
2047 1566 144 64 est
2109 1566 82 64 e-

536 1625 269 66 uangelium
743 1625 186 66 uitae
867 1625 351 66 praedicaturus
1156 1625 269 66 Nicodemo,
1363 1625 124 66 in
1425 1625 269 66 euangelio
1631 1625 248 66 Ioannis,
1817 1625 289 66 auspicatur
2044 1625 124 66 at
2086 1625 103 66 poe

533 1689 252 66 nitentia,
726 1689 233 66 totumque
901 1689 155 66 sibi
998 1689 174 66 ipsum
1114 1689 194 66 eripit
1250 1689 271 66 Nicodemum,
1463 1689 194 66 nullis
1598 1689 233 66 relictis
1773 1689 116 66 ei
1831 1689 213 66 meritis
1986 1689 194 66 quibus
2102 1689 97 66 fi-

537 1739 175 65 dere
646 1739 240 65 possit.
821 1739 153 65 Dum
908 1739 175 65 enim
1017 1739 218 65 primam
1170 1739 240 65 hominis
1345 1739 327 65 natiuitatem
1607 1739 240 65 prorsus
1781 1739 240 65 damnat,
1956 1739 131 65 ut
2021 1739 175 65 quae
2109 1739 87 65 ad

533 1796 191 67 uitam
660 1796 255 67 aeternam
851 1796 191 67 nihil
979 1796 255 67 conferat
1170 1796 361 67 consequendam,
1468 1796 170 67 quid
1574 1796 212 67 quaeso
1723 1796 255 67 reliquit
1914 1796 276 67 Nicodemo,
2105 1796 85 67 in

520 1846 140 60 quo
600 1846 239 60 gloriari
779 1846 199 60 queat?
919 1846 219 60 Diserte
1078 1846 160 60 enim
1178 1846 199 60 dicit,
1318 1846 160 60 Amen
1417 1846 160 60 amen
1517 1846 160 60 dico
1617 1846 179 60 tibi,
1736 1846 160 60 nisi
1836 1846 160 60 quis
1936 1846 179 60 natus
2035 1846 160 60 fuerit

523 1908 102 64 e
563 1908 265 64 supernis,
767 1908 143 64 non
849 1908 204 64 potest
991 1908 204 64 uidere
1134 1908 204 64 regnum
1276 1908 163 64 dei.
1378 1908 122 64 Si
1439 1908 183 64 prima
1562 1908 265 64 natiuitas
1765 1908 102 64 &
1806 1908 163 64 eius
1908 1908 285 64 facultates
2112 1908 81 64 ad

529 1967 209 59 regnum
675 1967 146 59 dei
759 1967 230 59 possent
926 1967 292 59 prouehere,
1156 1967 167 59 quid
1260 1967 209 59 quaeso
1406 1967 167 59 opus
1511 1967 167 59 erat
1615 1967 292 59 natiuitate
1845 1967 251 59 secunda?
2012 1967 188 59 Secunda

532 2018 251 61 natiuitas
725 2018 135 61 fit
802 2018 174 61 opera
918 2018 232 61 spiritus
1092 2018 212 61 sancti,
1246 2018 135 61 qui
1323 2018 232 61 coelitus
1497 2018 116 61 in
1555 2018 174 61 corda
1671 2018 193 61 nostra
1806 2018 290 61 transfusus,
2018 2018 174 61 inducit

534 2068 138 65 nos
613 2068 118 65 in
672 2068 295 65 cognitionem
908 2068 217 65 nostri,
1066 2068 118 65 ut
1125 2068 197 65 facile
1263 2068 315 65 perspiciamus
1519 2068 295 65 firmiterque
1755 2068 256 65 teneamus,
1952 2068 157 65 adde
2050 2068 98 65 &
2070 2068 118 65 sen-

529 2127 213 61 tiamus
678 2127 128 61 in
742 2127 192 61 carne
870 2127 213 61 nostra
1019 2127 149 61 non
1104 2127 170 61 esse
1211 2127 192 61 uitam
1339 2127 149 61 aut
1424 2127 277 61 iustitiam
1637 2127 192 61 ullam
1765 2127 107 61 :
1807 2127 107 61 &
1850 2127 213 61 prinde
1999 2127 234 61 neminem

533 2183 158 60 suis
632 2183 217 60 uiribus
790 2183 138 60 aut
869 2183 217 60 meritis
1027 2183 237 60 seruari.
1205 2183 158 60 Quid
1303 2183 158 60 ergo
1402 2183 99 60 ?
1442 2183 197 60 Pergit
1580 2183 237 60 spiritus
1758 2183 99 60 &
1797 2183 197 60 docet,
1935 2183 197 60 sicuti
2074 2183 99 60 &
2093 2183 99 60 uox

537 2242 259 70 euangelij
736 2242 179 70 foris
856 2242 259 70 personat,
1055 2242 159 70 fide
1155 2242 139 70 nos
1235 2242 139 70 per
1314 2242 219 70 meritum
1474 2242 179 70 filij
1593 2242 139 70 dei
1673 2242 239 70 seruari.
1852 2242 139 70 Nam
1932 2242 120 70 in
1972 2242 219 70 euangelio

528 2297 142 62 ait
609 2297 243 62 dominus,
791 2297 162 62 Nemo
892 2297 243 62 ascendit
1074 2297 121 62 in
1135 2297 223 62 coelum,
1297 2297 162 62 nisi
1398 2297 142 62 qui
1479 2297 263 62 descendit
1681 2297 121 62 de
1742 2297 202 62 coelo,
1883 2297 202 62 filius
2005 2297 182 62 hominis

538 2354 134 65 qui
615 2354 134 65 est
691 2354 115 65 in
749 2354 192 65 coelo.
883 2354 211 65 Clarius
1037 2354 154 65 enim
1133 2354 173 65 alibi
1248 2354 192 65 dicit,
1382 2354 154 65 Nemo
1478 2354 173 65 uenit
1593 2354 115 65 ad
1651 2354 192 65 patrem
1785 2354 154 65 nisi
1881 2354 134 65 per
1958 2354 134 65 me.
2034 2354 115 65 Et
2073 2354 115 65 ite-

535 2414 143 60 rum
616 2414 122 60 ad
677 2414 285 60 Nicodemum,
901 2414 183 60 Sicut
1024 2414 183 60 Moses
1146 2414 265 60 exaltauit
1350 2414 265 60 serpentem
1553 2414 122 60 in
1615 2414 245 60 deserto,
1798 2414 143 60 ita
1879 2414 245 60 exaltari
2042 2414 143 60 opor-

533 2465 140 65 tet
613 2465 199 65 filium
752 2465 239 65 hominis,
932 2465 120 65 ut
992 2465 179 65 omnis
1111 2465 140 65 qui
1191 2465 199 65 credit
1331 2465 120 65 in
1390 2465 140 65 eum
1470 2465 140 65 non
1550 2465 219 65 pereat,
1709 2465 140 65 sed
1789 2465 199 65 habeat
1929 2465 179 65 uitam
2028 2465 160 65 aeter-

525 2514 173 69 nam.
634 2514 195 69 Moses
764 2514 195 69 autem
894 2514 282 69 suspendit
1110 2514 282 69 serpentem
1327 2514 130 69 in
1392 2514 238 69 deserto
1566 2514 130 69 ad
1631 2514 238 69 salutem
1804 2514 303 69 morientium
2042 2514 108 69 e
2064 2514 130 69 uene

526 2570 130 74 no
591 2570 151 74 uel
678 2570 130 74 ex
742 2570 194 74 morsu
872 2570 324 74 serpentium.
1131 2570 324 74 Moriebantur
1390 2570 173 74 enim
1498 2570 281 74 euestigio
1714 2570 173 74 quos
1822 2570 324 74 pupugissent
2059 2570 130 74 dip-

533 2624 208 66 sades.
679 2624 166 66 Quod
782 2624 125 66 si
845 2624 166 66 quis
949 2624 208 66 ueneno
1094 2624 249 66 infectus
1281 2624 208 66 aeneum
1426 2624 291 66 aspexisset
1655 2624 291 66 serpentem,
1883 2624 228 66 innoxia
2029 2624 166 66 redde-

524 2681 181 70 batur
645 2681 201 70 ueneni
786 2681 161 70 uis,
886 2681 181 70 neque
1007 2681 282 70 moriebatur
1229 2681 282 70 afflictus:
1450 2681 141 70 Nec
1531 2681 161 70 erat
1631 2681 121 70 in
1692 2681 221 70 castris
1853 2681 322 70 lsraelitarum
2094 2681 101 70 ul-

532 2738 154 74 lum
620 2738 264 74 remedium
818 2738 220 74 aliud,
972 2738 176 74 quam
1082 2738 154 74 hoc
1170 2738 242 74 unicum:
1346 2738 154 74 hoc
1433 2738 154 74 qui
1521 2738 264 74 spreuit,
1719 2738 286 74 interijt.
1939 2738 154 74 Non
2005 2738 176 74 depel-

526 2791 231 69 lebatur
694 2791 168 69 enim
799 2791 147 69 uis
883 2791 231 69 ueneni,
1051 2791 147 69 non
1135 2791 294 69 seruabatur
1367 2791 168 69 uita
1472 2791 294 69 morientis,
1703 2791 147 69 uel
1787 2791 252 69 precibus
1976 2791 189 69 ullis
2081 2791 105 69 uel

527 2852 283 65 sacrificijs
754 2852 208 65 multis,
905 2852 132 65 uel
980 2852 189 65 herbis
1113 2852 302 65 salutaribus,
1358 2852 132 65 uel
1434 2852 151 65 ullo
1528 2852 151 65 alio
1622 2852 283 65 medicamine,
1849 2852 132 65 uel
1925 2852 151 65 ulla
2019 2852 151 65 alia
2095 2852 94 65 ra-

517 2902 215 72 tione.
668 2902 129 72 Si
733 2902 172 72 quis
840 2902 280 72 uoluisset
1055 2902 237 72 euadere
1228 2902 215 72 mortis
1378 2902 301 72 periculum,
1615 2902 280 72 serpentem
1830 2902 215 72 aeneum
1959 2902 237 72 suspensum
