2288 3632
513 262 170 103 deum
619 262 319 103 glorientur.
874 262 298 103 Peccatores
1108 262 170 103 enim
1215 262 106 103 a
1257 262 277 103 tribunali
1470 262 149 103 dei
1555 262 170 103 quid
1661 262 234 103 obsecro
1831 262 277 103 reportant
2023 262 170 103 aliud,

518 348 182 84 quam
632 348 342 84 confusionem
906 348 114 84 &
952 348 342 84 ignominiam?
1225 348 137 84 Et
1294 348 182 84 quia
1408 348 205 84 omnes
1545 348 251 84 homines
1727 348 205 84 tales
1864 348 205 84 sunt,
2001 348 160 84 non
2069 348 137 84 teme

512 390 124 88 re
574 390 207 88 subdit
719 390 289 88 apostolus,
946 390 351 88 lustificantur
1235 390 207 88 gratis
1380 390 145 88 per
1462 390 207 88 illius
1607 390 248 88 gratiam,
1793 390 145 88 per
1876 390 330 88 redemptionem
2123 390 83 88 in

530 444 229 96 Christo
697 444 187 96 Iesu:
822 444 166 96 quem
926 444 271 96 proposuit
1134 444 166 96 deus
1238 444 375 96 propitiationem
1550 444 146 96 uel
1633 444 416 96 reconciliationem
1987 444 146 96 per
2049 444 146 96 fidem

529 532 118 58 in
588 532 158 58 eius
687 532 256 58 sanguine.
884 532 158 58 Quod
983 532 217 58 perinde
1140 532 138 58 est
1219 532 118 58 ac
1278 532 118 58 si
1338 532 256 58 dixisset,
1535 532 158 58 Mera
1633 532 138 58 dei
1712 532 197 58 gratia
1850 532 138 58 uel
1909 532 296 58 misericordia,

528 568 103 77 &
570 568 186 77 nullo
693 568 206 77 merito
838 568 206 77 plane,
982 568 227 77 propter
1147 568 247 77 Christum
1332 568 350 77 iustificantur
1621 568 227 77 homines
1786 568 103 77 :
1827 568 124 77 si
1889 568 268 77 uidelicet
2074 568 124 77 cre-

537 618 176 92 dant
647 618 176 92 quod
757 618 176 92 deus
867 618 220 92 filium
1020 618 242 92 dederit
1196 618 220 92 mundo,
1350 618 132 92 ut
1416 618 286 92 sanguinem
1636 618 176 92 suum
1746 618 286 92 funderet,
1965 618 110 92 &
1987 618 220 92 peccato-

529 672 148 85 res
614 672 254 85 purgatos
804 672 360 85 reconciliaret
1101 672 170 85 deo.
1207 672 212 85 Quibus
1356 672 212 85 uerbis
1504 672 445 85 significantissime
1886 672 191 85 modus
2013 672 106 85 &
2056 672 191 85 ratio

540 722 152 89 tota
635 722 341 89 sanctificandi,
919 722 303 89 purificandi,
1166 722 133 89 uel
1242 722 303 89 iustificandi
1488 722 266 89 plenissime
1697 722 133 89 est
1773 722 247 89 exposita.
1962 722 133 89 Sed
2019 722 190 89 praestat

537 779 236 100 apostoli
714 779 177 100 uerba
832 779 255 100 repetere,
1028 779 98 100 &
1067 779 236 100 penitius
1244 779 314 100 considerare.
1499 779 334 100 lustificantur
1774 779 216 100 gratis,
1931 779 157 100 ait.
2029 779 177 100 Quare
2127 779 79 100 ue

525 837 123 89 ro
587 837 226 89 gratis.
751 837 164 89 Quia
854 837 144 89 per
936 837 185 89 meram
1059 837 144 89 dei
1141 837 246 89 gratiam,
1326 837 185 89 nullo
1449 837 123 89 se
1510 837 205 89 nostro
1654 837 205 89 merito
1798 837 144 89 aut
1880 837 185 89 opere
1982 837 226 89 admiscen-

532 893 143 89 te.
613 893 184 89 Omnes
736 893 163 89 enim
838 893 224 89 homines
1001 893 286 89 peccatores
1225 893 184 89 sunt:
1348 893 163 89 unde
1450 893 184 89 nihil
1572 893 163 89 quod
1674 893 245 89 adferant
1858 893 224 89 habent:
2021 893 224 89 ideoque

536 953 245 96 gratuito
719 953 367 96 iustificantur.
1025 953 143 96 Nam
1107 953 163 96 idem
1209 953 265 96 apostolus
1413 953 122 96 in
1474 953 143 96 11.
1555 953 122 96 ad
1617 953 224 96 Romanos
1780 953 163 96 cap.
1882 953 122 96 Si
1943 953 143 96 per
2004 953 204 96 gratiam,

533 1016 163 74 ait,
635 1016 265 74 saluamur,
839 1016 143 74 non
921 1016 143 74 iam
1002 1016 123 74 ex
1063 1016 265 74 operibus:
1268 1016 327 74 quandoquidem
1533 1016 225 74 gratia,
1697 1016 143 74 iam
1778 1016 143 74 non
1860 1016 143 74 est
1942 1016 204 74 gratia
2084 1016 102 74 :
2105 1016 102 74 sin

531 1061 128 89 ex
595 1061 276 89 operibus,
807 1061 149 89 iam
892 1061 149 89 non
977 1061 149 89 est
1062 1061 234 89 gratia.
1232 1061 191 89 Verum
1360 1061 255 89 sequitur
1551 1061 149 89 mox
1636 1061 128 89 in
1700 1061 213 89 Paulo,
1849 1061 170 89 quod
1934 1061 276 89 clarissimum

526 1129 232 71 alioqui
694 1129 253 71 negotium
884 1129 189 71 adhuc
1010 1129 274 71 illustret
1221 1129 211 71 magis,
1368 1129 147 71 Per
1452 1129 358 71 redemptionem,
1747 1129 168 71 quae
1852 1129 147 71 est
1936 1129 126 71 in
1999 1129 253 71 Christo.

543 1175 226 87 Gratiae
708 1175 185 87 merae
831 1175 164 87 opus
933 1175 144 87 est
1015 1175 185 87 salus
1138 1175 103 87 &
1179 1175 246 87 iustitia
1364 1175 205 87 nostra
1508 1175 103 87 :
1549 1175 164 87 quia
1651 1175 246 87 redempti
1836 1175 205 87 sumus.
1979 1175 164 87 Quod
2082 1175 164 87 enim

533 1231 145 85 nos
616 1231 290 85 nostrasque
844 1231 186 85 uires
968 1231 104 85 &
1009 1231 186 85 opera
1134 1231 207 85 nostra
1279 1231 248 85 attinet,
1465 1231 186 85 serui
1589 1231 207 85 eramus
1734 1231 228 85 diaboli
1900 1231 104 85 &
1941 1231 228 85 mortis,
2086 1231 124 85 quia

549 1286 307 97 peccatores.
794 1286 164 97 Deus
896 1286 184 97 autem
1019 1286 184 97 misso
1141 1286 184 97 filio
1264 1286 225 97 redemit
1427 1286 164 97 nos,
1530 1286 143 97 cum
1611 1286 184 97 adhuc
1734 1286 143 97 dei
1816 1286 204 97 hostes
1959 1286 204 97 uincti
2081 1286 123 97 tene

546 1356 206 73 remur.
691 1356 165 73 Ergo
793 1356 206 73 gratis
938 1356 247 73 redemit:
1123 1356 165 73 quod
1226 1356 103 73 &
1267 1356 206 73 lsaias
1411 1356 247 73 propheta
1596 1356 124 73 in
1658 1356 144 73 52.
1740 1356 165 73 cap.
1843 1356 144 73 non
1926 1356 247 73 obscuris
2090 1356 124 73 uer-

540 1393 147 96 bis
624 1393 231 96 futurum
792 1393 294 96 praedixit.
1023 1393 273 96 Caeterum,
1233 1393 147 96 non
1317 1393 147 96 est
1400 1393 126 96 in
1463 1393 168 96 alio
1568 1393 252 96 quoquam,
1757 1393 168 96 quam
1862 1393 126 96 in
1925 1393 231 96 Christo
2072 1393 147 96 domi-

552 1462 121 76 no
612 1462 222 76 nostro,
774 1462 182 76 salus
895 1462 182 76 uera.
1016 1462 262 76 Proposuit
1218 1462 161 76 enim
1319 1462 222 76 aeterno
1480 1462 141 76 suo
1561 1462 242 76 consilio
1743 1462 262 76 coelestis
1945 1462 182 76 pater
2046 1462 161 76 filium

542 1511 176 81 suum
652 1511 242 81 dominum
828 1511 242 81 nostrum
1005 1511 198 81 Iesum
1137 1511 264 81 Christum
1335 1511 419 81 propitiationem,
1687 1511 242 81 nimirum
1864 1511 132 81 ut
1930 1511 132 81 is
1996 1511 198 81 esset
2106 1511 110 81 re-

544 1561 313 87 conciliatio
794 1561 229 87 nostra,
961 1561 229 87 propter
1128 1561 167 87 quem
1233 1561 250 87 placatus
1420 1561 146 87 nos
1504 1561 229 87 adoptat
1671 1561 125 87 in
1733 1561 209 87 filios
1879 1561 167 87 dei.
1984 1561 188 87 Verum
2109 1561 146 87 non

544 1619 165 93 alia
647 1619 247 93 ratione,
832 1619 165 93 quam
935 1619 144 93 per
1017 1619 185 93 fidem
1141 1619 123 93 in
1202 1619 165 93 eius
1305 1619 288 93 sanguinem.
1531 1619 123 93 Id
1593 1619 165 93 est,
1696 1619 123 93 si
1758 1619 247 93 credamus
1943 1619 206 93 missum
2087 1619 103 93 a
2107 1619 103 93 pa-

538 1688 145 70 tre
621 1688 207 70 filium
766 1688 269 70 effudisse
972 1688 289 70 sanguinem,
1200 1688 145 70 quo
1282 1688 248 70 purgatos
1468 1688 145 70 nos
1551 1688 207 70 iustos
1695 1688 103 70 &
1737 1688 227 70 sanctos
1902 1688 227 70 statuat
2067 1688 145 70 deo
2129 1688 83 70 pa

546 1749 163 63 tri.
647 1749 143 63 Vbi
729 1749 204 63 iterum
871 1749 244 63 uidemus,
1055 1749 163 63 fide
1156 1749 122 63 in
1218 1749 244 63 Christum
1401 1749 204 63 gratis
1543 1749 244 63 constare
1727 1749 224 63 salutem
1889 1749 244 63 nostram,

626 1782 148 95 His
710 1782 127 95 ad
774 1782 169 95 hunc
880 1782 190 95 modum
1007 1782 275 95 exposits,
1218 1782 254 95 protinus
1408 1782 169 95 quam
1514 1782 169 95 late
1620 1782 211 95 pateat
1768 1782 360 95 redemptionis,
2043 1782 169 95 iusti-

547 1849 317 88 ficationisue
805 1849 277 88 beneficium
1023 1849 258 88 indicans,
1221 1849 218 88 subdit,
1380 1849 119 88 Ad
1439 1849 297 88 ostensionem
1677 1849 258 88 iustitiae
1875 1849 159 88 suae
1974 1849 218 88 propter
2113 1849 99 88 re-

536 1902 261 88 misionem
732 1902 370 88 praeteritorum
1037 1902 305 88 peccatorum
1276 1902 174 88 quae
1385 1902 174 88 deus
1493 1902 305 88 tolerauit:
1733 1902 131 88 ad
1798 1902 326 88 ollendendam
2037 1902 174 88 iusti-

537 1970 170 71 tiam
643 1970 170 71 suam
750 1970 128 71 in
814 1970 277 71 praesenti
1026 1970 256 71 tempore.
1218 1970 277 71 Proposuit
1431 1970 170 71 deus
1538 1970 277 71 Christum,
1751 1970 234 71 inquit,
1921 1970 213 71 unicam
2049 1970 170 71 propi-

548 2012 286 85 tiationem,
773 2012 123 85 ut
834 2012 286 85 ostenderet
1059 2012 205 85 unicam
1202 2012 164 85 esse
1305 2012 205 85 omnium
1448 2012 286 85 saeculorum
1673 2012 286 85 iustitiam,
1898 2012 205 85 ipsum,
2021 2012 184 85 inquam,

542 2064 297 88 Christum,
770 2064 114 88 &
816 2064 206 88 eorum
953 2064 228 88 quidem
1113 2064 297 88 iustitiam
1341 2064 160 88 qui
1433 2064 274 88 credunt.
1638 2064 160 88 Duo
1730 2064 206 88 autem
1866 2064 251 88 tempora
2026 2064 183 88 comme-

543 2125 219 83 morat,
697 2125 197 83 Vetus
828 2125 197 83 illud
960 2125 241 83 patrum,
1135 2125 110 83 &
1179 2125 241 83 nostrum
1355 2125 154 83 quo
1442 2125 197 83 hodie
1574 2125 263 83 uiuimus.
1771 2125 197 83 Vetus
1903 2125 285 83 praecedit
2100 2125 110 83 ad-

544 2193 205 66 uentum
687 2193 246 66 Christi,
871 2193 225 66 nostrum
1035 2193 246 66 sequitur
1220 2193 348 66 extenditurque
1507 2193 184 66 usque
1630 2193 123 66 in
1691 2193 184 66 finem
1814 2193 246 66 saeculi.
1999 2193 123 66 Et
2040 2193 184 66 ueteris

549 2240 198 93 quidem
688 2240 218 93 saeculi
847 2240 218 93 peccata
1005 2240 258 93 tolerauit
1204 2240 159 93 deus
1303 2240 139 93 sua
1382 2240 159 93 illa
1481 2240 357 93 longanimitate,
1779 2240 218 93 propter
1937 2240 258 93 Christum,
2116 2240 99 93 per

547 2295 171 84 quem
653 2295 320 84 condonauit.
909 2295 149 84 Nec
995 2295 192 84 nobis
1123 2295 192 84 hodie
1251 2295 192 84 aliam
1379 2295 256 84 proponit
1571 2295 277 84 iustitiam
1784 2295 171 84 quam
1891 2295 277 84 Christum,
2083 2295 128 84 fide

549 2362 373 75 percipiendum.
856 2362 154 75 Nam
944 2362 220 75 minime
1098 2362 264 75 obscuris
1296 2362 220 75 uerbis
1449 2362 132 75 ab
1515 2362 264 75 apostolo
1713 2362 351 75 subiungitur,
1998 2362 132 75 In
2064 2362 154 75 hoc
2130 2362 88 75 ut

545 2408 152 77 ipse
640 2408 133 77 sit
716 2408 210 77 iustus,
869 2408 95 77 &
907 2408 286 77 iustificans
1135 2408 133 77 eum
1212 2408 133 77 qui
1288 2408 133 77 est
1364 2408 114 77 ex
1421 2408 152 77 fide
1516 2408 171 77 Iesu.
1631 2408 171 77 Quasi
1745 2408 190 77 dicat.
1878 2408 152 77 Haec
1973 2408 152 77 aunt
2069 2408 133 77 huc
2126 2408 95 77 ten

540 2472 195 71 dunt,
670 2472 130 71 ut
736 2472 347 71 intelligamus
1018 2472 195 71 omnes
1148 2472 239 71 homines
1321 2472 174 71 esse
1430 2472 260 71 iniustos
1625 2472 108 71 &
1669 2472 325 71 peccatores,
1929 2472 195 71 solum
2059 2472 195 71 autem

558 2517 163 87 deum
659 2517 163 87 esse
761 2517 224 87 iustum,
923 2517 183 87 extra
1045 2517 163 87 quem
1147 2517 183 87 nulla
1269 2517 142 87 sit
1350 2517 264 87 iustitia:
1553 2517 264 87 iustitiam
1757 2517 163 87 uero
1858 2517 163 87 suam
1960 2517 224 87 omnibus
2122 2517 142 87 com

540 2578 279 74 municare
749 2578 279 74 quotquot
958 2578 255 74 credunt
1144 2578 139 74 in
1213 2578 302 74 Christum,
1446 2578 255 74 nimirum
1631 2578 186 74 quod
1747 2578 255 74 propter
1933 2578 209 74 ipsum
2049 2578 163 74 nobis

541 2628 248 94 placatus
728 2628 145 94 sit
810 2628 207 94 pater,
955 2628 103 94 &
997 2628 166 94 quod
1100 2628 228 94 propter
1266 2628 186 94 ipsum
1390 2628 269 94 reputemur
1597 2628 186 94 iusti
1721 2628 103 94 &
1742 2628 186 94 sancti-

618 2677 149 84 His
703 2677 256 84 apostoli
895 2677 213 84 uerbis
1044 2677 298 84 refutantur
1278 2677 149 84 duo
1363 2677 192 84 ualde
1491 2677 192 84 impij
1619 2677 106 84 &
1661 2677 277 84 blasphemi
1874 2677 234 84 errores
2023 2677 192 84 quorun-

560 2740 163 79 dam.
662 2740 184 79 Alter
784 2740 184 79 eorum
907 2740 143 79 est
989 2740 143 79 qui
1070 2740 184 79 aiunt
1193 2740 204 79 patres
1336 2740 225 79 nostros
1499 2740 143 79 non
1581 2740 163 79 fide
1683 2740 123 79 in
1744 2740 266 79 Christum,
1948 2740 143 79 sed
2030 2740 143 79 per
2091 2740 123 79 lege

544 2798 103 83 &
586 2798 207 83 merita
731 2798 228 83 propria
896 2798 166 83 esse
999 2798 352 83 iustificatos.
1289 2798 248 83 Christum
1475 2798 166 83 enim
1579 2798 207 83 passum
1724 2798 166 83 esse
1827 2798 145 83 non
1910 2798 145 83 pro
1992 2798 207 83 illis,
2117 2798 103 83 sed

550 2850 247 76 duntaxat
736 2850 144 76 pro
818 2850 144 76 sui
901 2850 227 76 saeculi
1066 2850 268 76 hominibus
1272 2850 103 76 &
1313 2850 371 76 insequentibus.
1622 2850 186 76 Alter
1746 2850 144 76 est
1828 2850 268 76 dicentium
2014 2850 206 76 Christum

530 2906 147 98 pro
614 2906 295 98 ueteribus,
846 2906 147 98 pro
930 2906 274 98 originali
1141 2906 253 98 duntaxat
1330 2906 253 98 peccato,
1520 2906 147 98 non
1604 2906 147 98 pro
1688 2906 190 98 nobis
1815 2906 147 98 aut
1899 2906 147 98 pro
1983 2906 232 98 nostris
2131 2906 84 98 om
