2288 3632
498 251 247 83 docetur.
684 251 123 83 Id
745 251 165 83 quod
848 251 267 83 apostolus
1054 251 247 83 disertis
1239 251 206 83 uerbis
1383 251 267 83 expressit
1589 251 123 83 in
1650 251 165 83 fine
1753 251 226 83 capitis
1918 251 123 83 4.
1979 251 206 83 Deinde
2103 251 82 83 A-

507 327 188 80 braham
639 327 188 80 multis
771 327 188 80 clarus
902 327 151 80 fuit
996 327 226 80 operibus
1166 327 188 80 bonis,
1298 327 151 80 prae
1392 327 226 80 caeteris
1561 327 207 80 sanctis
1712 327 226 80 patribus
1881 327 94 80 :
1919 327 151 80 ergo
2013 327 113 80 si
2069 327 151 80 quis

503 379 177 69 alius
622 379 256 69 potuisset
819 379 296 69 iustificari
1055 379 158 69 suis
1154 379 237 69 operibus
1331 379 138 69 uel
1410 379 237 69 meritis,
1588 379 256 69 potuisset
1785 379 158 69 prae
1883 379 237 69 caeteris
2041 379 138 69 Abra-

514 438 162 70 ham.
615 438 142 70 Sed
696 438 162 70 quia
798 438 162 70 fide
900 438 142 70 non
981 438 244 70 operibus
1164 438 325 70 iustificatus
1428 438 162 70 est,
1529 438 223 70 constat
1692 438 183 70 omnes
1813 438 223 70 sanctos
1976 438 162 70 fide
2077 438 142 70 non

509 495 244 68 operibus
692 495 102 68 &
733 495 326 68 iustificatos
997 495 183 68 esse,
1119 495 102 68 &
1160 495 326 68 iustificari.
1425 495 265 68 Praeterea
1628 495 183 68 uixit
1750 495 163 68 ante
1852 495 183 68 legem
1974 495 143 68 per
2035 495 143 68 Mosen

507 557 285 66 reuelatam
727 557 198 66 annis
858 557 176 66 430.
968 557 176 66 unde
1078 557 198 66 opera
1210 557 176 66 eius
1320 557 285 66 nequaquam
1539 557 242 66 possunt
1715 557 110 66 a
1759 557 351 66 contentiosis
2022 557 154 66 oppu-

512 592 269 91 gnatoribus
723 592 365 91 iustificationis
1030 592 192 91 fidei,
1164 592 249 91 appellari
1356 592 173 91 opera
1471 592 192 91 legis.
1605 592 153 91 Ergo
1701 592 153 91 quae
1797 592 173 91 fecit
1912 592 192 91 opera,
2047 592 115 91 ex
2085 592 96 91 fi-

519 661 114 74 de
576 661 190 74 fecit,
709 661 95 74 &
746 661 171 74 opera
860 661 152 74 eius
955 661 208 74 fuerunt
1107 661 171 74 opera
1220 661 190 74 fidei,
1353 661 133 74 nec
1429 661 152 74 tame
1524 661 133 74 ijs
1599 661 133 74 est
1675 661 322 74 iustificatus,
1941 661 133 74 sed
2016 661 171 74 fide.
2111 661 76 74 Ma

521 703 136 85 net
598 703 155 85 ergo
695 703 175 85 omnis
812 703 369 85 iustificationis
1122 703 194 85 gloria
1258 703 194 85 fidei,
1394 703 97 85 &
1433 703 233 85 illibata
1608 703 194 85 quidem
1744 703 117 85 ac
1802 703 291 85 impermixta.
2035 703 175 85 Quid,

514 776 255 61 inquit,
699 776 255 61 dicemus
884 776 301 61 Abrahamum
1116 776 231 61 patrem
1278 776 255 61 nostrum
1463 776 301 61 inuenisse
1694 776 278 61 secundum
1902 776 255 61 carnem,
2064 776 116 61 qua

513 816 196 79 tenus
644 816 283 79 uidelicet
862 816 174 79 homo
971 816 153 79 est
1058 816 109 79 &
1101 816 153 79 nos
1189 816 131 79 ex
1254 816 196 79 ipso.
1385 816 174 79 Quid
1494 816 218 79 inquam
1646 816 240 79 dicemus
1820 816 196 79 illum
1929 816 240 79 meruisse?

511 886 128 64 Ad
575 886 170 64 hanc
681 886 404 64 interrogationem
1021 886 276 64 reponenda
1233 886 149 64 est
1318 886 298 64 responsio,
1552 886 191 64 Nihil
1680 886 255 64 inuenit,
1871 886 191 64 nihil
1977 886 213 64 operibus

522 939 165 67 suis
625 939 226 67 meruit.
790 939 247 67 Sequitur
975 939 165 67 enim
1078 939 268 67 probatio,
1284 939 124 67 Si
1346 939 247 67 operibus
1531 939 206 67 meruit
1675 939 226 67 aliquid
1840 939 144 67 uel
1902 939 288 67 iustificatus

520 987 148 74 est
605 987 254 74 Abraham,
795 987 191 74 habet
923 987 170 74 quod
1029 987 297 74 glorietur.
1262 987 191 74 Atqui
1389 987 148 74 non
1474 987 191 74 habet
1601 987 170 74 quod
1707 987 297 74 glorietur:
1941 987 170 74 ergo
2025 987 170 74 operi-

520 1041 141 78 bus
600 1041 141 78 non
681 1041 141 78 est
761 1041 342 78 iustificatus.
1042 1041 161 78 Deus
1143 1041 161 78 enim
1243 1041 181 78 solus
1364 1041 201 78 iustus
1505 1041 161 78 est,
1605 1041 100 78 &
1645 1041 161 78 hanc
1746 1041 161 78 suam
1846 1041 221 78 gloriam
2007 1041 161 78 sibi
2088 1041 100 78 in-

517 1101 307 69 communicatam
766 1101 172 69 alijs
881 1101 153 69 soli
977 1101 230 69 retinet,
1149 1101 287 69 iustificans
1379 1101 192 69 gratis
1513 1101 134 69 eos
1590 1101 134 69 qui
1667 1101 153 69 sunt
1762 1101 115 69 ex
1820 1101 153 69 fide
1916 1101 153 69 Iesu
1992 1101 192 69 Christi,

533 1152 122 80 ut
594 1152 244 80 laudetur
776 1152 203 80 gratia
918 1152 183 80 eius.
1040 1152 223 80 Ceterum
1202 1152 162 80 ipse
1304 1152 203 80 Paulus
1446 1152 223 80 adducto
1608 1152 284 80 scripturae
1832 1152 183 80 loco,
1953 1152 244 80 ostendit
2116 1152 81 80 A-

519 1208 251 77 brahamum
707 1208 146 77 non
791 1208 251 77 habuisse
979 1208 167 77 unde
1084 1208 335 77 gloriaretur.
1356 1208 167 77 Quid
1460 1208 188 77 enim,
1586 1208 230 77 inquit,
1753 1208 272 77 scriptura
1962 1208 209 77 dicit?
2087 1208 105 77 Cre

528 1266 183 81 didit
650 1266 224 81 Abraham
812 1266 163 81 deo,
914 1266 102 81 &
955 1266 264 81 imputatum
1158 1266 142 81 est
1240 1266 122 81 ei
1301 1266 122 81 ad
1362 1266 285 81 iustitiam.
1586 1266 122 81 En
1647 1266 285 81 clarissime
1870 1266 183 81 dicit
1972 1266 224 81 scriptura

532 1317 264 82 Abrahamum
735 1317 163 82 fide
836 1317 163 82 esse
938 1317 345 82 iustificatum,
1223 1317 142 82 imo
1304 1317 183 82 fidem
1426 1317 264 82 imputatam
1629 1317 163 82 esse
1731 1317 142 82 pro
1812 1317 264 82 iustitia,
2015 1317 224 82 adeoque

524 1378 282 86 Abrahamum
741 1378 238 86 propter
914 1378 195 86 fidem
1044 1378 217 86 iustum
1196 1378 217 86 fuisse
1347 1378 282 86 reputatum
1564 1378 108 86 a
1607 1378 303 86 iustissimo
1845 1378 173 86 deo.
1954 1378 152 86 Sed
2019 1378 173 86 audia-

532 1446 151 64 mus
619 1446 194 64 ipsum
748 1446 216 64 Paulum
899 1446 280 64 instituto
1115 1446 151 64 suo
1201 1446 194 64 locum
1330 1446 302 64 scripturae
1568 1446 345 64 applicantem.
1848 1446 259 64 Sequitur
2042 1446 194 64 ergo,

527 1492 135 86 Ei
595 1492 180 86 uero
708 1492 158 86 qui
798 1492 293 86 operatur,
1024 1492 225 86 merces
1181 1492 158 86 non
1272 1492 293 86 imputatur
1497 1492 271 86 secundum
1700 1492 271 86 gratiam,
1903 1492 158 86 sed
1971 1492 225 86 secundum

529 1546 248 73 debitum.
715 1546 186 73 Porro
839 1546 124 73 ei
901 1546 145 73 qui
984 1546 145 73 non
1067 1546 269 73 operatur,
1274 1546 145 73 sed
1356 1546 207 73 credit
1501 1546 124 73 in
1563 1546 145 73 eum
1646 1546 145 73 qui
1728 1546 289 73 iustificat
1956 1546 227 73 impium,
2101 1546 103 73 im-

535 1599 226 94 putatur
700 1599 185 94 fides
823 1599 144 94 sua
906 1599 123 94 ad
968 1599 288 94 iustitiam.
1194 1599 165 94 Quae
1297 1599 165 94 sane
1400 1599 185 94 uerba
1523 1599 123 94 in
1585 1599 267 94 huiusmodi
1791 1599 391 94 ratiocinationes
2099 1599 103 94 bre

534 1663 146 73 ues
618 1663 251 73 concludi
806 1663 251 73 possunt,
994 1663 251 73 Quisquis
1183 1663 188 73 opere
1308 1663 146 73 suo
1392 1663 230 73 aliquid
1559 1663 314 73 promeretur,
1810 1663 126 73 ei
1873 1663 188 73 certe
1999 1663 209 73 merces
2124 1663 84 73 ut

539 1710 210 80 debita
686 1710 273 80 redditur,
896 1710 147 80 non
981 1710 210 80 gratis
1128 1710 294 80 imputatur.
1359 1710 273 80 Imputatur
1569 1710 189 80 autem
1695 1710 231 80 Abrahae
1864 1710 189 80 fides
1990 1710 126 80 ad
2032 1710 168 80 iusti-

538 1770 183 73 tiam:
659 1770 162 73 ergo
761 1770 264 73 iustitiam
964 1770 142 73 non
1045 1770 122 73 ut
1106 1770 243 73 mercedem
1288 1770 243 73 debitam,
1471 1770 142 73 sed
1552 1770 243 73 gratuito
1734 1770 243 73 accepit.
1917 1770 122 73 Et
1978 1770 223 73 iterum,
2120 1770 81 73 Ei

536 1841 143 59 qui
617 1841 143 59 non
699 1841 265 59 operatur,
903 1841 143 59 sed
984 1841 204 59 credit
1127 1841 122 59 in
1188 1841 143 59 eum
1269 1841 143 59 qui
1351 1841 285 59 iustificat
1575 1841 224 59 impium,
1738 1841 265 59 imputatur
1942 1841 183 59 fides
2064 1841 122 59 ad
2105 1841 102 59 iu-

536 1880 243 73 stitiam.
718 1880 223 73 Abrahae
880 1880 182 73 autem
1002 1880 243 73 imputata
1184 1880 142 73 est
1265 1880 182 73 fides
1387 1880 122 73 ad
1447 1880 284 73 iustitiam:
1670 1880 162 73 ergo
1772 1880 162 73 fide
1873 1880 304 73 consequutus
2096 1880 101 73 est

530 1950 308 62 iustitiam,
772 1950 154 62 non
860 1950 286 62 operibus.
1080 1950 198 62 Habet
1212 1950 198 62 autem
1344 1950 264 62 emphasim
1543 1950 176 62 quod
1653 1950 220 62 dicit,
1807 1950 154 62 Sed
1895 1950 220 62 credit
2049 1950 132 62 in
2093 1950 110 62 eum

537 1989 136 83 qui
614 1989 272 83 iustificat
828 1989 214 83 impium.
983 1989 311 83 Significatur
1235 1989 155 83 enim
1332 1989 330 83 iustificandum
1604 1989 175 83 nihil
1721 1989 233 83 afferre,
1895 1989 155 83 nisi
1992 1989 252 83 miseriae,

530 2046 142 76 imo
611 2046 283 76 impietatis
833 2046 243 76 propriae
1015 2046 303 76 agnitionem,
1258 2046 162 76 quae
1359 2046 344 76 misericordiam
1642 2046 243 76 quaerat.
1824 2046 283 76 Intelligit
2046 2046 162 76 enim
2127 2046 81 76 se

534 2098 249 84 destitui
721 2098 249 84 operibus
908 2098 291 84 perfectis,
1136 2098 104 84 &
1178 2098 187 84 coram
1302 2098 228 84 iudicio
1468 2098 145 84 dei
1551 2098 291 84 subsistere
1779 2098 311 84 potentibus.
2008 2098 208 84 Confugit

531 2156 156 77 ergo
629 2156 117 77 ad
688 2156 117 77 mi
746 2156 293 77 sericordiam
981 2156 156 77 dei,
1078 2156 137 77 pro
1156 2156 176 77 certo
1274 2156 293 77 praesumens,
1508 2156 176 77 fidei
1625 2156 254 77 iustitiam
1820 2156 156 77 esse
1918 2156 273 77 praesidium
2113 2156 98 77 pec

534 2227 227 74 catoris
699 2227 248 74 gratuito
885 2227 268 74 saluandi.
1091 2227 309 74 Obseruandum
1339 2227 144 74 hic
1421 2227 268 74 iustitiam
1628 2227 309 74 Christianam
1875 2227 165 74 dici
1978 2227 103 74 &
2019 2227 165 74 esse
2123 2227 124 74 im

544 2284 318 70 putatiuam.
794 2284 182 70 Quod
908 2284 182 70 sane
1022 2284 205 70 omnem
1158 2284 250 70 nostram
1340 2284 364 70 gloriationem
1636 2284 341 70 confringit.
1908 2284 296 70 Opponitur
2113 2284 91 70 e-

528 2323 147 80 nim
612 2323 230 80 debito,
779 2323 293 80 imputatio.
1010 2323 189 80 Nullo
1136 2323 189 80 nobis
1261 2323 209 80 debito
1408 2323 335 80 obstringitur
1680 2323 168 80 deus
1785 2323 230 80 propter
1953 2323 147 80 nos
2036 2323 147 80 aut
2099 2323 105 80 pro

528 2395 160 74 pter
628 2395 200 74 nostra
768 2395 200 74 opera,
908 2395 160 74 nisi
1008 2395 240 74 quatenus
1188 2395 160 74 ipse
1288 2395 120 74 se
1348 2395 180 74 nobis
1468 2395 280 74 obstrinxit
1688 2395 120 74 ex
1748 2395 340 74 misericordia.
2028 2395 120 74 Et
2068 2395 140 74 multa

531 2434 167 78 sunt
636 2434 125 78 in
698 2434 188 78 nobis
824 2434 167 78 quae
928 2434 272 78 iustitiae
1138 2434 335 78 perfectionem
1409 2434 293 78 impediunt.
1639 2434 167 78 Vnde
1744 2434 188 78 Dauid
1869 2434 272 78 clamauit,
2079 2434 125 78 Ne
2120 2434 84 78 in

536 2496 163 76 tres
638 2496 123 76 in
699 2496 245 76 iudicium
883 2496 143 76 cum
965 2496 184 76 seruo
1087 2496 163 76 tuo:
1189 2496 163 76 quia
1292 2496 143 76 non
1373 2496 368 76 iustificabitur
1680 2496 123 76 in
1741 2496 266 76 conspectu
1945 2496 143 76 tuo
2027 2496 184 76 ullus
2129 2496 82 76 ui

529 2563 180 60 uens.
649 2563 160 60 Deus
749 2563 160 60 ergo
849 2563 240 60 gratuito
1029 2563 180 60 nobis
1149 2563 220 60 imputat
1309 2563 260 60 iustitiam
1509 2563 180 60 fidei
1629 2563 100 60 :
1669 2563 120 60 id
1729 2563 140 60 est
1809 2563 220 60 reputat
1969 2563 140 60 nos
2049 2563 140 60 pro
2109 2563 100 60 iu-

534 2613 186 78 stis,
658 2613 165 78 quia
761 2613 247 78 credimus
947 2613 165 78 ipsi
1050 2613 144 78 per
1132 2613 227 78 filium.
1297 2613 144 78 Sic
1380 2613 124 78 in
1441 2613 289 78 euangelica
1668 2613 247 78 parabola
1854 2613 227 78 legimus
2018 2613 227 78 dominum

525 2664 251 79 dixisse,
714 2664 147 79 Cum
797 2664 189 79 autem
923 2664 272 79 debitores
1133 2664 147 79 non
1216 2664 209 79 essent
1363 2664 272 79 soluendo,
1573 2664 293 79 condonauit
1803 2664 251 79 utrisque
1992 2664 251 79 debitum

538 2714 247 88 Condonat
723 2714 164 88 enim
826 2714 103 88 &
867 2714 185 88 nobis
991 2714 206 88 debita
1134 2714 164 88 siue
1237 2714 226 88 peccata
1402 2714 185 88 deus,
1525 2714 144 88 non
1607 2714 247 88 reputans
1792 2714 164 88 illa
1895 2714 206 88 nobis:
2039 2714 144 88 sed
2100 2714 103 88 nos

534 2780 145 91 pro
617 2780 208 91 iustis
763 2780 208 91 habens
908 2780 228 91 propter
1074 2780 270 91 Christum,

621 2810 290 109 dlarissime
849 2810 207 109 etenim
994 2810 310 109 testificans
1242 2810 124 109 in
1304 2810 248 109 epistola
1490 2810 124 109 ad
1552 2810 290 109 Corinthios
1780 2810 248 109 secunda,
1966 2810 165 109 idem
2069 2810 145 109 hic
2131 2810 83 109 A-

528 2883 147 107 po.
612 2883 210 107 tolus,
759 2883 210 107 dicit,
905 2883 168 107 Erat
1010 2883 168 107 Deus
1115 2883 126 107 in
1178 2883 252 107 Christo,
1367 2883 210 107 mundum
1513 2883 168 107 sibi
1618 2883 356 107 reconcilians,
1912 2883 147 107 non
1974 2883 231 107 imputando
