2288 3632
53 248 217 77 clesiae
211 248 217 77 inserti
369 248 237 77 haeredes
546 248 197 77 fiamus
685 248 178 77 uitae
803 248 256 77 aeternae,
1000 248 217 77 nimirum
1158 248 138 77 per
1237 248 178 77 fidem
1355 248 118 77 in
1414 248 256 77 Christum,
1612 248 158 77 quam

58 320 190 75 docet
184 320 148 75 nos
269 320 232 75 Christi
438 320 316 75 euangelium.
691 320 169 75 Haec
796 320 127 75 de
859 320 295 75 Caesarien.
1091 320 253 75 Concilio
1281 320 274 75 hactenus.
1492 320 190 75 Extat
1597 320 127 75 apud

67 367 238 83 Ioannem
240 367 216 83 aliud,
391 367 389 83 Capernaiticum,
715 367 259 83 frequens
910 367 108 83 &
953 367 259 83 celebre.
1147 367 130 83 In
1212 367 194 83 magna
1341 367 173 83 enim
1428 367 302 83 discipulorum

50 427 109 66 &
94 427 239 66 hominum
268 427 304 66 frequentia
506 427 326 66 determinat,
767 427 174 66 fide
876 427 130 66 in
941 427 261 66 Christum
1136 427 196 66 uitam
1267 427 217 66 parari
1419 427 282 66 aeternam:
1614 427 109 66 nec

44 495 195 64 aliam
174 495 173 64 esse
283 495 173 64 uiam
391 495 130 64 ad
456 495 195 64 uitam
586 495 347 64 perueniendi,
868 495 173 64 nisi
976 495 217 64 edamus
1128 495 173 64 eius
1236 495 238 64 carnem,
1410 495 108 64 &
1453 495 238 64 bibamus
1605 495 130 64 eius

51 534 290 76 sanguinem:
279 534 124 76 id
341 534 166 76 est,
444 534 166 76 nisi
548 534 124 76 in
610 534 186 76 ipsum
734 534 269 76 credamus.
941 534 207 76 Cumque
1086 534 186 76 inter
1210 534 269 76 auditores
1417 534 228 76 schisma
1562 534 166 76 fieret

58 600 199 72 multis
197 600 99 72 a
237 600 218 72 Christo
396 600 357 72 deficientibus,
694 600 179 72 rogat
813 600 278 72 discipulos
1031 600 159 72 suos
1130 600 238 72 intimos,
1309 600 139 72 num
1388 600 99 72 &
1428 600 159 72 ipsi
1527 600 199 72 uelint
1647 600 79 72 a-

62 656 295 72 postatare,
294 656 274 72 respondit
505 656 211 72 Petrus
652 656 211 72 omnium
800 656 232 72 nomine,
968 656 148 72 Cum
1053 656 126 72 in
1116 656 126 72 te
1179 656 232 72 Christe
1348 656 190 72 salus
1474 656 148 72 sit
1558 656 105 72 &
1579 656 148 72 uita,

56 715 140 67 non
136 715 240 67 possumus
316 715 160 67 uita
416 715 300 67 participare
656 715 260 67 cupientes
856 715 100 67 a
896 715 120 67 te
955 715 280 67 diuertere,
1175 715 220 67 ideoque
1335 715 140 67 per
1415 715 180 67 fidem
1535 715 160 67 tibi
1615 715 120 67 fir-

46 763 205 72 miter
183 763 114 72 &
228 763 273 72 aeternum
433 763 387 72 adhaerebimus.
751 763 205 72 Porro
888 763 273 72 Concilia
1092 763 159 72 hic
1183 763 341 72 comemoranda
1456 763 250 72 ueniunt
1615 763 114 72 apo

48 820 244 69 stolica
225 820 177 69 duo.
336 820 244 69 Alterum
513 820 222 69 quidem
669 820 177 69 nemo
780 820 288 69 negauerit
1001 820 222 69 fuisse
1156 820 443 69 uereoecumenicum.
1533 820 200 69 Erant
1644 820 89 69 in

50 880 119 70 eo
110 880 158 70 uiri
208 880 257 70 religiosi
406 880 119 70 ex
465 880 158 70 omni
564 880 217 70 natione
722 880 178 70 earum
840 880 158 70 quae
939 880 138 70 sub
1018 880 178 70 coelo
1137 880 178 70 sunt.
1255 880 119 70 In
1314 880 119 70 eo
1374 880 336 70 disertissimis
1630 880 99 70 uer

52 930 146 75 bis
136 930 208 75 docuit
281 930 229 75 Petrus,
448 930 250 75 Christum
636 930 167 75 esse
740 930 292 75 saluatorem
969 930 208 75 mundi,
1115 930 146 75 cui
1199 930 146 75 qui
1282 930 208 75 credit
1428 930 208 75 habeat
1574 930 188 75 uitam

52 987 277 78 aeternam.
265 987 192 78 Notus
392 987 149 78 est
477 987 192 78 locus
605 987 213 78 Actor.
754 987 170 78 cap.
860 987 128 78 2.
924 987 170 78 Apud
1031 987 277 78 principes
1244 987 277 78 ludaeorum
1456 987 170 78 idem
1541 987 192 78 aposto-

54 1041 137 81 lus
133 1041 274 81 demonstrat
348 1041 137 81 non
426 1041 117 81 in
485 1041 157 81 alio
583 1041 157 81 quam
681 1041 117 81 in
739 1041 215 81 Christo
896 1041 157 81 esse
994 1041 235 81 salutem.
1170 1041 176 81 Extat
1287 1041 176 81 locus
1405 1041 117 81 in
1464 1041 176 81 Actis
1561 1041 157 81 apost.

55 1105 167 64 cap.
160 1105 126 64 3.
223 1105 167 64 Idem
327 1105 188 64 facit
453 1105 167 64 apud
558 1105 230 64 Gentium
725 1105 293 64 primitias,
955 1105 167 64 apud
1060 1105 272 64 Cornelium
1269 1105 105 64 &
1311 1105 167 64 suos
1416 1105 167 64 cap.
1521 1105 147 64 19.
1583 1105 147 64 Alte-

48 1156 159 72 rum
139 1156 296 72 concilium
367 1156 114 72 &
412 1156 205 72 ipsum
549 1156 182 72 fuit
663 1156 387 72 celeberrimum,
981 1156 114 72 &
1027 1156 250 72 omnibus
1209 1156 250 72 dotibus
1391 1156 250 72 maximis
1550 1156 182 72 instru

49 1212 278 75 ctissimum,
267 1212 99 75 &
307 1212 298 75 describitur
545 1212 198 75 Actor.
684 1212 139 75 15.
764 1212 119 75 In
823 1212 119 75 eo
883 1212 238 75 obtinuit
1061 1212 159 75 baec
1160 1212 278 75 proposito,
1379 1212 179 75 fidem
1498 1212 198 75 absque
1617 1212 99 75 ope

53 1265 181 78 ribus
173 1265 201 78 gratis
314 1265 321 78 iustificare.
575 1265 120 78 De
635 1265 140 78 qua
715 1265 120 78 re
775 1265 181 78 alias
895 1265 221 78 copiose
1056 1265 261 78 disserui.
1257 1265 140 78 His
1337 1265 160 78 uero
1437 1265 221 78 omnibus
1578 1265 160 78 osten-

51 1321 140 83 sum
131 1321 181 83 uolo,
252 1321 160 83 ideo
352 1321 181 83 dogma
472 1321 120 83 de
532 1321 321 83 iustificante
793 1321 201 83 absque
934 1321 241 83 operibus
1114 1321 181 83 fide,
1234 1321 120 83 in
1295 1321 241 83 ecclesia
1475 1321 301 83 impermixtum

49 1379 107 73 &
91 1379 256 73 syncerum
284 1379 256 73 retineri
476 1379 278 73 oportere,
690 1379 192 73 quia,
818 1379 128 73 ut
882 1379 150 73 sic
968 1379 214 73 dicam,
1117 1379 406 73 catholicissimum
1459 1379 107 73 &
1481 1379 256 73 irrefraga-

56 1430 158 75 bile
155 1430 138 75 est
234 1430 99 75 :
274 1430 138 75 cui
353 1430 138 75 hic
432 1430 178 75 quoqe
551 1430 119 75 ab
610 1430 237 75 apostolo
788 1430 178 75 Paulo
907 1430 356 75 anathematismus
1203 1430 257 75 accessit,
1401 1430 218 75 Etiamsi
1559 1430 138 75 nos
1638 1430 138 75 aut

52 1498 232 75 angelus
220 1498 105 75 e
262 1498 189 75 coelo
389 1498 316 75 praedicarit
641 1498 189 75 uobis
768 1498 316 75 euangelium,
1020 1498 232 75 praeter
1189 1498 126 75 id
1252 1498 168 75 quod
1357 1498 358 75 praedicauimus
1631 1498 105 75 uo-

52 1536 158 78 bis,
151 1536 237 78 anathema
309 1536 118 78 sit.

129 1574 218 100 Secunda
288 1574 198 100 caussa
427 1574 139 100 cur
506 1574 238 100 praestet
685 1574 139 100 hoc
764 1574 179 100 dogma
883 1574 238 100 syncerum
1062 1574 238 100 retinere
1241 1574 119 100 in
1300 1574 258 100 ecclesia,
1499 1574 159 100 illa
1598 1574 159 100 est,

59 1665 163 64 quod
161 1665 143 64 hoc
242 1665 143 64 uel
324 1665 224 64 luxato,
487 1665 367 64 periclitabitur
792 1665 204 64 gloria
935 1665 245 64 Christi.
1119 1665 163 64 Haec
1220 1665 163 64 enim
1322 1665 102 64 &
1363 1665 285 64 obscuratur
1587 1665 102 64 &
1608 1665 122 64 cor-

49 1718 250 66 rumpitur
236 1718 125 66 in
299 1718 208 66 animis
445 1718 229 66 hominum
611 1718 146 66 (in
694 1718 208 66 seipsa
840 1718 187 66 manet
965 1718 229 66 alioqui
1131 1718 312 66 integerrima
1381 1718 104 66 &
1402 1718 312 66 illustrissima

52 1768 230 73 semper)
219 1768 126 73 si
282 1768 272 73 iustitiam
491 1768 146 73 qua
575 1768 188 73 coram
701 1768 146 73 deo
784 1768 314 73 consistimus
1036 1768 293 73 coeperimus
1266 1768 188 73 etiam
1391 1768 230 73 partiri
1538 1768 188 73 nostris

49 1825 239 68 operibus
228 1825 119 68 ac
288 1825 239 68 meritis.
467 1825 159 68 Haec
567 1825 159 68 enim
666 1825 139 68 est
746 1825 199 68 gloria
885 1825 179 68 filij
1004 1825 159 68 dei,
1104 1825 159 68 quod
1204 1825 179 68 aliud
1323 1825 179 68 nomen
1442 1825 139 68 sub
1522 1825 179 68 coelo
1621 1825 100 68 non

59 1879 143 64 est
140 1879 184 64 datum
263 1879 266 64 hominibus
468 1879 123 64 in
529 1879 143 64 quo
611 1879 245 64 oporteat
795 1879 205 64 saluos
938 1879 205 64 fieri.
1081 1879 164 64 Hinc
1183 1879 184 64 dixit
1306 1879 225 64 Paulus,
1470 1879 245 64 Christus
1633 1879 82 64 uo

48 1929 130 74 bis
123 1929 186 74 factus
253 1929 130 74 est
328 1929 223 74 otiosus,
495 1929 242 74 quicunque
681 1929 130 74 per
756 1929 168 74 legem
867 1929 316 74 iustificamini
1128 1929 93 74 a
1165 1929 186 74 gratia
1296 1929 279 74 excidistis.
1519 1929 112 74 Et
1556 1929 149 74 iterum

47 1986 136 66 Non
124 1986 234 66 aspernor
300 1986 214 66 gratiam
455 1986 156 66 dei.
552 1986 136 66 Nam
630 1986 117 66 si
689 1986 136 66 per
767 1986 175 66 legem
883 1986 136 66 est
961 1986 253 66 iustitia:
1156 1986 195 66 igitur
1292 1986 234 66 Christus
1467 1986 214 66 frustra
1603 1986 117 66 mor-

53 2044 156 68 tuus
150 2044 156 68 est.
247 2044 117 68 Si
306 2044 214 68 frustra
462 2044 214 68 mortuus
618 2044 156 68 est,
715 2044 195 68 perijt
852 2044 195 68 gloria
988 2044 195 68 crucis
1105 2044 195 68 Christi.

132 2075 191 93 Tertia
265 2075 191 93 caussa
399 2075 134 93 est
475 2075 210 93 nostrae
628 2075 210 93 salutis
780 2075 172 93 certa
895 2075 95 93 &
933 2075 343 93 constantissima
1219 2075 191 93 ratio.
1353 2075 305 93 Incertissima
1581 2075 134 93 esset

49 2159 180 73 salus
169 2159 200 73 nostra
309 2159 120 73 si
370 2159 100 73 a
410 2159 220 73 nostris
570 2159 240 73 penderet
750 2159 220 73 meritis
911 2159 180 73 atque
1031 2159 260 73 operibus,
1231 2159 140 73 qui
1311 2159 220 73 propter
1472 2159 220 73 agnatam
1612 2159 100 73 no-

53 2211 150 75 bis
138 2211 364 75 corruptionem,
438 2211 171 75 nisi
545 2211 299 75 insaniamus
780 2211 257 75 prorsus,
972 2211 150 75 cum
1058 2211 171 75 lobo
1165 2211 257 75 dicimus,
1357 2211 128 75 Si
1422 2211 235 75 habuero
1571 2211 150 75 quip-

54 2268 178 64 piam
165 2268 222 64 iustum
320 2268 155 64 non
409 2268 333 64 respondebo,
675 2268 155 64 sed
764 2268 178 64 meum
875 2268 244 64 iudicem
1052 2268 333 64 deprecabor.
1319 2268 222 64 Paulus
1474 2268 178 64 ergo
1563 2268 155 64 recte

58 2325 323 67 pronunciauit,
324 2325 114 67 Si
381 2325 114 67 ex
438 2325 152 67 lege
533 2325 266 67 haereditas
742 2325 152 67 est,
837 2325 190 67 inanis
970 2325 171 67 facta
1084 2325 133 67 est
1160 2325 190 67 fides,
1293 2325 190 67 irrita
1426 2325 171 67 facta
1540 2325 133 67 est
1597 2325 114 67 pro-

57 2390 228 71 missio.
223 2390 269 71 Propterea
430 2390 124 71 ex
492 2390 186 71 fide,
616 2390 124 71 ut
679 2390 249 71 secundum
865 2390 249 71 gratiam,
1051 2390 145 71 quo
1134 2390 186 71 firma
1258 2390 145 71 sit
1341 2390 269 71 promissio
1528 2390 186 71 uniuer-

52 2429 128 69 so
94 2429 192 69 semini.

146 2486 211 78 Quarta
294 2486 211 78 caussa
441 2486 169 78 est,
547 2486 169 78 quod
653 2486 148 78 hac
737 2486 253 78 doctrina
927 2486 211 78 maxime
1075 2486 274 78 reparatur
1286 2486 127 78 in
1349 2486 190 78 nobis
1476 2486 190 78 imago
1581 2486 127 78 dei,

51 2553 120 69 ad
111 2553 160 69 quam
211 2553 200 69 initio
350 2553 180 69 sumus
470 2553 239 69 conditi.
650 2553 160 69 Fide
749 2553 160 69 enim
849 2553 120 69 in
909 2553 180 69 nobis
1029 2553 219 69 habitat
1188 2553 100 69 &
1228 2553 180 69 uiuit
1348 2553 259 69 Christus,
1547 2553 140 69 qui
1607 2553 100 69 hu-

57 2608 252 73 militate
246 2608 210 73 nostra
393 2608 315 73 delectatur.
645 2608 273 73 Excitatur
855 2608 189 73 autem
981 2608 126 73 in
1044 2608 189 73 nobis
1170 2608 189 73 imago
1296 2608 252 73 diaboli,
1485 2608 147 73 cum
1569 2608 126 73 in
1611 2608 105 73 no-

57 2651 251 73 bisipsis
245 2651 272 73 superbire
455 2651 105 73 &
497 2651 230 73 gloriam
664 2651 147 73 dei
748 2651 251 73 usurpare
936 2651 293 73 incipimus.
1167 2651 147 73 Hoc
1250 2651 147 73 fit
1334 2651 335 73 proculdubio,
1606 2651 147 73 cum

50 2719 288 61 nobisipsis
277 2719 267 61 iustitiam
483 2719 103 61 &
524 2719 226 61 salutem
688 2719 329 61 attribuimus:
956 2719 185 61 quasi
1079 2719 226 61 nostris
1244 2719 247 61 operibus
1429 2719 103 61 &
1470 2719 226 61 meritis
1614 2719 103 61 re-

45 2775 173 74 gnum
153 2775 151 74 dei
240 2775 346 74 promereamur.
521 2775 259 74 Diabolus
716 2775 259 74 superbit
910 2775 303 74 conaturque
1148 2775 130 74 ad
1213 2775 130 74 se
1278 2775 238 74 gloriam
1451 2775 151 74 dei
1515 2775 195 74 rapere.

49 2827 207 65 Sancti
194 2827 268 65 agnoscunt
400 2827 124 65 se
462 2827 165 65 uera
566 2827 145 65 dei
648 2827 207 65 gratia
793 2827 392 65 misericordiaque
1123 2827 248 65 saluari:
1309 2827 165 65 unde
1412 2827 186 65 omnem
1536 2827 145 65 deo
1598 2827 124 65 glo-

50 2881 175 67 riam
160 2881 285 67 tribuunt,
379 2881 175 67 sibi
488 2881 328 67 confusionem
751 2881 109 67 &
794 2881 328 67 ignominiam.
1057 2881 153 67 Quo
1145 2881 175 67 haud
1254 2881 197 67 dubie
1386 2881 263 67 pertinet
1561 2881 153 67 para
