2288 3632
505 308 124 91 c.
567 308 124 91 V.
629 308 207 91 utpote
774 308 248 91 authoris
960 308 145 91 non
1043 308 227 91 admodum
1208 308 289 91 illustris,
1435 308 165 91 nisi
1538 308 186 91 eadem
1662 308 165 91 fere
1766 308 289 91 legerentur
1993 308 124 91 in
2034 308 145 91 libro

517 368 305 91 Tertulliani
760 368 223 91 scripto
923 368 122 91 de
984 368 325 91 Poenitentia:
1248 368 162 91 nisi
1349 368 102 91 &
1390 368 244 91 exemplum
1573 368 325 91 suppeditaret
1837 368 264 91 Eusebius,
2040 368 142 91 qui
2101 368 81 91 Ec

510 439 165 75 cles:
620 439 165 75 hist.
730 439 147 75 lib.
822 439 110 75 5.
877 439 147 75 cap.
969 439 202 75 ultimo,
1116 439 220 75 Natalis,
1281 439 202 75 inquit,
1428 439 184 75 martyr
1557 439 220 75 deceptus
1722 439 110 75 ab
1777 439 276 75 haereticis,
1997 439 184 75 tandem
2108 439 73 75 er

504 495 175 74 rorem
620 495 312 74 intelligens,
874 495 156 74 mane
971 495 273 74 consurgit,
1185 495 214 74 cilicio
1341 495 117 74 se
1400 495 214 74 induit,
1556 495 117 74 et
1614 495 195 74 cinere
1750 495 292 74 conspergit,
1984 495 117 74 ac
2023 495 156 74 multis

504 540 274 88 Iachrymis
715 540 232 88 errorem
884 540 169 88 suum
989 540 253 88 deffens,
1179 540 169 88 ante
1284 540 190 88 pedes
1411 540 127 88 se
1474 540 274 88 zephyrini
1685 540 253 88 episcopi
1875 540 316 88 prosternit,
2128 540 105 88 &

521 609 283 75 uestigijs
739 609 240 75 omnium,
914 609 153 75 non
1001 609 174 75 modo
1110 609 327 75 clericorum,
1371 609 153 75 sed
1459 609 196 75 etiam
1589 609 283 75 laicorum,
1807 609 196 75 multa
1938 609 153 75 cum
2004 609 174 75 lamen-

511 649 240 85 tatione
686 649 305 85 prouolutus
925 649 131 85 in
991 649 283 85 Iachrymas
1209 649 196 85 omnem
1340 649 305 85 prouocauit
1580 649 305 85 ecclesiam,
1819 649 131 85 ut
1885 649 349 85 indulgentiam

510 706 163 96 sibi
612 706 102 96 a
653 706 225 96 Christo
816 706 266 96 continuis
1020 706 102 96 &
1061 706 225 96 iugibus
1225 706 143 96 pro
1306 706 163 96 ipso
1409 706 245 96 precibus
1592 706 327 96 implorarent.
1858 706 123 96 De
1919 706 225 96 ritibus
2062 706 123 96 poe-

515 762 259 91 nitentiae
714 762 179 91 paulo
834 762 160 91 post
934 762 239 91 dicemus.
1113 762 140 91 Non
1193 762 179 91 autem
1313 762 219 91 uidetur
1472 762 160 91 haec
1572 762 239 91 ritualis
1751 762 319 91 poenitentia,
2011 762 179 91 sicut
2110 762 80 91 ue

521 831 208 76 teribus
672 831 114 76 in
729 831 132 76 usu
805 831 170 76 fuit,
918 831 246 76 diuinitus
1108 831 151 76 esse
1202 831 265 76 praecepta,
1410 831 114 76 ut
1467 831 132 76 uel
1543 831 170 76 hodie
1656 831 246 76 quicumque
1845 831 189 76 scelus
1978 831 208 76 aliquod
2110 831 76 76 pa

516 872 243 91 trauit,
692 872 243 91 cogatur
869 872 154 91 mox
957 872 199 91 palam
1090 872 309 91 poenitere,
1332 872 132 91 ad
1399 872 154 91 eum
1487 872 177 91 quem
1597 872 177 91 isti
1708 872 309 91 usurparunt
1950 872 221 91 modum.
2083 872 110 91 Vbi

532 933 157 91 enim
630 933 215 91 legitur
787 933 274 91 peccatrici
1002 933 137 91 uel
1081 933 255 91 adulterae
1277 933 215 91 mulieri
1433 933 176 91 talis
1551 933 118 91 in
1610 933 255 91 euangelio
1805 933 235 91 iniuncta
1982 933 157 91 esse
2060 933 137 91 poeni

517 990 227 88 tentia?
683 990 310 88 Recipiuntur
930 990 165 88 alij
1034 990 186 88 multi
1158 990 289 88 peccatores
1385 990 145 88 per
1467 990 248 88 Christum
1653 990 124 88 in
1715 990 227 88 gratiam
1880 990 145 88 dei
1963 990 165 88 sine
2045 990 145 88 huius

519 1042 177 92 modi
630 1042 355 92 poenitentia.
918 1042 310 92 Notissimum
1162 1042 155 92 est
1251 1042 177 92 enim
1361 1042 177 92 quid
1472 1042 222 92 egerit
1627 1042 266 92 Christus
1827 1042 244 92 dominus
2004 1042 155 92 cum
2071 1042 133 92 Mat-

524 1100 211 85 thaeo,
671 1100 147 85 cum
756 1100 253 85 zachaeo,
945 1100 147 85 cum
1029 1100 189 85 Petro
1155 1100 253 85 negatore
1345 1100 105 85 &
1387 1100 189 85 alijs
1513 1100 232 85 multis.
1682 1100 232 85 Proinde
1850 1100 147 85 non
1934 1100 211 85 temere
2061 1100 126 85 cre-

528 1152 179 84 dimus
647 1152 258 84 episcopos
846 1152 119 84 ac
906 1152 278 84 sacerdotes
1125 1152 239 84 ueteres,
1303 1152 298 84 disciplinae
1542 1152 219 84 gratia,
1701 1152 99 84 &
1741 1152 139 84 quo
1820 1152 179 84 minor
1940 1152 179 84 esset
2039 1152 159 84 peccam

534 1211 126 84 di
597 1211 272 84 licentia,
806 1211 272 84 inuenisse
1015 1211 251 84 publicam
1204 1211 188 84 illam
1329 1211 293 84 poenitendi
1559 1211 272 84 rationem.
1769 1211 188 84 Certe
1894 1211 230 84 Hermius
2041 1211 146 84 Sozco

535 1263 167 91 menus
647 1263 260 91 Salaminius
851 1263 241 91 historiae
1036 1263 334 91 ecclesiasticae
1314 1263 222 91 scriptor
1481 1263 241 91 egregius,
1666 1263 130 91 li.
1741 1263 167 91 hist.
1852 1263 111 91 7.
1907 1263 148 91 cap.
2000 1263 130 91 16.
2074 1263 111 91 Ab
2111 1263 93 91 ini

540 1322 150 87 tio,
634 1322 206 87 inquit,
784 1322 300 87 sacerdotibus
1028 1322 225 87 placuit,
1197 1322 113 87 ut
1253 1322 169 87 uelut
1366 1322 113 87 in
1422 1322 225 87 theatro,
1591 1322 169 87 teste
1703 1322 281 87 multitudine
1929 1322 263 87 ecclesiae,
2116 1322 94 87 pec

541 1375 474 88 catamanifestarentur.
956 1375 119 88 En
1015 1375 316 88 sacerdotibus
1272 1375 237 88 placuit,
1450 1375 158 88 ait.
1549 1375 178 88 Addit
1668 1375 277 88 institutum
1885 1375 198 88 fuisse
2003 1375 198 88 presbyte

549 1437 136 83 rum
626 1437 117 83 ad
685 1437 155 83 quem
782 1437 136 83 qui
859 1437 311 83 deliquissent
1112 1437 272 83 accedentes
1326 1437 214 83 peccata
1481 1437 350 83 confiterentur,
1773 1437 194 83 deinde
1909 1437 175 83 etiam
2006 1437 194 83 audirent

546 1501 220 79 mulctam
706 1501 160 79 quid
806 1501 260 79 uidelicet
1005 1501 260 79 faciendum
1205 1501 180 79 esset
1325 1501 280 79 luendumue.
1545 1501 160 79 Idem
1645 1501 140 79 mox
1725 1501 260 79 describit
1924 1501 120 79 et
1984 1501 220 79 Romanes
2124 1501 80 79 ec

545 1547 228 81 clesiae
711 1547 186 81 morem
835 1547 310 81 poenitendi.
1083 1547 207 81 Deinde
1228 1547 228 81 subdit,
1393 1547 124 81 In
1455 1547 476 81 Constantinopolitana
1869 1547 248 81 ecclesia
2035 1547 165 81 presby

542 1606 147 82 ter
626 1606 356 82 poenitentibus
919 1606 293 82 deputatus,
1150 1606 147 82 hoc
1233 1606 209 82 munere
1380 1606 230 82 functus
1548 1606 168 82 est,
1652 1606 189 82 donec
1778 1606 209 82 mulier
1925 1606 230 82 quaedam
2071 1606 126 82 nobi

546 1669 144 72 lis
628 1669 226 72 propter
792 1669 226 72 peccata
956 1669 144 72 qua
1038 1669 246 72 confessa
1222 1669 226 72 fuerat,
1386 1669 123 72 ab
1448 1669 267 72 huiusmodi
1653 1669 287 72 presbytero
1878 1669 246 72 ieiunare
2042 1669 164 72 deoque

546 1728 285 67 supplicare
769 1728 203 67 iussa,
912 1728 102 67 &
953 1728 142 67 eam
1034 1728 122 67 ob
1095 1728 224 67 caussam
1258 1728 264 67 ecclesiae
1461 1728 264 67 immorata,
1665 1728 102 67 a
1705 1728 224 67 diacono
1868 1728 326 67 scortationis
2112 1728 102 67 sce

559 1763 163 81 lere
661 1763 224 81 polluta
824 1763 204 81 fuisse
966 1763 306 81 proderetur.
1211 1763 122 81 Ob
1272 1763 163 81 quam
1374 1763 224 81 caussam
1537 1763 326 81 sacerdotibus
1802 1763 245 81 plurimum
1965 1763 245 81 detraheba-

546 1822 166 85 tur.
650 1822 270 85 Nectarius
858 1822 166 85 uero
962 1822 270 85 episcopus
1170 1822 270 85 perplexus
1378 1822 166 85 quid
1482 1822 249 85 commisso
1669 1822 249 85 facinori
1856 1822 291 85 copeteret,
2064 1822 145 85 diaco

547 1879 150 83 num
632 1879 192 83 illum
760 1879 150 83 qui
846 1879 214 83 scelus
996 1879 150 83 hoc
1081 1879 192 83 ausus
1209 1879 235 83 fuerat,
1380 1879 278 83 diaconatu
1594 1879 278 83 priuauit.
1808 1879 128 83 Et
1872 1879 235 83 quoniam
2022 1879 192 83 nonulli

560 1951 265 65 suadebant
763 1951 122 65 ut
824 1951 265 65 unicuique
1028 1951 224 65 liberum
1191 1951 326 65 permitteret,
1455 1951 244 65 secundum
1638 1951 163 65 quod
1740 1951 244 65 sibijpsi
1923 1951 163 65 bene
2005 1951 204 65 conscius

546 1991 200 89 esset
679 1991 111 89 &
723 1991 177 89 bona
834 1991 244 89 fiducia
1012 1991 177 89 esse
1122 1991 244 89 posset,
1300 1991 133 89 ad
1366 1991 333 89 communionem
1632 1991 333 89 mysteriorum
1899 1991 288 89 accedere,
2098 1991 111 89 mu-

553 2062 135 67 nus
630 2062 174 67 illud
746 2062 289 67 presbyterij
977 2062 347 67 poenitentiarij
1267 2062 251 67 sustulit:
1460 2062 96 67 &
1498 2062 116 67 ex
1556 2062 116 67 eo
1614 2062 232 67 inualuit
1788 2062 251 67 consilium
1980 2062 174 67 illud
2077 2062 135 67 Necta

550 2099 144 87 rio
632 2099 205 87 datum,
775 2099 103 87 &
816 2099 144 87 iam
898 2099 205 87 quoque
1042 2099 267 87 permanet.
1247 2099 123 87 Et
1308 2099 246 87 caetera.
1493 2099 164 87 Idem
1595 2099 123 87 in
1657 2099 226 87 capitis
1821 2099 226 87 initio,
1985 2099 205 87 Primus
2108 2099 103 87 Ne-

556 2157 234 86 ctarius
726 2157 511 86 Constantinopolitanus
1173 2157 298 86 episcopus,
1407 2157 234 86 inquit,
1577 2157 319 86 presbyterum
1832 2157 149 86 qui
1896 2157 319 86 poenitentibus

563 2222 256 75 deputatus
760 2222 157 75 erat
859 2222 236 75 sustulit
1036 2222 118 75 ex
1095 2222 256 75 ecclesia:
1292 2222 157 75 quem
1390 2222 157 75 fere
1489 2222 177 75 omnes
1607 2222 236 75 episcopi
1784 2222 157 75 sunt
1882 2222 217 75 secuti.
2040 2222 157 75 Haec
2119 2222 98 75 il-

554 2269 151 84 le.
641 2269 151 84 Non
727 2269 302 84 abrogasset
964 2269 194 84 autem
1093 2269 366 84 exhomologesim
1395 2269 237 84 sanctus
1567 2269 237 84 alioqui
1740 2269 280 84 episcopus
1955 2269 302 84 Nectarius,

561 2327 113 77 si
618 2327 319 77 intellexisset
881 2327 244 77 diuinitus
1068 2327 150 77 esse
1162 2327 263 77 institutam
1369 2327 94 77 :
1406 2327 131 77 nec
1482 2327 244 77 licuisset
1669 2327 169 77 etiam
1782 2327 244 77 abrogare.
1970 2327 188 77 Sciuit
2083 2327 131 77 ergo,

563 2386 218 76 sicuti
716 2386 109 76 &
760 2386 284 76 Sozomenus
978 2386 328 76 confitetur,
1240 2386 328 76 episcoporum
1502 2386 262 76 consilio
1699 2386 218 76 formam
1852 2386 197 76 illam
1983 2386 284 76 usurpatam

562 2455 163 60 esse
663 2455 122 60 in
724 2455 264 60 ecclesia.
928 2455 183 60 Neque
1049 2455 224 60 legimus
1212 2455 224 60 Ioannem
1375 2455 264 60 Chrysost,
1578 2455 142 60 qui
1659 2455 224 60 proxime
1822 2455 244 60 Nectario
1984 2455 224 60 successit

567 2495 98 78 &
606 2495 371 78 diligentissimus
918 2495 371 78 seuerissimusque
1230 2495 254 78 episcopus
1425 2495 176 78 fuit,
1542 2495 234 78 ritualem
1717 2495 176 78 illam
1834 2495 254 78 abrogatam
2010 2495 215 78 restituis

564 2552 122 79 se
625 2552 345 79 poenitentiam.
908 2552 223 79 Scribit
1071 2552 162 79 enim
1172 2552 223 79 Homelia
1334 2552 142 79 31.
1415 2552 122 79 in
1476 2552 243 79 epistola
1658 2552 182 79 Pauli
1780 2552 122 79 ad
1841 2552 162 79 Heb.
1942 2552 142 79 Non
2023 2552 162 79 dico
2104 2552 122 79 tibi

541 2608 114 80 ue
598 2608 114 80 ut
655 2608 114 80 te
712 2608 190 80 prodas
844 2608 114 80 in
901 2608 247 80 publicum,
1091 2608 171 80 neque
1205 2608 114 80 ut
1262 2608 114 80 te
1319 2608 152 80 apud
1413 2608 171 80 alios
1527 2608 209 80 accuses
1679 2608 95 80 :
1717 2608 133 80 sed
1793 2608 209 80 obedire
1945 2608 114 80 te
2001 2608 152 80 uolo
2077 2608 152 80 prophe

570 2665 146 77 tae
654 2665 251 77 dicenti,
842 2665 209 77 Reuela
988 2665 209 77 domino
1134 2665 167 77 uiam
1239 2665 188 77 tuam.
1364 2665 167 77 Ante
1469 2665 167 77 deum
1573 2665 167 77 ergo
1678 2665 272 77 confitere
1887 2665 230 77 peccata
2054 2665 167 77 tua,
2137 2665 84 77 a-

571 2728 142 84 pud
652 2728 182 84 uerum
773 2728 243 84 iudicem,
955 2728 142 84 cum
1036 2728 243 84 oratione
1218 2728 223 84 delicta
1380 2728 142 84 pro
1461 2728 243 84 iniuria:
1643 2728 142 84 non
1724 2728 223 84 lingua,
1886 2728 142 84 sed
1947 2728 283 84 conscientiae

572 2775 162 91 tuae
673 2775 243 91 memoria.
855 2775 121 91 Et
916 2775 162 91 tunc
1017 2775 182 91 demum
1138 2775 182 91 crede
1259 2775 121 91 te
1320 2775 344 91 misericordiam
1603 2775 182 91 posse
1724 2775 263 91 consequi,
1927 2775 121 91 si
1987 2775 243 91 habueris
2149 2775 81 91 in

568 2848 177 61 mente
686 2848 138 61 tua
765 2848 256 61 continue,
962 2848 138 61 &c,
1040 2848 197 61 Rursus
1178 2848 118 61 in
1237 2848 177 61 Psal.
1355 2848 138 61 56.
1433 2848 118 61 Si
1492 2848 295 61 confunderis
1728 2848 197 61 alicui
1866 2848 197 61 dicere
2004 2848 157 61 quia
2082 2848 138 61 pecca

569 2896 151 69 sti,
663 2896 188 69 dicito
795 2896 113 69 ea
852 2896 226 69 quotidie
1021 2896 113 69 in
1078 2896 169 69 anima
1190 2896 151 69 tua.
1285 2896 132 69 Non
1360 2896 151 69 dico
1454 2896 113 69 ut
1511 2896 282 69 confitearis
1736 2896 113 69 ea
1793 2896 226 69 conseruo
1962 2896 132 69 tuo
2038 2896 113 69 ut
2075 2896 151 69 expro-

570 2951 171 82 bret,
684 2951 133 82 dic
760 2951 133 82 deo
836 2951 133 82 tuo
912 2951 133 82 qui
988 2951 171 82 curat
1102 2951 133 82 ea.
1178 2951 114 82 Si
1235 2951 133 82 non
1311 2951 228 82 dixeris,
1483 2951 133 82 non
1559 2951 209 82 ignorat
1711 2951 114 82 ea
1768 2951 171 82 deus,
1882 2951 95 82 q
1920 2951 209 82 praesto
2072 2951 152 82 erat
2148 2951 95 82 cum
