2288 3632
52 388 132 95 ea
118 388 264 95 faceres.
316 388 132 95 Et
382 388 176 95 idem
492 388 220 95 iterum
645 388 264 95 alicubi,
843 388 154 95 Non
931 388 132 95 te
997 388 132 95 in
1063 388 330 95 conseruorum
1327 388 220 95 tuorum
1480 388 264 95 theatrum
1656 388 88 95 te

51 448 195 90 duco:
182 448 152 90 non
268 448 282 90 hominibus
486 448 239 90 peccata
659 448 152 90 tua
746 448 261 90 detegere
942 448 195 90 cogo.
1072 448 217 90 Repete
1224 448 195 90 coram
1354 448 152 90 deo
1441 448 347 90 conscientiam

47 512 192 84 tuam,
175 512 107 84 &
218 512 257 84 explica.
410 512 235 84 Ostende
581 512 214 84 domino
731 512 406 84 praestantissimo
1073 512 214 84 medico
1223 512 150 84 tua
1308 512 257 84 uulnera,
1501 512 107 84 &
1544 512 171 84 pete
1650 512 128 84 ab

56 564 127 81 eo
119 564 296 81 medicinam.
352 564 190 81 Item,
479 564 169 81 Caue
584 564 211 81 homini
732 564 254 81 dixeris,
923 564 127 81 ne
986 564 169 81 tibi
1092 564 296 81 opprobret.
1324 564 190 81 Neque
1451 564 169 81 enim
1536 564 211 81 conseruo

49 624 147 77 est
133 624 336 77 confitendum,
406 624 147 77 qui
490 624 126 77 in
553 624 252 77 publicum
742 624 273 77 proferat,
952 624 147 77 sed
1036 624 231 77 domino,
1204 624 147 77 qui
1288 624 147 77 tui
1372 624 189 77 curam
1498 624 210 77 gerit,
1645 624 147 77 qui

52 666 113 93 &
98 666 248 93 humanus
278 666 158 93 est
368 666 113 93 &
413 666 270 93 medicus:
615 666 135 93 ei
683 666 180 93 ergo
795 666 270 93 ostendes
998 666 270 93 uulnera.
1201 666 158 93 Sed
1291 666 113 93 &
1336 666 248 93 dominum
1516 666 180 93 idem
1606 666 135 93 ille

57 724 266 91 loquentem
261 724 245 91 inducit,
445 724 143 91 Non
527 724 164 91 cogo
629 724 123 91 te
691 724 123 91 in
752 724 205 91 medium
895 724 225 91 prodire
1059 724 266 91 theatrum,
1263 724 123 91 ac
1325 724 205 91 multos
1468 724 245 91 adhibere
1632 724 102 91 te-

54 780 187 92 stes:
179 780 166 92 mihi
283 780 166 92 soli
387 780 146 92 dic
470 780 250 92 peccatum
657 780 166 92 tuum
761 780 270 92 priuatim,
969 780 125 92 ut
1032 780 187 92 sanem
1157 780 208 92 ulcus.
1302 780 166 92 Haec
1406 780 270 92 Chrysost,
1593 780 146 92 omnia

57 838 224 93 arguunt
219 838 183 93 clare
341 838 183 93 satis
463 838 244 93 ritualem
647 838 183 93 illam
769 838 325 93 poenitentiam
1033 838 102 93 (
1074 838 203 93 sicuti
1216 838 264 93 aliquando
1420 838 244 93 usurpata
1603 838 142 93 est
1664 838 81 93 in

55 901 267 88 ecclesia)
261 901 144 88 non
343 901 103 88 a
384 901 144 88 deo
466 901 308 88 institutam,
712 901 226 88 denique
877 901 185 88 nulla
1000 901 226 88 iniuria
1164 901 123 88 ex
1226 901 246 88 ecclesia
1411 901 267 88 submotam,
1595 901 144 88 neque

46 961 148 76 mox
131 961 106 76 a
173 961 233 76 sanctis
343 961 276 76 episcopis
555 961 297 76 restitutam
788 961 233 76 fuisse.
958 961 127 76 In
1021 961 212 76 Romana
1170 961 254 76 ecclesia
1360 961 212 76 multas
1488 961 254 76 remansisse

60 1011 266 74 reliquias
264 1011 205 74 illius
407 1011 143 74 non
489 1011 205 74 omnino
632 1011 164 74 uane
735 1011 286 74 perhibent.
960 1011 143 74 Sed
1041 1011 164 74 quid
1144 1011 123 74 ad
1205 1011 143 74 nos
1287 1011 164 74 quid
1389 1011 245 74 ecclesia
1553 1011 184 74 quaeli-

42 1058 158 87 bet
133 1058 181 87 sibi
246 1058 294 87 sumpserit
472 1058 158 87 uel
563 1058 294 87 seruandum
789 1058 158 87 uel
879 1058 339 87 deponendum:
1151 1058 158 87 Hoc
1241 1058 204 87 magis
1377 1058 317 87 inquiramus
1603 1058 136 87 quid

58 1121 295 95 tradiderit
289 1121 189 95 nobis
416 1121 273 95 Christus,
626 1121 210 95 quidue
773 1121 273 95 docuerint
984 1121 273 95 apostoli.
1194 1121 126 95 De
1257 1121 210 95 quorum
1404 1121 252 95 doctrina
1594 1121 147 95 iam
1657 1121 84 95 sa

58 1167 141 69 tis
138 1167 201 69 dictum
259 1167 221 69 arbitror.

116 1230 226 80 Priuata
281 1230 144 80 uel
363 1230 205 80 arcana
506 1230 267 80 confessio
712 1230 287 80 peccatorum
937 1230 185 80 fieri
1060 1230 267 80 consueuit
1266 1230 226 80 remotis
1430 1230 246 80 arbitris
1614 1230 185 80 solis

52 1270 351 104 sacerdotibus.
341 1270 289 104 Insusurrat
568 1270 165 104 enim
671 1270 227 104 aliquis
837 1270 268 104 clanculum
1043 1270 227 104 peccata
1208 1270 144 104 sua
1291 1270 124 104 in
1353 1270 186 104 aurem
1456 1270 268 104 sacerdotis,

53 1345 361 93 confessionibus
354 1345 321 93 clancularijs
615 1345 261 93 deputati,
815 1345 301 93 absolutusqe
1056 1345 120 93 ab
1116 1345 160 93 hoc,
1216 1345 261 93 conceptis
1417 1345 221 93 uerbis,
1557 1345 181 93 existi-

56 1397 149 91 mat
141 1397 128 91 se
205 1397 255 91 purgatum
396 1397 170 91 esse
503 1397 128 91 ab
566 1397 234 91 omnibus
737 1397 277 91 peccatis.
950 1397 234 91 Ideoque
1120 1397 319 91 Auricularem
1375 1397 298 91 appellaui.
1609 1397 170 91 Hanc

46 1451 341 94 ignorauerunt
323 1451 235 94 tempora
494 1451 320 94 apostolica,
750 1451 107 94 &
792 1451 256 94 quanquam
984 1451 171 94 olim
1091 1451 235 94 radices
1262 1451 192 94 agere
1390 1451 277 94 coeperit,
1582 1451 149 94 libe-

56 1516 126 80 ra
119 1516 188 80 tamen
244 1516 126 80 ab
307 1516 209 80 initio
454 1516 188 80 fuit.
579 1516 272 80 Praecepta
788 1516 188 80 demum
914 1516 105 80 &
956 1516 209 80 rigide
1102 1516 230 80 extorta
1270 1516 230 80 legitur
1437 1516 105 80 a
1479 1516 167 80 Rom.
1584 1516 188 80 Pont.

54 1561 134 99 in
121 1561 201 99 longe
255 1561 380 99 corruptissimo
568 1561 291 99 ecclesiae
791 1561 224 99 statu,
948 1561 201 99 nempe
1082 1561 156 99 cum
1171 1561 335 99 numeraretur
1439 1561 201 99 annus
1551 1561 179 99 domini

52 1632 298 74 millesimus
286 1632 340 74 ducentesimus
562 1632 404 74 decimusquintus,
902 1632 149 74 aut
988 1632 277 74 circiter.
1200 1632 298 74 Disputatum
1434 1632 149 74 est
1519 1632 191 74 tamen
1626 1632 106 74 per

57 1673 153 99 80.
144 1673 196 99 annos
275 1673 153 99 aut
362 1673 218 99 plures
515 1673 283 99 priusquam
733 1673 174 99 lege
842 1673 196 99 certa
973 1673 327 99 imponeretur
1235 1673 262 99 omnibus,
1431 1673 153 99 deo
1518 1673 131 99 ne
1562 1673 174 99 confi-

48 1729 162 97 teri
149 1729 182 97 satis
270 1729 162 97 sit,
371 1729 121 97 an
432 1729 263 97 sacerdoti
633 1729 202 97 quoque
775 1729 263 97 confiteri
977 1729 242 97 oporteat
1159 1729 121 97 ad
1219 1729 283 97 repurganda
1441 1729 242 97 peccata?
1603 1729 121 97 Hugo

53 1789 119 89 in
113 1789 179 89 libro
232 1789 119 89 de
292 1789 339 89 Ecclesiastica
571 1789 259 89 potestate
770 1789 219 89 ligandi
929 1789 100 89 &
969 1789 239 89 soluendi
1148 1789 139 89 sic
1228 1789 239 89 reliquit
1407 1789 259 89 scriptum,
1587 1789 139 89 Auda-

41 1853 170 75 cter
147 1853 191 75 dico,
274 1853 127 75 si
338 1853 170 75 ante
444 1853 297 75 sacerdotis
677 1853 339 75 absolutionem
953 1853 127 75 ad
1017 1853 318 75 communionem
1271 1853 255 75 corporis
1462 1853 106 75 &
1484 1853 233 75 sanguinis

46 1901 205 84 domini
190 1901 164 84 quis
293 1901 308 84 accesserit,
539 1901 144 84 pro
622 1901 185 84 certo
745 1901 164 84 sibi
848 1901 247 84 manducat
1033 1901 103 84 &
1074 1901 185 84 bibit
1197 1901 267 84 iudicium,
1402 1901 226 84 etiamsi
1567 1901 144 84 eum
1628 1901 103 84 mul

46 1966 153 75 tum
133 1966 283 75 poeniteat
351 1966 109 75 &
395 1966 305 75 uehementer
635 1966 218 75 doleat
787 1966 109 75 &
831 1966 327 75 ingemiscat.
1093 1966 174 75 Haec
1202 1966 174 75 Hugo
1311 1966 196 75 certe
1442 1966 262 75 audacter
1616 1966 109 75 di-

46 2009 172 88 xit,
153 2009 172 88 nisi
260 2009 214 88 falsum
410 2009 150 88 nos
496 2009 214 88 doceat
646 2009 214 88 uerbum
796 2009 172 88 dei.
903 2009 236 88 Floruit
1075 2009 150 88 hic
1161 2009 214 88 author
1311 2009 193 88 circa
1439 2009 193 88 annum
1546 2009 172 88 domini

53 2070 191 77 1130.
180 2070 233 77 Secutus
349 2070 148 77 est
434 2070 169 77 hunc
540 2070 148 77 non
624 2070 148 77 ita
709 2070 191 77 longo
836 2070 296 77 interuallo
1069 2070 212 77 Petrus
1217 2070 296 77 Lombardus,
1450 2070 191 77 uulgo
1577 2070 191 77 Magi

46 2123 170 82 ster
152 2123 340 82 sententiarum
429 2123 319 82 appellatus,
684 2123 234 82 nimirum
854 2123 170 82 quod
960 2123 298 82 sententias
1194 2123 213 82 patrum
1343 2123 319 82 collegerit,
1598 2123 106 82 &
1620 2123 106 82 do-

49 2176 240 97 ctrinam
224 2176 218 97 patrum
376 2176 218 97 ueluti
529 2176 153 97 per
616 2176 305 97 compendium
855 2176 196 97 mundo
986 2176 349 97 proposuerit:
1269 2176 131 97 de
1335 2176 196 97 cuius
1466 2176 196 97 opere
1574 2176 153 97 quale

41 2231 145 96 sit
124 2231 166 96 nunc
228 2231 145 96 non
311 2231 291 96 pronuncio.
540 2231 270 96 Eloruisse
747 2231 228 96 putatur
913 2231 187 96 circa
1038 2231 187 96 annum
1162 2231 208 96 domini
1308 2231 187 96 1150.
1432 2231 125 96 Is
1474 2231 249 96 Sententia-

38 2302 142 66 rum
119 2302 162 66 lib.
220 2302 102 66 4
261 2302 264 66 distinct.
464 2302 142 66 17.
545 2302 102 66 &
586 2302 142 66 18.
667 2302 122 66 ex
728 2302 203 66 patrum
870 2302 305 66 authoritate
1114 2302 203 66 primum
1256 2302 223 66 indicat
1418 2302 264 66 sufficere
1601 2302 122 66 con-

41 2346 268 88 fessionem
247 2346 288 88 peccatorum
474 2346 165 88 soli
577 2346 144 88 deo
659 2346 227 88 factam.
824 2346 206 88 Deinde
968 2346 185 88 alias
1092 2346 247 88 subijcit
1277 2346 288 88 sententias
1483 2346 247 88 contrarium

58 2398 263 93 docentes.
260 2398 243 93 Postremo
442 2398 142 93 sua
523 2398 182 93 etiam
645 2398 304 93 interposita
887 2398 263 93 sententia
1090 2398 283 93 concludit,
1312 2398 121 93 Ex
1373 2398 142 93 his
1434 2398 283 93 indubitanter

54 2464 319 87 ostenditur,
309 2464 255 87 oportere
501 2464 149 87 deo
586 2464 234 87 primum,
756 2464 106 87 &
799 2464 213 87 deinde
948 2464 277 87 sacerdoti
1161 2464 234 87 offerre
1331 2464 362 87 confessionem,
1608 2464 106 87 nec

38 2512 198 90 aliter
177 2512 179 90 posse
296 2512 258 90 perueniri
494 2512 119 90 ad
554 2512 258 90 ingressum
752 2512 258 90 paradysi,
951 2512 119 90 si
1010 2512 179 90 adsit
1129 2512 258 90 facultas.
1327 2512 179 90 Item,
1446 2512 317 90 Certificatum

41 2572 159 78 est,
141 2572 159 78 quod
240 2572 139 78 non
320 2572 239 78 sufficit
499 2572 259 78 confiteri
698 2572 139 78 deo
777 2572 159 78 sine
877 2572 259 78 sacerdote
1075 2572 99 78 :
1115 2572 139 78 nec
1195 2572 139 78 est
1274 2572 159 78 uere
1374 2572 219 78 humilis
1533 2572 99 78 &
1553 2572 159 78 poeni-

52 2636 185 71 tens,
176 2636 123 71 si
237 2636 144 71 non
319 2636 267 71 desiderat
524 2636 103 71 &
565 2636 246 71 requirit
750 2636 287 71 sacerdotis
976 2636 267 71 iudicium.
1181 2636 185 71 Petro
1304 2636 246 71 Lombardo
1488 2636 164 71 fuit
1570 2636 144 71 magis

35 2676 280 89 ingenuus
245 2676 304 89 Gratianus
479 2676 327 89 Decretorum
736 2676 421 89 consarcinator,
1086 2676 164 89 qui
1180 2676 210 89 eodem
1320 2676 164 89 cum
1413 2676 280 89 Lombardo
1600 2676 117 89 cla

45 2738 155 89 ruit
142 2738 233 89 tempore.
317 2738 175 89 Nihil
433 2738 117 89 is
492 2738 175 89 certi
608 2738 233 89 definit,
783 2738 136 89 sed
861 2738 253 89 proposits
1055 2738 117 89 in
1114 2738 233 89 utranque
1288 2738 194 89 partem
1424 2738 292 89 sententijs,
1658 2738 97 89 &

53 2794 164 89 quod
156 2794 226 89 peccata
320 2794 246 89 oporteat
505 2794 267 89 confiteri
710 2794 287 89 sacerdoti,
936 2794 103 89 &
977 2794 164 89 quod
1079 2794 144 89 non
1161 2794 267 89 oporteat,
1366 2794 246 89 iudicium
1530 2794 185 89 lectori

38 2852 234 90 liberum
208 2852 298 90 permittit.
442 2852 149 90 Sic
527 2852 170 90 enim
634 2852 298 90 concludit,
868 2852 213 90 Quibus
1017 2852 383 90 authoritatibus
1336 2852 149 90 uel
1421 2852 298 90 rationibus
1634 2852 85 90 u-

50 2917 206 68 traque
195 2917 268 68 sententia
400 2917 329 68 confessionis
668 2917 103 68 &
709 2917 371 68 satisfactionis
1018 2917 288 68 innitatur,
1244 2917 124 68 in
1306 2917 206 68 medium
1450 2917 247 68 breuiter
1615 2917 103 68 ex-

33 2966 287 84 posuimus.
253 2966 154 84 Cui
342 2966 198 84 autem
474 2966 198 84 horum
606 2966 221 84 potius
761 2966 331 84 adhaerendum
1025 2966 176 84 sit,
1136 2966 265 84 lectoris
1334 2966 243 84 iudicio
1488 2966 221 84 reserua-

39 3030 176 94 tur.
149 3030 243 94 Vtraque
326 3030 176 94 enim
436 3030 265 94 fautores
634 3030 198 94 habet
767 3030 287 94 sapientes
987 3030 110 94 &
1031 3030 309 94 religiosos
1274 3030 221 94 uiros.
1428 3030 176 94 Haec
1517 3030 198 94 Gratia
