2288 3632
36 305 148 78 non
120 305 232 78 habitos
289 305 148 78 pro
374 305 317 78 haereticis,
627 305 148 78 qui
711 305 317 78 affirmarunt
964 305 338 78 confessionem
1239 305 169 78 soli
1344 305 169 78 deo,
1429 305 295 78 sacerdotibus

43 371 316 73 praeteritis,
300 371 218 73 factam,
458 371 257 73 sufficere
656 371 257 73 fidelibus
854 371 99 73 :
894 371 237 73 caeterum
1071 371 158 73 post
1170 371 237 73 decretum
1348 371 119 73 ab
1408 371 158 73 illo
1506 371 218 73 aeditum
1645 371 79 73 de

49 428 310 76 confessione,
301 428 174 76 etiam
417 428 213 76 proprio
572 428 252 76 sacerdoti
766 428 252 76 facienda,
959 428 271 76 haereticos
1172 428 252 76 iudicari,
1366 428 233 76 docentes
1541 428 155 76 soli
1618 428 97 76 deo

46 484 299 71 confiteri.
281 484 193 71 Quasi
409 484 171 71 uero
516 484 321 71 Innocentius
773 484 257 71 potuerit
965 484 193 71 nouum
1094 484 235 71 condere
1265 484 193 71 fidei
1393 484 214 71 dogma,
1543 484 150 71 quo
1607 484 107 71 ca-

54 536 153 69 ruit
150 536 230 69 ecclesia
322 536 172 69 annis
437 536 96 69 a
475 536 211 69 Christo
628 536 172 69 1200.
743 536 96 69 &
781 536 230 69 amplius.
953 536 115 69 Si
1011 536 191 69 itaque
1145 536 153 69 isti
1241 536 134 69 qui
1317 536 153 69 ante
1413 536 287 69 Innocentium
1623 536 96 69 ui-

50 602 219 70 xerunt
204 602 198 70 omnes
335 602 395 70 subterfugerunt
665 602 285 70 haereseos
884 602 285 70 iudicium:
1103 602 132 70 si
1169 602 285 70 Nectarius
1389 602 154 70 cum
1455 602 263 70 Constanti-

46 653 295 59 nopolitana
278 653 253 59 ecclesia
468 653 148 59 non
552 653 253 59 damnatus
742 653 253 59 legitur,
932 653 232 59 propter
1101 653 359 59 exhomologesim
1396 653 274 59 abrogatam
1586 653 127 59 eie-

54 703 220 76 ctamque
214 703 120 76 ex
274 703 260 76 ecclesia,
474 703 160 76 quae
573 703 180 76 tamen
693 703 280 76 auriculari
913 703 300 76 confessione
1153 703 220 76 uidetur
1312 703 200 76 fuisse
1432 703 280 76 praestantior

48 769 212 72 multo:
196 769 169 72 nemo
302 769 169 72 pius
408 769 169 72 haud
514 769 191 72 dubie
641 769 318 72 condemnabit
895 769 169 72 nos,
1001 769 148 72 qui
1086 769 233 72 fatemur
1255 769 275 72 diuinitus
1467 769 297 72 institutam

53 816 363 84 confessionem,
352 816 171 84 quae
459 816 192 84 fieri
587 816 192 84 solet
715 816 150 84 deo
800 816 107 84 &
843 816 256 84 proximo:
1035 816 256 84 duntaxat
1228 816 192 84 autem
1356 816 299 84 explodimus
1569 816 150 84 arca-

56 876 149 77 nam
141 876 192 77 illam
269 876 384 77 auricularemque
589 876 363 77 confessionem,
887 876 213 77 utpote
1037 876 171 77 plus
1143 876 341 77 incommodorum
1420 876 277 77 ecclesiae
1612 876 107 77 dei

45 925 302 63 afferentem
283 925 173 63 quam
391 925 259 63 honestae
585 925 367 63 commoditatis.

120 978 123 91 Et
181 978 163 91 quia
283 978 245 91 hactenus
467 978 123 91 de
528 978 306 91 Confessione
773 978 286 91 auriculari
998 978 204 91 arcana
1141 978 163 91 haec
1243 978 245 91 diximus,
1427 978 143 91 cui
1508 978 266 91 tractatio

50 1030 119 93 de
110 1030 336 93 Satisfactione
387 1030 257 93 adhaeret,
584 1030 218 93 dicerem
743 1030 237 93 nonnihil
921 1030 99 93 &
960 1030 119 93 de
1020 1030 139 93 hac
1099 1030 139 93 uel
1178 1030 119 93 ex
1237 1030 317 93 necessitate,
1495 1030 158 93 nisi
1594 1030 119 93 de
1633 1030 99 93 ea-

46 1094 232 87 quantum
214 1094 189 87 satis
341 1094 168 87 est,
446 1094 337 87 disseruissem
720 1094 126 87 in
783 1094 189 87 alijs
909 1094 295 87 Sermonibus
1141 1094 189 87 huius
1267 1094 232 87 operis,
1435 1094 189 87 uelut
1541 1094 168 87 Decad.

53 1147 156 96 Ser.
150 1147 117 96 6.
208 1147 97 96 &
247 1147 117 96 9.
305 1147 156 96 item
403 1147 117 96 in
461 1147 195 96 Decad.
597 1147 117 96 3.
656 1147 136 96 ubi
733 1147 214 96 disputo
889 1147 117 96 de
947 1147 350 96 afflictionibus
1239 1147 272 96 sanctorum,
1453 1147 156 96 item
1531 1147 175 96 eiusdem

58 1203 215 96 Decad,
208 1203 172 96 Ser.
316 1203 151 96 10.
402 1203 108 96 &
445 1203 215 96 Decad.
595 1203 129 96 4.
659 1203 151 96 ubi
746 1203 215 96 tracto
896 1203 323 96 euangelium.
1154 1203 215 96 Docent
1305 1203 301 96 Sacerdotes
1541 1203 108 96 &
1563 1203 151 96 Mona-

57 1261 154 89 chi,
153 1261 135 89 non
230 1261 174 89 satis
346 1261 154 89 esse
442 1261 116 89 ad
500 1261 289 89 expiationem
732 1261 212 89 peccati
886 1261 309 89 poenitentiam
1137 1261 96 89 &
1175 1261 174 89 fidem
1291 1261 116 89 in
1349 1261 251 89 Christum,
1541 1261 154 89 nisi
1619 1261 96 89 ac-

49 1322 187 92 cedat
174 1322 104 92 &
216 1322 312 92 satisfactio
466 1322 271 92 nostrorum
674 1322 229 92 operum:
840 1322 167 92 quae
945 1322 312 92 comemorant,
1194 1322 229 92 saccum,
1361 1322 250 92 ieiunia,
1528 1322 187 92 lachry-

55 1378 159 88 mas,
155 1378 219 88 preces,
314 1378 318 88 eleemosynas,
573 1378 299 88 oblationes,
811 1378 239 88 corporis
991 1378 318 88 afflictiones
1249 1378 219 88 uarias,
1408 1378 259 88 passagia,
1607 1378 100 88 &
1627 1378 80 88 hi

50 1427 235 92 similia
220 1427 278 92 permulta.
434 1427 149 92 Nam
519 1427 149 92 his
605 1427 214 92 poenam
754 1427 256 92 peccatis
946 1427 235 92 (quorum
1117 1427 214 92 culpam
1267 1427 256 92 duntaxat
1459 1427 299 92 condonatam

51 1489 195 88 aiunt)
187 1489 234 88 debitam,
363 1489 137 88 ceu
441 1489 176 88 nimbo
557 1489 195 88 effuso
694 1489 195 88 deleri
831 1489 273 88 affirmant.
1045 1489 117 88 At
1104 1489 137 88 nos
1182 1489 234 88 docuimus
1357 1489 117 88 ex
1416 1489 273 88 scripturis
1611 1489 98 88 ca-

52 1555 251 79 nonicis,
240 1555 167 79 deum
345 1555 146 79 non
429 1555 209 79 tantum
575 1555 209 79 culpam
722 1555 314 79 peccatorum,
973 1555 146 79 sed
1056 1555 105 79 &
1098 1555 209 79 poenam
1245 1555 272 79 condonare
1454 1555 230 79 gratis.
1600 1555 105 79 Do-

47 1594 195 88 cuimus
183 1594 214 88 homines
339 1594 136 88 non
417 1594 136 88 per
495 1594 175 88 opera
612 1594 97 88 &
651 1594 195 88 merita
787 1594 136 88 sua
865 1594 312 88 iustificari,
1118 1594 136 88 sed
1196 1594 156 88 mera
1294 1594 136 88 dei
1372 1594 195 88 gratia
1508 1594 136 88 per
1567 1594 136 88 fidem

42 1647 157 93 Iesu
141 1647 236 93 Christi.
318 1647 216 93 Alioqui
475 1647 157 93 enim
573 1647 216 93 frustra
730 1647 197 93 carnem
868 1647 275 93 induisset,
1084 1647 98 93 &
1123 1647 118 93 in
1182 1647 197 93 mortem
1320 1647 197 93 crucis
1438 1647 275 93 acerbissimam

52 1705 157 103 sese
151 1705 295 103 tradidisset
387 1705 256 103 Christus.
584 1705 138 103 lam
663 1705 236 103 addimus,
840 1705 118 103 Si
899 1705 138 103 non
978 1705 138 103 per
1056 1705 177 103 opera
1174 1705 335 103 iustificamur:
1450 1705 157 103 ergo
1549 1705 138 103 nec
1608 1705 98 103 ope

53 1771 186 69 ribus
178 1771 228 69 nostris
343 1771 331 69 satisfacimus
612 1771 145 69 pro
695 1771 269 69 peccatis.
902 1771 145 69 Nam
985 1771 166 69 quod
1089 1771 207 69 summam
1234 1771 228 69 attinet
1399 1771 290 69 (discrimem
1606 1771 104 69 in-

47 1822 182 90 terim
168 1822 223 90 aliquod
331 1822 243 90 agnosco,
513 1822 142 90 non
594 1822 243 90 utranque
777 1822 264 90 confundo)
979 1822 122 90 in
1040 1822 162 90 idem
1141 1822 243 90 recidunt
1324 1822 324 90 iustificatio
1587 1822 101 90 &
1608 1822 101 90 sa-

47 1884 277 77 tisfactio.
265 1884 356 77 lustificatione
562 1884 218 77 Christi
720 1884 297 77 absoluimur.
958 1884 337 77 Satisfactione
1235 1884 218 77 Christi
1393 1884 297 77 absoluimur,
1611 1884 99 77 uel

54 1933 195 93 potius
191 1933 215 93 propter
347 1933 176 93 ipsam
464 1933 293 93 absoluimur.
699 1933 234 93 Christus
874 1933 137 93 est
952 1933 234 93 iustitia
1128 1933 195 93 nostra
1265 1933 98 93 :
1304 1933 156 93 ergo
1401 1933 98 93 &
1421 1933 273 93 satisfactio.

55 1995 118 86 In
114 1995 215 86 Christo
271 1995 137 86 est
349 1995 313 86 redemptionis
604 1995 235 86 pretium,
780 1995 137 86 non
859 1995 118 86 in
917 1995 196 86 nobis.
1055 1995 118 86 Si
1113 1995 137 86 pro
1192 1995 274 86 nobisipsis
1407 1995 333 86 satisfacimus,

48 2053 217 76 pretium
206 2053 315 76 redemptionis
462 2053 138 76 est
541 2053 118 76 in
600 2053 295 76 nobisipsis.
836 2053 177 76 Sumus
954 2053 158 76 ergo
1053 2053 158 76 ipsi
1151 2053 276 76 nobisipsis
1368 2053 217 76 Christi
1526 2053 98 76 &
1545 2053 158 76 salua-

47 2110 211 77 tores.
194 2110 126 77 Id
258 2110 169 77 quod
363 2110 253 77 Christum
553 2110 232 77 abolet,
721 2110 105 77 &
764 2110 232 77 iccirco
932 2110 232 77 extreme
1101 2110 295 77 blasphemum
1333 2110 169 77 est.
1438 2110 190 77 Moses
1564 2110 126 77 in
1607 2110 105 77 sua

53 2154 164 84 lege
156 2154 185 84 nullo
279 2154 226 84 negotio
444 2154 185 84 omnia
567 2154 123 84 de
629 2154 349 84 satisfactione
916 2154 205 84 operum
1060 2154 267 84 nostrorum
1266 2154 267 84 argumenta
1450 2154 247 84 dissoluit.

49 2209 308 90 Describens
291 2209 176 90 enim
401 2209 220 90 formam
555 2209 264 90 expiandi
753 2209 264 90 peccata,
951 2209 198 90 nihil
1083 2209 132 90 in
1149 2209 242 90 hominum
1325 2209 264 90 operibus
1501 2209 198 90 consti-

54 2277 177 74 tuit,
172 2277 138 74 sed
251 2277 177 74 totum
369 2277 118 74 in
428 2277 315 74 sacrificijs.
684 2277 177 74 Atqui
802 2277 138 74 his
881 2277 197 74 unicum
1019 2277 217 74 Christi
1176 2277 295 74 sacrificium
1413 2277 335 74 praefiguratum

49 2337 188 79 esse,
174 2337 271 79 concordes
383 2337 229 79 fatemur
549 2337 208 79 omnes.
695 2337 167 79 Huic
800 2337 229 79 accedit
966 2337 167 79 quod
1071 2337 208 79 unicam
1217 2337 167 79 noui
1321 2337 292 79 testamenti
1529 2337 167 79 praedi

54 2390 175 73 catio
170 2390 97 73 &
209 2390 253 73 promissio
404 2390 156 73 illa
502 2390 156 73 est,
599 2390 234 73 Placatus
775 2390 136 73 ero
853 2390 175 73 super
969 2390 292 73 iniustitijs
1203 2390 175 73 eorum
1320 2390 97 73 &
1359 2390 253 73 peccatis,
1554 2390 117 73 ac
1593 2390 117 73 ini-

48 2448 248 73 quitatum
235 2448 186 73 eorum
359 2448 145 73 non
442 2448 290 73 recordabor
669 2448 248 73 amplius.
855 2448 145 73 Vbi
938 2448 186 73 autem
1062 2448 186 73 talis
1187 2448 145 73 est
1269 2448 269 73 remissio,
1476 2448 145 73 ibi
1559 2448 186 73 nulla

57 2503 142 71 est
138 2503 222 71 oblatio
299 2503 142 71 uel
380 2503 303 71 satisfactio
623 2503 142 71 pro
704 2503 243 71 peccato.
886 2503 142 71 His
967 2503 162 71 adde
1068 2503 162 71 quod
1169 2503 243 71 credimus
1351 2503 303 71 remissionem
1574 2503 121 71 pec-

58 2562 232 70 catorum.
232 2562 116 70 Si
290 2562 155 70 uero
386 2562 213 70 debitor
541 2562 251 70 creditori
734 2562 290 70 satisfacit,
966 2562 155 70 quid
1062 2562 135 70 hic
1140 2562 135 70 oro
1217 2562 251 70 remittit?
1410 2562 251 70 Articulus
1584 2562 116 70 ergo

50 2604 145 100 hic
133 2604 187 100 fidei
258 2604 104 100 &
299 2604 249 100 primaria
486 2604 270 100 promissio
694 2604 104 100 &
735 2604 311 100 praedicatio
984 2604 291 100 testamenti
1213 2604 166 100 noui
1317 2604 270 100 subruitur
1503 2604 208 100 doctrina

52 2660 126 75 de
115 2660 422 75 Satisfactionibus
474 2660 274 75 nostrorum
684 2660 148 75 pro
769 2660 253 75 peccatis
937 2660 190 75 operum,

126 2713 285 96 Agnoscimus
349 2713 285 96 lachrymas,
573 2713 244 96 ieiunia,
756 2713 224 96 saccum,
919 2713 325 96 eleemosynas,
1183 2713 102 96 &
1224 2713 163 96 alia
1326 2713 264 96 pietatis,
1509 2713 203 96 humilia-

44 2777 211 84 tionis,
197 2777 326 84 charitatisque
466 2777 173 84 opera
581 2777 153 84 suum
677 2777 173 84 locum
792 2777 192 84 habere
926 2777 115 84 in
983 2777 307 84 poenitentia.
1233 2777 115 84 De
1290 2777 134 84 qua
1367 2777 115 84 re
1424 2777 211 84 dicetur
1578 2777 134 84 suo
1635 2777 77 84 lo

42 2831 143 86 co:
123 2831 143 86 sed
205 2831 143 86 his
286 2831 285 86 satisfieri
510 2831 143 86 pro
591 2831 244 86 peccatis
775 2831 224 86 negamus
937 2831 183 86 modis
1060 2831 244 86 omnibus,
1243 2831 122 86 ne
1304 2831 224 86 pretium
1467 2831 285 86 redemptio

54 2890 139 76 nis
134 2890 218 76 Christi
292 2890 278 76 euacuemus.
511 2890 278 76 Agnoscimus
729 2890 218 76 alicubi
888 2890 159 76 dmim
987 2890 119 76 de
1047 2890 139 76 ijs
1126 2890 258 76 sumpsisse
1325 2890 278 76 supplicium
1543 2890 139 76 uel
1603 2890 99 76 poe

46 2950 152 93 nam
133 2950 218 93 quibus
286 2950 261 93 peccatum
482 2950 327 93 condonarat,
743 2950 131 93 ut
808 2950 131 93 de
874 2950 196 93 Adamo
1004 2950 109 93 &
1048 2950 152 93 Eua
1135 2950 305 93 parentibus
1374 2950 261 93 nostris,
1570 2950 131 93 ac
1614 2950 87 93 de
