2288 3632
533 308 206 90 Dauide
678 308 165 90 rege
781 308 247 90 adultero
966 308 103 90 &
1007 308 288 90 parricida.
1234 308 144 90 Sed
1316 308 350 90 demostrauimus
1605 308 330 90 afffictiones
1873 308 185 90 illas
1996 308 144 90 non
2058 308 165 90 fuisse

527 377 357 73 satisfactiones
825 377 139 73 pro
904 377 258 73 peccatis,
1103 377 159 73 quae
1202 377 278 73 condonarat
1421 377 179 73 deus,
1540 377 139 73 sed
1619 377 258 73 exercitia
1818 377 298 73 disciplinae
2056 377 99 73 &
2076 377 139 73 humi-

533 426 251 90 liationis
726 426 155 90 dei,
823 426 271 90 retinentis
1035 426 135 90 sic
1112 426 155 90 suos
1209 426 116 90 in
1267 426 232 90 officio,
1441 426 348 90 declarantisque
1731 426 213 90 omnibus
1885 426 155 90 quam
1982 426 174 90 odiat
2079 426 135 90 scele

530 487 149 84 ra,
615 487 191 84 licet
742 487 170 84 ipsa
849 487 255 84 condonet
1040 487 234 84 gratis.
1210 487 170 84 Ergo
1316 487 128 84 ne
1380 487 234 84 propter
1550 487 276 84 gratuitam
1762 487 298 84 remisionem
1996 487 128 84 ad
2039 487 191 84 peccan-

541 539 142 81 dum
622 539 223 81 faciles
784 539 202 81 simus,
925 539 263 81 supplicia
1127 539 223 81 irrogat
1289 539 142 81 eis
1370 539 162 81 quos
1471 539 182 81 nobis
1593 539 223 81 statuit
1755 539 243 81 exempla.
1937 539 182 81 Neque
2038 539 182 81 legimus

543 612 210 62 sanctos
696 612 344 62 afflictionibus
983 612 153 62 suis
1078 612 287 62 simpliciter
1308 612 249 62 tribuisse
1499 612 363 62 iustificationis
1805 612 134 62 aut
1882 612 344 62 satisfactionis
2149 612 77 62 be

541 666 280 65 neficium.
757 666 280 65 Consilium
973 666 216 65 quidem
1124 666 151 65 dat
1210 666 259 65 propheta
1404 666 216 65 Daniel
1555 666 345 65 potentissimo
1835 666 172 65 regi
1921 666 302 65 Nabuchodono-

541 709 180 81 sori,
661 709 100 81 &
701 709 160 81 ait,
801 709 220 81 Peccata
960 709 140 81 tua
1040 709 120 81 in
1100 709 240 81 iustitia
1280 709 299 81 redimantur,
1519 709 100 81 &
1559 709 299 81 iniquitates
1799 709 160 81 tuae
1899 709 120 81 in
1939 709 279 81 misericordia

540 780 267 74 pauperum.
746 780 144 74 Sed
828 780 144 74 ita
910 780 226 74 futurae
1075 780 185 74 regis
1198 780 206 74 uitae,
1342 780 103 74 &
1383 780 391 74 administrationi
1712 780 206 74 regni,
1856 780 288 74 praeceptum
2062 780 164 74 datur.

547 819 317 82 Oppresserat
801 819 254 82 hactenus
991 819 212 82 multas
1139 819 212 82 gentes
1287 819 169 82 rex,
1393 819 106 82 &
1435 819 254 82 peccarat
1626 819 402 82 immisericordia:
1964 819 212 82 suadet
2091 819 127 82 ergo

551 874 117 82 ut
609 874 175 82 uitae
726 874 175 82 genus
842 874 253 82 pristinum
1037 874 195 82 mutet,
1173 874 97 82 &
1212 874 253 82 iustitiam
1407 874 195 82 colat,
1543 874 389 82 beneficentiamque
1874 874 234 82 praestet
2029 874 195 82 omnibus,

545 946 232 66 Proinde
713 946 147 66 non
798 946 253 66 loquitur
987 946 126 66 de
1050 946 358 66 satisfactione
1345 946 147 66 pro
1430 946 253 66 peccatis
1619 946 169 66 apud
1724 946 190 66 deum,
1851 946 147 66 sed
1935 946 169 66 apud
2019 946 211 66 homines.

552 987 143 81 Non
633 987 163 81 enim
735 987 143 81 est
817 987 123 81 in
878 987 163 81 alio
981 987 225 81 quoquam
1144 987 184 81 salus
1267 987 163 81 quam
1369 987 123 81 in
1430 987 245 81 Christo.
1614 987 163 81 Quod
1716 987 123 81 si
1777 987 163 81 quis
1880 987 327 81 pertinaciter
2125 987 102 81 in-

551 1048 221 76 haereat
712 1048 241 76 literae,
893 1048 221 76 dicimus
1054 1048 262 76 lustitiam
1255 1048 342 76 Christianorum
1537 1048 161 76 esse
1637 1048 201 76 fidem,
1778 1048 141 76 qua
1859 1048 221 76 proprie
2000 1048 221 76 expiantur

560 1108 238 84 peccata:
738 1108 178 84 fidem
857 1108 178 84 autem
976 1108 139 84 non
1055 1108 158 84 esse
1154 1108 158 84 sine
1253 1108 317 84 beneficentia
1511 1108 139 84 uel
1590 1108 277 84 charitate,
1808 1108 139 84 cui
1887 1108 257 84 improprie
2066 1108 158 84 tribui

555 1159 145 93 tur
638 1159 352 93 iustificatio.
928 1159 124 93 De
991 1159 145 93 qua
1073 1159 124 93 re
1136 1159 166 93 dixi
1239 1159 145 93 cum
1322 1159 290 93 disputarem
1550 1159 124 93 de
1612 1159 187 93 Bonis
1716 1159 228 93 operibus.

627 1208 175 88 Ergo
737 1208 153 88 cum
824 1208 131 88 S.
890 1208 219 88 Petrus
1043 1208 131 88 ex
1108 1208 263 88 Solomone
1305 1208 328 88 pronunciat,
1568 1208 263 88 Charitas
1765 1208 241 88 opperit
1918 1208 306 88 multitudinem

552 1269 311 91 peccatorum,
801 1269 290 91 opperiendi
1028 1269 228 91 uerbum,
1194 1269 145 91 non
1277 1269 145 91 pro
1360 1269 248 91 expiandi
1546 1269 290 91 usurpatur:
1774 1269 166 91 solo
1877 1269 166 91 enim
1981 1269 228 91 Christi
2126 1269 104 91 san

562 1322 189 91 guine
688 1322 273 91 expiantur
897 1322 105 91 &
939 1322 273 91 purgantur
1149 1322 252 91 peccata,
1338 1322 147 91 sed
1421 1322 147 91 pro
1505 1322 293 91 auertendi.
1736 1322 126 91 Vt
1799 1322 168 91 enim
1904 1322 147 91 sui
1987 1322 168 91 amor
2071 1322 168 91 omnium

564 1381 155 78 fere
660 1381 232 78 scelerum
835 1381 174 78 origo
951 1381 155 78 est:
1048 1381 136 78 ita
1125 1381 232 78 charitas
1299 1381 194 78 omnium
1435 1381 155 78 pene
1532 1381 232 78 scelerum
1706 1381 310 78 propulsatrix
1958 1381 252 78 creditur.
2132 1381 97 78 Di-

560 1439 211 72 lectio
707 1439 168 72 enim
813 1439 232 72 proximo
981 1439 189 72 malum
1107 1439 147 72 non
1191 1439 274 72 operatur.
1402 1439 147 72 lam
1486 1439 168 72 quod
1591 1439 295 72 sententiam
1823 1439 337 72 euangelicam,
2076 1439 147 72 ipsa-

562 1499 232 76 inquam,
731 1499 295 76 saluatoris
963 1499 190 76 uerba
1089 1499 295 76 obiiciunt,
1322 1499 317 76 Remittantur
1575 1499 232 76 peccata
1744 1499 169 76 eius
1849 1499 211 76 multa,
1997 1499 232 76 quoniam
2145 1499 84 76 di

571 1556 177 77 lexit
689 1556 216 77 multum:
846 1556 137 77 non
925 1556 294 77 intelligunt
1160 1556 118 77 aa
1219 1556 157 77 quod
1317 1556 157 77 fere
1415 1556 235 77 redditur
1592 1556 137 77 per
1670 1556 177 77 quia,
1788 1556 137 77 uel
1866 1556 235 77 quoniam,
2043 1556 137 77 hic
2102 1556 137 77 illa-

567 1607 206 78 tionis
712 1607 165 78 esse
815 1607 206 78 notam,
959 1607 144 78 nec
1042 1607 186 78 alium
1166 1607 227 78 colligi
1331 1607 227 78 sensum,
1496 1607 165 78 quam
1599 1607 165 78 hunc
1702 1607 206 78 ipsum,
1846 1607 309 78 Remittantur
2073 1607 165 78 pecca-

564 1680 201 71 taeius
705 1680 201 71 multa,
845 1680 221 71 iccirco
1006 1680 221 71 dilexit
1167 1680 221 71 multum:
1328 1680 141 71 uel
1408 1680 161 71 unde
1508 1680 201 71 factum
1649 1680 141 71 est
1730 1680 161 71 quod
1830 1680 221 71 diligat
1991 1680 221 71 multum.
2132 1680 100 71 Nec

566 1719 272 75 torquemus
776 1719 147 75 hic
859 1719 189 75 uerba
985 1719 293 75 euangelica
1215 1719 126 75 ad
1278 1719 293 75 sententiam
1509 1719 335 75 repugnantem.
1781 1719 272 75 Praecedit
1991 1719 168 75 enim
2095 1719 126 75 in
2137 1719 105 75 hi-

562 1774 204 75 storia
704 1774 306 75 euangelica,
949 1774 285 75 Principio,
1173 1774 143 75 Cum
1254 1774 143 75 non
1336 1774 204 75 essent
1478 1774 265 75 soluendo,
1682 1774 224 75 donauit
1845 1774 265 75 utrisque.
2049 1774 122 75 Si
2089 1774 143 75 dona-

565 1823 165 84 uit,
668 1823 124 84 Si
730 1823 144 84 non
813 1823 185 84 erant
936 1823 268 84 soluendo:
1142 1823 165 84 ergo
1245 1823 144 84 non
1328 1823 227 84 remisit
1492 1823 227 84 propter
1657 1823 330 84 dilectionem.
1925 1823 227 84 Alioqui
2069 1823 165 84 soluis

557 1882 173 91 sent
666 1882 152 91 nec
752 1882 260 91 donasset
947 1882 282 91 quicquam.
1164 1882 217 91 Deinde
1316 1882 303 91 praecedit,
1554 1882 173 91 Vter
1663 1882 195 91 horum
1793 1882 368 91 plusldiliget?
2096 1882 152 91 Ait
2161 1882 87 91 Si

559 1946 170 69 mon,
665 1946 127 69 Is
728 1946 148 69 cui
813 1946 170 69 plus
919 1946 318 69 condonauit,
1173 1946 297 69 Respondere
1407 1946 170 69 ergo
1512 1946 233 69 dominus
1682 1946 191 69 aliud
1809 1946 191 69 nihil
1936 1946 233 69 potuit,
2106 1946 170 69 quam

568 1997 170 72 hoc,
674 1997 254 72 Plurimum
865 1997 170 72 huic
971 1997 233 72 mulieri
1140 1997 297 72 condonaui,
1374 1997 170 72 ideo
1480 1997 233 72 dilexit
1649 1997 276 72 plurimum.
1861 1997 170 72 Sic,
1967 1997 233 72 inquam,
2116 1997 127 72 dile

569 2056 169 69 ctio
674 2056 148 69 est
759 2056 127 69 ex
822 2056 295 69 remisione,
1054 2056 106 69 &
1096 2056 253 69 remissio
1286 2056 274 69 nequaquam
1497 2056 127 69 ex
1561 2056 317 69 dilectione.
1814 2056 148 69 Imo
1898 2056 253 69 sequitur
2067 2056 169 69 proti-

572 2120 167 59 nus,
677 2120 188 59 Dixit
802 2120 188 59 autem
928 2120 125 59 ad
990 2120 272 59 mulierem,
1199 2120 188 59 Fides
1325 2120 146 59 tua
1409 2120 209 59 saluam
1555 2120 125 59 te
1618 2120 209 59 fecit,
1764 2120 167 59 uade
1869 2120 146 59 cum
1952 2120 188 59 pace.
2057 2120 188 59 Conclu-

574 2166 185 73 dimus
698 2166 185 73 ergo,
822 2166 206 73 unicam
966 2166 165 73 modo
1069 2166 165 73 esse
1172 2166 371 73 satisfactionem
1481 2166 144 73 pro
1563 2166 247 73 peccatis
1749 2166 206 73 totius
1893 2166 206 73 mundi,
2037 2166 247 73 Christum

568 2234 197 75 utique
706 2234 216 75 oblatum
863 2234 138 75 pro
942 2234 197 75 nobis,
1079 2234 138 75 qui
1158 2234 157 75 fide
1256 2234 157 75 eius
1355 2234 256 75 efficimur
1531 2234 256 75 participes.

661 2286 347 71 uemadmodum
934 2286 198 71 uero
1058 2286 446 71 Satisfactiones
1429 2286 347 71 sacerdotum
1702 2286 124 71 &
1751 2286 347 71 monachorum
1999 2286 248 71 doctrina

558 2351 195 55 nobis
688 2351 259 55 obtrusas
883 2351 151 55 non
969 2351 324 55 agnoscimus,
1229 2351 151 55 ita
1315 2351 346 55 Indulgentias
1596 2351 324 55 pontificias
1856 2351 195 55 modis
1986 2351 238 55 omnibus
2137 2351 108 55 de-

564 2385 286 86 testamur.
784 2385 330 86 Appellarunt
1049 2385 176 86 isti
1159 2385 352 86 lndulgentias
1445 2385 286 86 beneficam
1665 2385 264 86 criminum
1864 2385 374 86 condonationem
2172 2385 110 86 &

570 2454 300 65 remissionem
810 2454 140 65 uel
890 2454 220 65 culpae,
1051 2454 140 65 uel
1131 2454 220 65 poenae,
1291 2454 140 65 uel
1371 2454 280 65 utriusque:
1591 2454 220 65 nimirum
1751 2454 120 65 ex
1811 2454 260 65 potestate
2012 2454 220 65 clauium
2152 2454 80 65 co

565 2513 172 70 lata
672 2513 107 70 a
715 2513 236 70 domino:
887 2513 107 70 &
930 2513 236 70 propter
1102 2513 236 70 meritum
1273 2513 279 70 sanguinis
1488 2513 258 70 martyrum
1682 2513 172 70 (ita
1789 2513 172 70 enim
1896 2513 301 70 loquuntur)
2111 2513 129 70 con-

576 2553 223 74 cedenda
738 2553 162 74 rite
839 2553 264 74 contritis
1042 2553 101 74 &
1083 2553 284 74 confessis.
1306 2553 203 74 Solent
1447 2553 162 74 enim
1549 2553 304 74 indulgentes
1792 2553 203 74 patres
1934 2553 223 74 rigorem
2096 2553 101 74 &
2116 2553 122 74 seue

579 2608 203 77 ritatem
726 2608 332 77 satisfactionis
1003 2608 129 77 suo
1077 2608 129 77 imr
1150 2608 184 77 asitam
1280 2608 240 77 arbitrio,
1464 2608 148 77 suis
1556 2608 166 77 illis
1667 2608 295 77 indulgentijs
1907 2608 184 77 rursus
2018 2608 221 77 remittere.

578 2665 195 74 Reuera
715 2665 176 74 sicut
833 2665 156 74 ille
930 2665 195 74 dixit,
1067 2665 195 74 Blanda
1204 2665 195 74 patrum
1341 2665 195 74 segnes
1478 2665 195 74 reddit
1614 2665 293 74 indulgentia
1849 2665 195 74 natos:
1986 2665 137 74 ita
2045 2665 195 74 indulgen

572 2738 167 60 tiae
677 2738 188 60 ueram
802 2738 335 60 poenitentiam
1074 2738 335 60 corruperunt.
1346 2738 230 60 Nullibi
1513 2738 167 60 uero
1618 2738 188 60 legas
1743 2738 335 60 pontificibus
2015 2738 188 60 talem
2120 2738 125 60 cla-

571 2790 174 76 uium
680 2790 304 76 potestatem
919 2790 174 76 esse
1028 2790 283 76 collatam,
1245 2790 217 76 qualem
1397 2790 174 76 isti
1506 2790 261 76 fingunt.
1702 2790 239 76 Legimus
1875 2790 217 76 quidem
2006 2790 239 76 apostolis

569 2836 204 73 claues
711 2836 183 73 datas
833 2836 163 73 esse
935 2836 102 73 a
976 2836 224 73 domino:
1139 2836 143 73 sed
1220 2836 143 73 hae
1302 2836 183 73 aliud
1424 2836 183 73 nihil
1546 2836 163 73 sunt
1648 2836 163 73 quam
1750 2836 306 73 ministerium
1974 2836 265 73 praedicandi

566 2896 303 76 euangelij.
804 2896 173 76 Quod
912 2896 151 76 suo
999 2896 173 76 loco
1107 2896 411 76 demonstrabimus.
1453 2896 303 76 Euangelium
1691 2896 195 76 autem
1821 2896 281 76 promittit
2037 2896 195 76 nobis
2145 2896 87 76 re

561 2946 270 82 misionem
763 2946 225 82 poenae
920 2946 112 82 &
965 2946 225 82 culpae
1122 2946 247 82 propter
1302 2946 270 82 Christum
1504 2946 270 82 fidemque
1706 2946 135 82 in
1773 2946 225 82 ipsum.
1931 2946 157 82 Hoc
2020 2946 202 82 ipsum
2133 2946 112 82 ad
