2288 3632
38 289 196 93 monet,
176 289 236 93 uenturos
353 289 118 93 in
412 289 157 93 fine
510 289 216 93 saeculi
667 289 216 93 homines
824 289 138 93 qui
903 289 216 93 dicturi
1060 289 177 93 sint,
1178 289 138 93 Nos
1256 289 177 93 sumus
1374 289 236 93 Christi,
1551 289 118 93 id
1590 289 118 93 est,

38 347 133 86 qui
114 347 114 86 ea
171 347 247 86 sibijpsis
362 347 228 86 tribuant
533 347 152 86 quae
628 347 190 86 solius
761 347 152 86 sunt
856 347 228 86 Christi,
1028 347 190 86 qualis
1161 347 247 86 praecipue
1351 347 133 86 est
1427 347 266 86 peccatorum
1618 347 95 86 re-

32 399 223 104 missio.
194 399 122 104 At
255 399 122 104 ab
315 399 142 104 his
396 399 223 104 fugere,
558 399 203 104 eosque
700 399 203 104 ueluti
842 399 284 104 seductores
1065 399 182 104 modis
1186 399 223 104 omnibus
1348 399 203 104 cauere
1470 399 243 104 praecipit.

29 440 188 107 Eadem
154 440 230 107 ueritas
322 440 293 107 euangelica
552 440 188 107 docet
677 440 230 107 fideles
844 440 167 107 solo
949 440 251 107 sanguine
1137 440 188 107 filij
1262 440 146 107 dei
1346 440 251 107 mundari.
1513 440 209 107 Indulgen

37 508 172 97 tiae
145 508 237 97 illorum
317 508 301 97 promittunt
554 508 280 97 hominibus
769 508 344 97 emundationem
1049 508 151 97 per
1135 508 280 97 sanguinem
1350 508 129 97 S.
1415 508 194 97 Petri
1544 508 108 97 &
1565 508 151 97 Pauli

26 556 303 99 beatorumque
269 556 263 99 martyrum.
471 556 162 99 Sunt
572 556 162 99 ergo
673 556 303 99 prophanatio
916 556 263 99 sanguinis
1118 556 182 99 filij
1240 556 162 99 dei.
1341 556 202 99 Sancti
1482 556 202 99 lauant
1604 556 101 99 sto

38 612 138 111 las
117 612 158 111 suas
216 612 118 111 in
275 612 237 111 sanguine
452 612 177 111 agni,
571 612 138 111 non
649 612 118 111 in
709 612 177 111 bulla
827 612 138 111 uel
906 612 158 111 arca
1004 612 375 111 indulgentiaria,
1320 612 138 111 non
1399 612 118 111 in
1458 612 237 111 sanguine
1615 612 99 111 mar

39 678 202 103 tyrum.
180 678 141 103 Imo
261 678 182 103 negat
382 678 162 103 ipse
483 678 222 103 Paulus.
645 678 141 103 nec
726 678 141 103 se,
807 678 141 103 nec
888 678 222 103 Petrum,
1049 678 141 103 nec
1130 678 182 103 ullum
1251 678 182 103 alium
1372 678 263 103 sanctorum
1575 678 141 103 pro
1635 678 81 103 ec

31 740 200 84 clesia
171 740 140 84 dei
251 740 300 84 crucifixum.
491 740 320 84 Indulgentiae
751 740 160 84 uero
851 740 140 84 ita
931 740 300 84 proponuntur
1171 740 200 84 nobis,
1311 740 120 84 ut
1371 740 240 84 uideatur
1551 740 160 84 deus
1631 740 80 84 no

23 783 146 114 bis
107 783 230 114 propter
274 783 272 114 sanguinem
483 783 251 114 martyrum
671 783 251 114 placatus
859 783 188 114 esse.
985 783 230 114 Pugnant
1152 783 167 114 ergo
1256 783 334 114 indulgentiae
1528 783 146 114 cum
1591 783 125 114 scri

28 849 188 97 ptura
153 849 313 97 apostolica.
404 849 188 97 Monui
530 849 167 97 aunt
634 849 125 97 in
697 849 230 97 Sermone
864 849 125 97 de
927 849 188 97 Bonis
1052 849 251 97 operibus
1240 849 125 97 in
1303 849 146 97 his
1387 849 188 97 Pauli
1512 849 230 97 uerbis,

23 901 225 96 Suppleo
186 901 123 96 in
247 901 225 96 corpore
411 901 164 96 meo,
513 901 123 96 ea
575 901 164 96 quae
677 901 266 96 supersunt
881 901 307 96 passionibus
1127 901 245 96 Christi,
1311 901 143 96 pro
1392 901 225 96 corpore
1556 901 184 96 eius,

27 967 159 91 quod
127 967 139 91 est
206 967 259 91 ecclesia,
405 967 318 91 supplementum
664 967 179 91 illud
783 967 139 91 non
863 967 219 91 referri
1022 967 119 91 ad
1082 967 159 91 opus
1182 967 299 91 expiationis
1420 967 239 91 Christi,
1580 967 119 91 quod

36 1015 294 97 consummatum
272 1015 157 97 est,
370 1015 157 97 nisi
468 1015 196 97 falsum
605 1015 314 97 testificatus
859 1015 137 97 sit
938 1015 216 97 ultimum
1095 1015 235 97 exhalans
1271 1015 255 97 spiritum,
1467 1015 216 97 dicens,
1604 1015 98 97 Con

27 1062 242 113 summatum
208 1062 161 113 est,
309 1062 141 113 sed
390 1062 121 113 ad
450 1062 141 113 eas
531 1062 323 113 afflictiones
793 1062 202 113 quibus
934 1062 222 113 Christi
1095 1062 222 113 membra,
1257 1062 121 113 id
1317 1062 141 113 est
1398 1062 242 113 fideles,
1559 1062 141 113 exer-

36 1126 200 98 centur
176 1126 200 98 cruce,
316 1126 180 98 quoad
436 1126 220 98 uiuunt,
595 1126 120 98 in
655 1126 140 98 hac
735 1126 200 98 carne.
875 1126 180 98 Certe
995 1126 220 98 dominus
1155 1126 320 98 afflictiones
1414 1126 220 98 illatas
1554 1126 140 98 fide-

32 1176 181 108 libus
153 1176 181 108 habet
273 1176 141 108 pro
354 1176 181 108 suis.
474 1176 181 108 Dixit
595 1176 161 108 enim
696 1176 201 108 Paulo,
836 1176 181 108 Saule
957 1176 201 108 Saule,
1098 1176 161 108 quid
1198 1176 121 108 me
1259 1176 302 108 persequeris
1500 1176 101 108 ?
1520 1176 181 108 Praete-

33 1242 130 87 rea
108 1242 130 87 cum
182 1242 185 87 dicit,
312 1242 130 87 Pro
386 1242 241 87 ecclesia,
571 1242 130 87 non
645 1242 260 87 intelligit
849 1242 130 87 pro
923 1242 260 87 expiatione
1127 1242 260 87 ecclesiae,
1331 1242 130 87 sed
1405 1242 130 87 pro
1461 1242 241 87 aedificatio

35 1296 119 93 ne
95 1296 178 93 atque
213 1296 257 93 profectu.
411 1296 119 93 Et
470 1296 198 93 graues
608 1296 99 93 a
648 1296 217 93 ludaeis
806 1296 336 93 persecutiones
1082 1296 257 93 sustinuit
1280 1296 198 93 Paulus
1418 1296 158 93 quod
1497 1296 198 93 Gentibus

16 1358 300 87 praedicaret
256 1358 300 87 euangelium.
496 1358 140 87 Sed
576 1358 100 87 &
616 1358 240 87 exemplum
796 1358 280 87 rarissimae
1016 1358 280 87 patientiae
1236 1358 120 87 in
1296 1358 160 87 ipso
1396 1358 260 87 ecclesiae
1576 1358 120 87 exhi

28 1406 168 88 beri
133 1406 273 88 oportuit.
342 1406 168 88 Quid
447 1406 168 88 quod
552 1406 147 88 iam
636 1406 189 88 dudum
762 1406 126 88 ab
825 1406 189 88 alijs
950 1406 231 88 obiecta
1118 1406 147 88 est
1202 1406 377 88 indulgentiarum
1495 1406 189 88 asserto

21 1463 181 94 ribus
141 1463 141 94 pia
222 1463 161 94 haec
322 1463 181 94 beati
443 1463 201 94 Leonis
583 1463 181 94 Papae
704 1463 261 94 sententia
905 1463 121 94 ex
965 1463 201 94 epist.
1106 1463 141 94 Si.
1186 1463 221 94 Quamuis
1347 1463 241 94 multorum
1507 1463 181 94 sancto-

13 1519 145 88 rum
96 1519 124 88 in
158 1519 269 88 conspectu
365 1519 207 88 domini
510 1519 166 88 mors
614 1519 249 88 pretiosa
800 1519 228 88 fuerit,
966 1519 228 88 nullius
1132 1519 186 88 tamen
1256 1519 207 88 sontis
1401 1519 228 88 occisio
1546 1519 145 88 propi

18 1565 200 109 tiatio
158 1565 160 109 fuit
258 1565 200 109 mundi.
397 1565 180 109 Item,
517 1565 240 109 Accepere
697 1565 200 109 iusti,
837 1565 140 109 non
916 1565 240 109 dederunt
1096 1565 240 109 coronas:
1276 1565 100 109 &
1316 1565 120 109 de
1376 1565 299 109 fortitudine
1595 1565 100 109 fi-

23 1627 205 100 delium
166 1627 164 100 nata
268 1627 164 100 sunt
370 1627 225 100 exempla
534 1627 307 100 patientiae,
779 1627 143 100 non
861 1627 164 100 dona
963 1627 286 100 iustitiae.
1188 1627 286 100 Singulares
1413 1627 205 100 quippe
1536 1627 143 100 eorum

17 1685 206 98 mortes
162 1685 206 98 fuere:
306 1685 144 98 nec
389 1685 248 98 alterius
575 1685 248 98 quispiam
760 1685 227 98 debitum
925 1685 144 98 suo
1008 1685 165 98 sine
1111 1685 289 98 persoluit,
1338 1685 144 98 cum
1421 1685 165 98 unus
1503 1685 186 98 extite-

8 1742 147 96 rit
92 1742 231 96 dominus
260 1742 273 96 Christus,
469 1742 126 96 in
532 1742 147 96 quo
616 1742 189 96 omnes
742 1742 294 96 crucifixi,
973 1742 189 96 omnes
1099 1742 231 96 mortui,
1267 1742 252 96 sepulti,
1434 1742 252 96 suscitati.

15 1786 173 115 Haec
123 1786 194 115 ille.
253 1786 216 115 Diuino
404 1786 173 115 ergo
512 1786 108 115 &
556 1786 216 115 humano
707 1786 302 115 testimonio
944 1786 259 115 euicimus
1139 1786 389 115 euidentissime,
1441 1786 238 115 indulgen-

19 1852 165 107 tias
123 1852 248 107 collatas
308 1852 330 107 peccatoribus
577 1852 124 107 ex
638 1852 206 107 merito
783 1852 144 107 uel
866 1852 248 107 thesauro
1051 1852 268 107 sanguinis
1258 1852 268 107 martyrum,
1464 1852 186 107 meras
1567 1852 124 107 esse

22 1900 126 87 in
85 1900 168 87 deum
190 1900 315 87 blasphemias
442 1900 105 87 &
484 1900 231 87 apertas
652 1900 126 87 in
715 1900 210 87 beatos
862 1900 252 87 martyres
1030 1900 231 87 iniurias.

85 1951 167 122 Dixi
190 1951 251 122 hactenus
378 1951 126 122 de
441 1951 335 122 Indulgentijs
713 1951 209 122 gratis
860 1951 230 122 quondam
1027 1951 251 122 collatis
1216 1951 105 122 a
1257 1951 356 122 pontificibus,
1550 1951 188 122 quam

12 2019 139 111 uis
91 2019 139 111 hae
171 2019 159 111 sint
270 2019 178 111 hodie
389 2019 178 111 rarae
508 2019 99 111 &
547 2019 297 111 praetenues:
785 2019 178 111 dicam
904 2019 159 111 modo
1003 2019 218 111 paucula
1162 2019 119 111 de
1221 2019 317 111 lndulgentijs
1479 2019 159 111 quas
1578 2019 139 111 lon
1638 2019 59 111 s

8 2077 123 98 ge
69 2077 204 98 maiore
212 2077 184 98 parte
334 2077 286 98 diuendunt.
559 2077 225 98 Vendere
723 2077 327 98 indulgentias
988 2077 266 98 nepharium
1193 2077 143 98 est
1274 2077 123 98 in
1336 2077 245 98 ecclesia
1520 2077 143 98 dei
1581 2077 102 98 fa-

4 2135 205 93 cinus,
148 2135 144 93 quo
230 2135 144 93 non
312 2135 185 93 multa
435 2135 246 93 inuenias
620 2135 287 93 atrociora.
845 2135 185 93 Atqui
968 2135 144 93 hoc
1050 2135 226 93 uulgare
1214 2135 164 93 est,
1317 2135 103 93 &
1358 2135 164 93 fuit
1460 2135 144 93 iam
1542 2135 185 93 annis

-4 2189 218 97 multis
149 2189 240 97 Romanis
324 2189 349 97 Pontificibus
608 2189 109 97 &
651 2189 240 97 ipsorum
826 2189 262 97 nuncijs,
1023 2189 175 97 quos
1132 2189 328 97 appellarunt
1372 2189 306 97 apostolicos.

6 2232 150 110 Nec
91 2232 214 110 habent
241 2232 128 110 ex
305 2232 300 110 scripturis
541 2232 235 110 sanctis
712 2232 214 110 uerbum
862 2232 171 110 quod
969 2232 300 110 praetexant
1204 2232 257 110 facinori
1375 2232 300 110 nephandissi-

-3 2300 150 96 mo.
82 2300 128 96 Et
146 2300 128 96 ut
211 2300 150 96 iam
296 2300 150 96 non
382 2300 299 96 commemorem
617 2300 171 96 quod
724 2300 342 96 Indulgentiae
1002 2300 193 96 nihil
1130 2300 171 96 sunt
1237 2300 171 96 nisi
1344 2300 193 96 nomen
1472 2300 171 96 sine
1558 2300 107 96 re,

-5 2354 239 89 quodque
169 2354 130 89 eo
234 2354 217 89 nomine
386 2354 195 89 foede
516 2354 282 89 imponitur
733 2354 239 89 miseris
907 2354 304 89 mortalibus
1145 2354 108 89 :
1189 2354 195 89 certe
1319 2354 260 89 Christus
1492 2354 174 89 summus

13 2404 93 101 &
51 2404 186 101 unicus
181 2404 242 101 ecclesiae
367 2404 149 101 suae
460 2404 261 101 catholicae
665 2404 261 101 sanctaeque
870 2404 242 101 pontifex,
1056 2404 112 101 in
1112 2404 186 101 diebus
1242 2404 186 101 carnis
1372 2404 168 101 sues,
1465 2404 205 101 uendentes

0 2456 99 108 &
40 2456 219 108 ementes
199 2456 259 108 flagello,
398 2456 139 108 ceu
478 2456 278 108 impudentes
696 2456 99 108 e
736 2456 199 108 templo
875 2456 139 108 dei
955 2456 199 108 canes,
1094 2456 298 108 exturbauit.
1333 2456 179 108 Idque
1452 2456 179 108 fecit
1552 2456 119 108 bis.

-1 2507 181 110 Semel
119 2507 120 110 in
179 2507 261 110 principio
380 2507 261 110 concionis
581 2507 140 110 uel
661 2507 361 110 praedicationis
962 2507 181 110 suae:
1082 2507 201 110 iterum
1223 2507 181 110 autem
1343 2507 140 110 sub
1423 2507 181 110 finem
1524 2507 140 110 fere-

-6 2565 263 113 Principio
196 2565 162 113 haec
298 2565 223 113 addidit
460 2565 203 113 uerba,
601 2565 223 113 Auferte
763 2565 162 113 ista
865 2565 182 113 hinc.
986 2565 142 113 nec
1067 2565 203 113 facite
1209 2565 182 113 domum
1331 2565 203 113 patris
1472 2565 162 113 mei,
1574 2565 142 113 do

1 2636 150 93 mum
86 2636 279 93 mercatus.
301 2636 279 93 Posterius
516 2636 236 93 adiecit
687 2636 193 93 haec,
816 2636 258 93 Scriptum
1010 2636 172 93 est,
1117 2636 193 93 Domus
1246 2636 150 93 mea
1332 2636 193 93 domus
1439 2636 236 93 orationis

-9 2695 282 94 uocabitur:
213 2695 121 94 at
273 2695 141 94 uos
354 2695 242 94 fecistis
535 2695 181 94 illam
656 2695 262 94 speluncam
858 2695 262 94 latronum.
1059 2695 141 94 Iam
1140 2695 161 94 uero
1241 2695 181 94 Simon
1362 2695 181 94 magus
1483 2695 121 94 in
1523 2695 141 94 Actis

-14 2753 225 86 apost,
143 2753 225 86 uidens
300 2753 180 86 quod
413 2753 157 86 per
502 2753 337 86 impositonem
772 2753 225 86 manuum
929 2753 337 86 apostolorum
1199 2753 247 86 daretur
1379 2753 270 86 spiritus
1559 2753 112 86 san

-6 2797 179 92 ctus,
113 2797 218 92 obtulit
272 2797 139 92 eis
351 2797 258 92 pecunias,
550 2797 218 92 dicens,
709 2797 159 92 Date
808 2797 99 92 &
847 2797 159 92 mihi
947 2797 278 92 potestatem
1165 2797 198 92 istam,
1304 2797 119 92 ut
1363 2797 258 92 cuicunque
1542 2797 119 92 impo

-14 2846 193 111 suero
114 2846 214 111 manus,
264 2846 257 111 accipiat
457 2846 257 111 spiritum
650 2846 257 111 sanctum.
843 2846 172 111 Audi
950 2846 172 111 uero
1058 2846 236 111 quomodo
1229 2846 172 111 hanc
1336 2846 300 111 petitionem
1572 2846 129 111 ab

-5 2902 166 104 ipso
99 2902 271 104 exceperit
307 2902 229 104 Petrus,
474 2902 229 104 Pecunia
640 2902 166 104 tua,
744 2902 229 104 inquit,
911 2902 187 104 tecum
1036 2902 146 104 sit
1119 2902 125 104 in
1181 2902 312 104 perditionem
1431 2902 104 104 :
1473 2902 229 104 quoniam
