2192 3684
478 865 163 51 MNIA
579 865 224 51 dogmata
742 865 183 51 fidei
865 865 326 51 Christianes,
1129 865 183 51 omnis
1251 865 163 51 item
1353 865 183 51 recte
1475 865 163 51 bene
1577 865 244 51 beateque
1740 865 102 51 ui-

486 922 170 49 uendi
599 922 189 49 ratio,
731 922 170 49 omnis
844 922 207 49 denique
995 922 245 49 sapientia
1184 922 151 49 uera
1278 922 189 49 diuina
1410 922 151 49 quod
1505 922 189 49 semper
1637 922 189 49 petita
1750 922 94 49 est

483 978 117 49 ex
541 978 175 49 uerbi
658 978 136 49 Dei
735 978 292 49 restimonijs
969 978 136 49 seu
1047 978 272 49 iudicatis:
1261 978 175 49 neque
1377 978 175 49 hodie
1494 978 136 49 uel
1572 978 97 49 a
1611 978 156 49 uere
1688 978 156 49 sapien

485 1034 167 50 tibus
597 1034 186 50 uiris,
727 1034 130 50 uel
801 1034 93 50 a
838 1034 241 50 fidelibus
1024 1034 93 50 &
1061 1034 93 50 a
1098 1034 130 50 Deo
1172 1034 204 50 uocatis
1320 1034 278 50 ecclesiarum
1543 1034 241 50 ministris
1729 1034 148 50 illa

475 1090 225 50 aliunde
638 1090 164 50 quam
741 1090 123 50 ex
802 1090 184 50 uerbo
925 1090 143 50 Dei
1007 1090 246 50 hauriri,
1191 1090 205 50 doceri
1334 1090 225 50 denique
1498 1090 102 50 &
1539 1090 287 50 confirmari
1744 1090 102 50 so-

178 1146 158 50 lide
277 1146 237 50 possunt,
455 1146 237 50 Quisquis
633 1146 198 50 itaque
771 1146 217 50 ignorat
929 1146 158 50 quid
1028 1146 138 50 sit
1107 1146 198 50 uerbum
1245 1146 158 50 Dei,
1344 1146 99 50 &
1384 1146 158 50 quae
1482 1146 178 50 uerbi
1601 1146 138 50 Dei
1680 1146 198 50 ratio,

176 1202 120 49 in
236 1202 161 49 ipso
337 1202 201 49 templo
477 1202 201 49 domini
618 1202 321 49 auditorioque
878 1202 241 49 Christi,
1059 1202 161 49 adde
1160 1202 100 49 &
1200 1202 120 49 in
1260 1202 241 49 lectione
1441 1202 321 49 scripturarum
1681 1202 161 49 sacra-

174 1260 165 47 rum,
277 1260 206 47 ueluti
421 1260 226 47 caecus,
586 1260 206 47 surdus
730 1260 103 47 &
771 1260 185 47 amens
895 1260 226 47 uersari
1059 1260 247 47 uidetur.
1244 1260 144 47 Imo
1327 1260 165 47 quod
1430 1260 206 47 aliqui
1574 1260 123 47 in
1615 1260 226 47 audiendis

178 1315 270 48 sermonibus
390 1315 193 48 sacris
525 1315 386 48 ecclesiasticisue
853 1315 367 48 irreligiosiores
1162 1315 96 48 &
1200 1315 251 48 segniores
1393 1315 251 48 apparent,
1586 1315 135 48 non
1663 1315 154 48 alio
1741 1315 96 48 exo

179 1370 185 48 ritur
302 1370 205 48 fonte,
445 1370 164 48 quam
548 1370 164 48 quod
650 1370 246 48 uirtutem
834 1370 103 48 &
876 1370 185 48 ueram
999 1370 246 48 rationem
1183 1370 185 48 uerbi
1306 1370 164 48 Dei,
1409 1370 185 48 neque
1532 1370 185 48 recte
1634 1370 205 48 intelli-

180 1427 156 47 gunt
277 1427 176 47 neque
394 1427 176 47 satis
511 1427 273 47 diligenter
726 1427 273 47 expendunt.
940 1427 117 47 Ne
999 1427 156 47 quid
1096 1427 195 47 iraque
1233 1427 273 47 remorentur
1447 1427 137 47 hic
1525 1427 254 47 studiosos
1701 1427 137 47 ueri-

176 1482 185 49 tatis
300 1482 123 49 ac
362 1482 185 49 uerbi
485 1482 144 49 Dei
567 1482 103 49 :
608 1482 226 49 quinimo
773 1482 123 49 ut
835 1482 123 49 in
897 1482 206 49 omnium
1041 1482 206 49 animos
1185 1482 185 49 iusta
1308 1482 185 49 uerbi
1432 1482 144 49 Dei
1514 1482 309 49 existimatio
1740 1482 103 49 re-

182 1539 253 47 ponatur,
372 1539 295 47 explicabo,
604 1539 148 47 Deo
688 1539 253 47 iuuante,
878 1539 274 47 charitati
1089 1539 253 47 uestrae,
1279 1539 232 47 quaenam
1447 1539 295 47 religiosum
1658 1539 190 47 hominem

179 1594 121 48 de
239 1594 182 48 uerbo
361 1594 142 48 Dei
442 1594 223 48 sentire
604 1594 243 48 ettenere
786 1594 263 48 oporteat.
989 1594 142 48 Vos
1070 1594 243 48 assiduis
1252 1594 101 48 &
1292 1594 243 48 intentis
1475 1594 243 48 precibus
1637 1594 202 48 benignas

171 1650 147 48 Dei
255 1650 209 48 nostri
401 1650 188 48 aures
527 1650 251 48 pulsate,
715 1650 147 48 quo
799 1650 105 48 &
841 1650 167 48 mihi
946 1650 230 48 sanctam
1113 1650 105 48 &
1155 1650 272 48 efficacem
1364 1650 230 48 dicendi
1532 1650 293 48 facultatem
1741 1650 105 48 con

182 1708 215 47 cedat,
332 1708 107 47 &
375 1708 193 47 uobis
504 1708 193 47 aures
633 1708 107 47 &
676 1708 215 47 mentem
826 1708 258 47 aperiat,
1020 1708 129 47 ut
1084 1708 129 47 in
1148 1708 236 47 omnibus
1320 1708 258 47 laudetur
1514 1708 193 47 nomen
1643 1708 236 47 domini,

174 1761 269 44 uberemque
381 1761 228 44 fructum
547 1761 290 44 percipiant
774 1761 207 44 animae
919 1761 248 44 nostrae.

267 1817 273 47 Principio
477 1817 315 47 explicandum
729 1817 168 47 erit
834 1817 189 47 nobis
960 1817 168 47 quid
1065 1817 147 47 sit
1149 1817 210 47 uerbum
1296 1817 168 47 Dei.
1401 1817 210 47 Verbum
1548 1817 126 47 in
1590 1817 252 47 scripturis

181 1873 99 48 &
221 1873 178 48 iuxta
339 1873 198 48 idioma
478 1873 217 48 linguae
636 1873 237 48 Hebreses
814 1873 257 48 latissime
1011 1873 198 48 patet.
1149 1873 277 48 Significat
1367 1873 158 48 enim
1466 1873 138 48 rem
1545 1873 277 48 quamlibet,
1742 1873 99 48 si-

175 1930 175 47 cuti
285 1930 109 47 &
328 1930 263 47 Germanis
525 1930 285 47 latissime
744 1930 197 47 patet
876 1930 285 47 uocabulum
1095 1930 197 47 ding.
1226 1930 175 47 Apud
1335 1930 241 47 sanctum
1511 1930 197 47 Lucam
1642 1930 197 47 dicit
1751 1930 88 47 ad

180 1987 219 44 beatam
334 1987 263 44 uirginem
531 1987 241 44 angelus
707 1987 176 44 Dei,
817 1987 154 44 Non
904 1987 176 44 erit
1014 1987 176 44 apud
1124 1987 176 44 Deum
1233 1987 329 44 impossibile
1497 1987 176 44 omne
1607 1987 241 44 uerbum.
1760 1987 88 44 Id

184 2041 152 47 quod
279 2041 209 47 perinde
431 2041 133 47 est
507 2041 114 47 ac
564 2041 114 47 si
621 2041 247 47 dixisset,
811 2041 133 47 Deo
887 2041 171 47 omnia
1001 2041 285 47 possibilia,
1229 2041 133 47 aut
1305 2041 133 47 res
1381 2041 171 47 nulla
1495 2041 152 47 erit
1571 2041 266 47 impossibilis

178 2097 173 46 Deo.
286 2097 302 46 Significat
524 2097 216 46 uerbum
675 2097 108 46 &
718 2097 281 46 dictionem
934 2097 151 46 ore
1020 2097 237 46 hominis
1193 2097 281 46 prolatam.
1408 2097 281 46 Aliquando
1603 2097 237 46 usurpatur

176 2153 147 46 pro
260 2153 315 46 commisione,
512 2153 294 46 aliqueando
743 2153 105 46 &
785 2153 147 46 pro
869 2153 231 46 integra
1037 2153 273 46 sententia
1247 2153 147 46 aut
1331 2153 189 46 etiam
1457 2153 252 46 oratione
1646 2153 147 46 aut
1709 2153 126 46 pro-

183 2209 233 45 phetia.
352 2209 233 45 Exempla
521 2209 127 45 de
585 2209 127 45 hi
648 2209 127 45 in
711 2209 296 45 scripturis
944 2209 233 45 copiosa
1113 2209 190 45 sund.
1240 2209 254 45 Caeterum
1430 2209 148 45 cum
1515 2209 211 45 uerbum
1642 2209 190 45 coniun-

183 2265 177 47 gitur
301 2265 137 47 cum
380 2265 177 47 alio,
498 2265 118 47 ut
556 2265 137 47 cum
635 2265 216 47 dicitur
792 2265 118 47 in
851 2265 255 47 praesenti
1047 2265 196 47 uerbum
1185 2265 157 47 Dei,
1283 2265 177 47 etiam
1401 2265 137 47 sic
1480 2265 137 47 non
1558 2265 255 47 usurpatur
1735 2265 98 47 ea-

183 2321 147 47 dem
267 2321 399 47 significatione.
603 2321 147 47 Nam
687 2321 210 47 uerbum
834 2321 147 47 Dei
918 2321 294 47 significat
1149 2321 252 47 uirtutem
1338 2321 105 47 &
1380 2321 273 47 petentiam
1590 2321 147 47 Dei
1674 2321 105 47 :
1695 2321 147 47 poni-

183 2377 140 45 tur
263 2377 100 45 &
303 2377 140 45 pro
383 2377 180 45 filio
502 2377 160 45 Dei,
602 2377 140 45 qui
682 2377 140 45 est
762 2377 219 45 secunda
921 2377 120 45 in
981 2377 239 45 adoranda
1161 2377 259 45 trinitate
1360 2377 239 45 persona.
1540 2377 279 45 Manifestum
1739 2377 100 45 est

180 2433 167 45 enim
285 2433 230 45 omnibus
452 2433 167 45 illa
556 2433 167 45 diui
661 2433 334 45 Euangelistes
932 2433 167 45 uox,
1037 2433 209 45 Verbum
1183 2433 167 45 caro
1288 2433 209 45 factum
1434 2433 167 45 est.
1539 2433 230 45 Proprie
1706 2433 188 45 autem

179 2489 123 47 in
241 2489 206 47 nostro
385 2489 144 47 hoc
467 2489 226 47 negotio
632 2489 288 47 significat
858 2489 206 47 uerbum
1001 2489 164 47 Dei,
1104 2489 247 47 eloquium
1289 2489 164 47 Dei,
1392 2489 390 47 reuelationemque
1700 2489 144 47 uolun

184 2546 183 45 tatis
306 2546 244 45 diuinae,
489 2546 142 45 per
570 2546 122 45 os
631 2546 244 45 Christi,
814 2546 305 45 prophetarum
1058 2546 122 45 ac
1119 2546 325 45 apostolorum,
1384 2546 203 45 primum
1526 2546 203 45 quidem
1668 2546 163 45 uiua
1750 2546 81 45 uo

182 2602 111 46 ce
238 2602 241 46 prolatam,
424 2602 186 46 deinde
553 2602 167 46 etiam
665 2602 204 46 relatam
813 2602 111 46 in
869 2602 223 46 literas,
1036 2602 148 46 quas
1129 2602 167 46 recte
1240 2602 241 46 appellant
1425 2602 186 46 sacras
1555 2602 167 46 atque
1666 2602 223 46 diuinas.

192 2656 223 47 Verbum
348 2656 178 47 enim
459 2656 223 47 mentem
615 2656 178 47 eius
727 2656 134 47 ex
794 2656 156 47 quo
883 2656 223 47 prodit
1039 2656 223 47 refert
1195 2656 112 47 :
1240 2656 223 47 prinde
1396 2656 223 47 uerbum
1552 2656 156 47 Dei
1641 2656 178 47 Deum
1730 2656 112 47 re-

186 2713 176 47 sert.
304 2713 137 47 Est
382 2713 176 47 autem
499 2713 157 47 Deus
597 2713 196 47 natura
734 2713 137 47 sua
813 2713 196 47 uerax,
950 2713 215 47 iustus,
1106 2713 196 47 bonus,
1243 2713 196 47 purus,
1380 2713 293 47 immortalis,
1615 2713 254 47 aeternus,

186 2769 224 47 iccirco
348 2769 285 47 consequens
572 2769 142 47 est
653 2769 102 47 &
694 2769 203 47 uerbum
836 2769 142 47 Dei
918 2769 163 47 quod
1020 2769 203 47 prodit
1162 2769 122 47 ex
1223 2769 142 47 ore
1304 2769 163 47 Dei,
1406 2769 183 47 uerum
1528 2769 183 47 esse,
1650 2769 224 47 iustum,

181 2825 171 47 sine
288 2825 214 47 fraude
437 2825 107 47 &
480 2825 193 47 dolo,
609 2825 171 47 sine
716 2825 214 47 errore
866 2825 107 47 &
908 2825 235 47 affectu
1080 2825 214 47 prauo,
1230 2825 235 47 snctum,
1401 2825 214 47 purum,
1551 2825 214 47 bonum,
1679 2825 150 47 immor

183 2882 160 45 tale
283 2882 260 45 aeternum.
483 2882 220 45 Dominus
643 2882 160 45 enim
743 2882 120 45 in
803 2882 260 45 euangelio
1003 2882 200 45 dicit,
1142 2882 180 45 Sermo
1262 2882 160 45 tuus
1362 2882 220 45 ueritas
1522 2882 160 45 est.
1622 2882 120 45 Et
1662 2882 180 45 aposto-

176 2938 144 50 lus
259 2938 226 50 Paulus,
423 2938 206 50 Verbum
567 2938 164 50 Dei,
670 2938 206 50 inquit
814 2938 144 50 non
896 2938 144 50 est
978 2938 288 50 alligatum,
1204 2938 206 50 Rursus
1348 2938 206 50 clamat
1492 2938 164 50 tota
1594 2938 288 50 scriptura,
