2288 3632
546 326 172 90 lona,
660 326 172 90 Vidit
775 326 191 90 itaque
908 326 153 90 deus
1004 326 172 90 opera
1118 326 191 90 eorum,
1252 326 153 90 quod
1347 326 95 90 a
1385 326 153 90 uijs
1481 326 153 90 suis
1576 326 172 90 malis
1691 326 191 90 auersi
1824 326 210 90 essent,
1977 326 95 90 &
2015 326 153 90 ipse
2092 326 114 90 quo-

550 397 140 87 que
630 397 200 87 ductus
770 397 140 87 est
850 397 300 87 poenitentia
1090 397 180 87 super
1210 397 160 87 malo
1310 397 160 87 quod
1410 397 140 87 eis
1490 397 220 87 inferre
1650 397 300 87 decreuerat.
1890 397 140 87 Non
1970 397 120 87 em
2010 397 200 87 intulit.

624 444 309 85 Obseruandum
872 444 144 85 est
954 444 144 85 hic
1037 444 206 85 quoque
1181 444 124 85 C.
1243 444 124 85 V.
1305 444 247 85 duplicem
1490 444 165 85 esse
1593 444 351 85 poenitentiam,
1882 444 186 85 nempe
2006 444 247 85 Priuatam

553 508 147 85 uel
637 508 273 85 occultam,
847 508 105 85 &
889 508 252 85 Publicam
1077 508 147 85 uel
1161 508 273 85 solennem.
1371 508 252 85 Priuatam
1560 508 231 85 quisque
1728 508 168 85 apud
1832 508 294 85 semetipsum
2063 508 126 85 in
2105 508 105 85 oc-

561 551 171 84 culto
675 551 171 84 agit,
789 551 209 84 quoties
941 551 190 84 contra
1074 551 152 84 deum
1169 551 247 84 peccauit,
1359 551 133 84 sed
1435 551 114 84 in
1492 551 114 84 se
1549 551 209 84 interim
1701 551 266 84 descendit,
1910 551 247 84 lumineque
2081 551 133 84 uerbi

558 605 136 89 dei
635 605 175 89 omnes
752 605 233 89 pectoris
927 605 136 89 sui
1005 605 233 89 recessus
1180 605 292 89 perlustrat,
1413 605 117 89 ac
1472 605 136 89 deo
1550 605 272 89 confitetur
1764 605 233 89 peccata,
1939 605 156 89 hunc
2016 605 195 89 oftensum

553 666 158 86 esse
652 666 197 86 dolet,
790 666 118 86 ad
849 666 158 86 hunc
948 666 316 86 conuertitur,
1205 666 158 86 hunc
1304 666 158 86 sibi
1402 666 118 86 in
1462 666 217 86 Christo
1620 666 237 86 placatum
1797 666 217 86 credit,
1955 666 217 86 propter
2094 666 118 86 hunc

558 717 156 89 odit
656 717 254 89 peccatum,
852 717 98 89 &
891 717 196 89 studet
1028 717 254 89 iustitiae
1223 717 98 89 &
1263 717 313 89 innocentiae.
1517 717 215 89 Publica
1673 717 137 89 uel
1752 717 235 89 solennis
1928 717 176 89 locum
2045 717 176 89 habet
2143 717 78 89 in

557 783 195 77 magnis
694 783 352 77 calamitatibus,
987 783 117 77 in
1046 783 176 77 fame,
1163 783 156 77 lue,
1261 783 137 77 uel
1339 783 195 77 bello:
1476 783 117 77 ac
1534 783 117 77 de
1593 783 137 77 hac
1671 783 117 77 in
1730 783 195 77 primis
1866 783 313 77 intelligenda
2101 783 117 77 sunt

549 834 192 77 uerba
677 834 214 77 Ioelis
826 834 299 77 prophetae.
1061 834 192 77 Habet
1190 834 192 77 tamen
1318 834 235 77 priuata
1489 834 320 77 poenitentia
1745 834 192 77 multa
1873 834 235 77 comunia
2044 834 150 77 cum
2108 834 107 77 so-

554 891 198 83 lenni.
693 891 198 83 Petrus
832 891 159 83 enim
931 891 179 83 amare
1050 891 179 83 fset:
1169 891 238 83 ieiunant
1348 891 238 83 priuatim
1526 891 317 83 poenitentes,
1784 891 99 83 &
1824 891 258 83 abstinent
2003 891 218 83 seueriter

557 945 123 97 ab
618 945 225 97 omnibus
781 945 266 97 concessis
986 945 327 97 uoluptatibus
1251 945 184 97 nedum
1374 945 123 97 ab
1435 945 286 97 illecebris
1660 945 204 97 carnis
1803 945 123 97 ac
1864 945 204 97 mundi.
2007 945 245 97 Caeterum

559 1006 230 83 Sderunt
726 1006 126 83 in
789 1006 209 83 primis
936 1006 209 83 fucum,
1082 1006 293 83 hypocrisim
1312 1006 105 83 &
1354 1006 356 83 ostentationem
1647 1006 209 83 uanam,
1794 1006 293 83 quoscunque
2024 1006 146 83 uel
2086 1006 126 83 pri-

562 1059 197 91 uatim,
700 1059 138 91 uel
779 1059 216 91 publice
936 1059 255 91 poenitet.
1132 1059 138 91 Est
1211 1059 255 91 praeterea
1407 1059 197 91 libera
1545 1059 216 91 utraque
1702 1059 98 91 &
1741 1059 197 91 sponte
1879 1059 197 91 quidem
1997 1059 216 91 suscepta,

563 1120 137 79 non
642 1120 215 79 extorta
798 1120 137 79 uel
876 1120 254 79 uiolenta,
1071 1120 137 79 sed
1149 1120 195 79 alacri
1286 1120 293 79 ultroneoque
1520 1120 234 79 profecta
1696 1120 234 79 spiritu.
1872 1120 176 79 Vrget
1989 1120 195 79 quidem
2106 1120 117 79 seue

555 1183 177 78 riter
673 1183 197 78 doctor
811 1183 256 78 ueritatis
1007 1183 256 78 pastorque
1204 1183 354 78 ecclesiasticus
1499 1183 177 78 omnes
1617 1183 295 78 peccatores,
1853 1183 118 78 ut
1912 1183 314 78 incunctanter
2147 1183 79 78 ue

563 1227 140 84 ram
643 1227 180 84 agant
763 1227 180 84 super
883 1227 240 84 peccatis
1063 1227 160 84 suis
1163 1227 340 84 poenitentiam,
1444 1227 140 84 sed
1524 1227 200 84 nemini
1664 1227 180 84 tamen
1784 1227 160 84 lege
1884 1227 160 84 lata
1984 1227 220 84 imponit
2124 1227 100 84 cer

560 1281 142 88 tam
641 1281 243 88 formulam
823 1281 365 88 praescribentem
1128 1281 223 88 tempus,
1290 1281 203 88 modum,
1432 1281 203 88 locum,
1574 1281 243 88 numerum,
1756 1281 142 88 sed
1838 1281 203 88 cuique
1980 1281 203 88 libera
2101 1281 122 88 haec

557 1340 278 79 relinquit,
776 1340 159 79 modo
875 1340 238 79 secundum
1054 1340 318 79 praescriptum
1312 1340 278 79 scriptures
1530 1340 218 79 quisque
1689 1340 159 79 quod
1788 1340 179 79 decet
1907 1340 218 79 faciat.
2046 1340 179 79 Publica

563 1400 150 71 uero
657 1400 281 71 poenitentia
881 1400 150 71 fere
975 1400 187 71 indici
1106 1400 168 71 solet
1218 1400 94 71 &
1256 1400 187 71 recipi
1387 1400 112 71 ab
1443 1400 243 71 ecclesia,
1630 1400 131 71 cum
1705 1400 187 71 pietas
1836 1400 187 71 poscit
1967 1400 206 71 ipsaque
2098 1400 131 71 cogit

569 1452 321 73 necessitas,
825 1452 128 73 ac
890 1452 171 73 quid
996 1452 107 73 &
1039 1452 235 73 quomodo
1210 1452 214 73 agenda
1360 1452 171 73 sint
1467 1452 193 73 omnia
1596 1452 150 73 una
1681 1452 150 73 cum
1767 1452 193 73 uerbo
1895 1452 150 73 dei
1981 1452 278 73 ostendit,

566 1512 199 76 Rursus
706 1512 219 76 constat
865 1512 239 76 duplicem
1044 1512 159 76 esse
1144 1512 339 76 poenitentiam.
1423 1512 139 76 Est
1503 1512 159 76 enim
1602 1512 299 76 poenitentia
1841 1512 179 76 uera,
1961 1512 139 76 est
2041 1512 100 76 &
2061 1512 159 76 poeni-

566 1564 197 83 tentia
704 1564 197 83 falsa.
842 1564 177 83 Veram
960 1564 217 83 exercet
1118 1564 157 83 homo
1216 1564 295 83 regeneratus
1452 1564 138 83 per
1531 1564 236 83 spiritum
1708 1564 118 83 S.
1767 1564 118 83 in
1826 1564 157 83 fide
1925 1564 157 83 Iesu
2023 1564 236 83 Christi,

571 1623 184 73 eaque
693 1623 164 73 fuco
796 1623 205 73 caret,
939 1623 102 73 &
980 1623 184 73 habet
1102 1623 184 73 omnia
1225 1623 123 73 de
1286 1623 205 73 quibus
1429 1623 245 73 hactenus
1614 1623 266 73 disserui.
1818 1623 225 73 Exempla
1982 1623 184 73 uerae
2084 1623 143 73 poeni

563 1681 223 71 tentiae
725 1681 223 71 plurima
887 1681 304 71 suppeditant
1130 1681 223 71 literae
1292 1681 223 71 sanctae
1454 1681 142 71 cum
1535 1681 162 71 noui
1636 1681 142 71 tum
1717 1681 223 71 ueteris
1879 1681 304 71 testamenti,
2102 1681 121 71 quae

561 1729 105 76 &
603 1729 316 76 pulcherrime
856 1729 274 76 superiora
1066 1729 189 76 omnia
1192 1729 295 76 declarant.
1424 1729 274 76 Praeclara
1634 1729 168 76 sunt
1739 1729 210 76 patris
1886 1729 210 76 nostri
2034 1729 189 76 Adami
2160 1729 105 76 &

570 1785 172 88 Euae,
685 1785 192 88 Populi
819 1785 287 88 lsraelitici
1049 1785 172 88 Exodi
1164 1785 134 88 33.
1240 1785 153 88 item
1336 1785 115 88 in
1393 1785 192 88 libris
1527 1785 230 88 ludicum,
1700 1785 96 88 &
1738 1785 115 88 in
1796 1785 192 88 libris
1930 1785 153 88 Reg.
2006 1785 211 88 Excellunt

566 1837 175 81 tamen
682 1837 117 81 in
740 1837 136 81 his
818 1837 214 81 Dauidis
974 1837 117 81 2.
1032 1837 155 81 Sam.
1129 1837 136 81 12.
1207 1837 97 81 &
1246 1837 117 81 t.
1304 1837 155 81 Par.
1401 1837 136 81 21.
1479 1837 233 81 Manassis
1654 1837 155 81 item
1751 1837 97 81 &
1790 1837 194 81 losiae
1926 1837 117 81 2.
1984 1837 155 81 Reg.
2081 1837 136 81 33.
2159 1837 97 81 &

567 1900 145 89 34.
650 1900 124 89 In
712 1900 269 89 euangelio
919 1900 249 89 offerunt
1106 1900 124 89 se
1168 1900 228 89 exempla
1334 1900 269 89 Matthaei,
1541 1900 228 89 achaei,
1706 1900 331 89 Peccatricis,
1975 1900 104 89 &
2017 1900 207 89 Petri,
2141 1900 83 89 ut

561 1962 176 73 multa
678 1962 156 73 alia
775 1962 215 73 taceam.
931 1962 176 73 Porro
1048 1962 176 73 falsa
1165 1962 293 73 poenitentia
1399 1962 176 73 ficto
1516 1962 332 73 proficiscitur
1789 1962 234 73 pectore:
1965 1962 98 73 &
2004 1962 215 73 quamuis
2140 1962 78 73 in

563 2005 224 85 speciem
725 2005 244 85 uideatur
908 2005 203 85 habere
1051 2005 163 85 uera
1152 2005 325 85 poenitentiae
1417 2005 285 85 attributa,
1640 2005 163 85 quia
1742 2005 183 85 tamen
1864 2005 183 85 caret
1966 2005 264 85 conuersione

555 2064 123 80 ad
617 2064 165 80 deum
720 2064 103 80 &
761 2064 165 80 bona
864 2064 123 80 in
926 2064 206 80 eundem
1070 2064 247 80 fiducia,
1255 2064 267 80 insyncera
1461 2064 144 80 imo
1543 2064 185 80 falsa
1666 2064 165 80 est.
1769 2064 185 80 ludae
1893 2064 165 80 enim
1996 2064 267 80 lschario

566 2119 141 86 tis
647 2119 323 86 poenitentiam
909 2119 202 86 falsam
1050 2119 202 86 fuisse
1191 2119 182 86 longe
1312 2119 141 86 est
1393 2119 323 86 certissimum:
1655 2119 222 86 attamen
1817 2119 323 86 confitebatur
2059 2119 161 86 pecca-

572 2179 163 69 tum,
673 2179 305 69 testimonium
918 2179 265 69 praebebat
1121 2179 265 69 ueritati,
1325 2179 224 69 denique
1487 2179 224 69 pretium
1650 2179 265 69 sanguinis
1854 2179 244 69 acceptum
2037 2179 102 69 a
2057 2179 163 69 sacer-

568 2232 249 78 dotibus,
755 2232 207 78 ijsdem
900 2232 186 78 multa
1024 2232 145 78 cum
1107 2232 331 78 indignatione
1376 2232 269 78 doloreque
1583 2232 269 78 restituit
1790 2232 104 78 :
1832 2232 249 78 caeterum
2018 2232 207 78 quando
2142 2232 83 78 ad

558 2287 241 74 Christum
738 2287 120 74 se
799 2287 140 74 non
879 2287 281 74 conuertit,
1099 2287 160 74 omni
1200 2287 221 74 fiducia
1360 2287 120 74 in
1420 2287 160 74 eius
1520 2287 241 74 coniecta
1701 2287 361 74 misericordiam,
2001 2287 180 74 nullo
2122 2287 140 74 cum

556 2339 213 88 fructu
705 2339 341 88 poenitentiam
982 2339 192 88 egit.
1110 2339 128 88 Et
1174 2339 192 88 nullo
1302 2339 213 88 quidem
1452 2339 149 88 cum
1537 2339 213 88 fructu
1687 2339 171 88 sese
1793 2339 299 88 excruciant
2028 2339 107 88 &
2049 2339 171 88 poeni-

565 2410 233 69 tentiam
734 2410 191 69 agunt
862 2410 191 69 omnes
989 2410 297 69 hypocritae
1222 2410 106 69 &
1265 2410 170 69 fide
1371 2410 254 69 carentes
1540 2410 276 69 euangelica.

640 2457 308 88 Felicissimi
887 2457 185 88 autem
1011 2457 185 88 sunt,
1134 2457 144 88 qui
1216 2457 165 88 uere
1319 2457 123 88 ex
1381 2457 185 88 animo
1504 2457 103 88 &
1545 2457 123 88 ex
1607 2457 165 88 fide
1710 2457 165 88 uera
1813 2457 185 88 agunt
1916 2457 308 88 poenitentiam.

572 2511 237 91 Infinita
750 2511 158 91 enim
849 2511 158 91 bona
948 2511 257 91 accipiunt
1146 2511 99 91 a
1185 2511 138 91 deo
1265 2511 415 91 munificentissimo:
1621 2511 138 91 qui
1700 2511 178 91 redit
1818 2511 119 91 in
1878 2511 218 91 gratiam
2036 2511 138 91 cum
2095 2511 119 91 poe-

564 2573 308 68 nitentibus,
811 2573 185 68 amans
934 2573 144 68 iam
1016 2573 164 68 quos
1118 2573 185 68 prius
1241 2573 226 68 propter
1406 2573 185 68 uitam
1529 2573 349 68 consceleratam
1816 2573 205 68 oderat
1939 2573 287 68 infensissime

558 2628 137 78 sed
637 2628 294 78 iustissime.
872 2628 255 78 Supplicia
1069 2628 196 78 quoque
1206 2628 157 78 quae
1304 2628 216 78 inferre
1461 2628 275 78 statuerat,
1677 2628 255 78 conuertit
1874 2628 118 78 in
1933 2628 216 78 munera.
2070 2628 157 78 Poeni-

564 2679 207 74 tentes
709 2679 166 74 enim
813 2679 187 74 bonis
937 2679 270 74 omnigenis
1145 2679 332 74 temporalibus
1414 2679 104 74 &
1456 2679 249 74 aeternis
1642 2679 228 74 implet.
1808 2679 290 74 Intellexit
2036 2679 187 74 autem
2140 2679 83 74 ex

563 2735 178 86 alijs
682 2735 277 86 Sermonibus
900 2735 119 86 C.
959 2735 119 86 V.
1019 2735 178 86 tanta
1138 2735 99 86 a
1177 2735 139 86 deo
1256 2735 257 86 beneficia
1455 2735 178 86 nobis
1573 2735 257 86 conferri,
1771 2735 139 86 non
1851 2735 218 86 propter
2009 2735 198 86 nostra
2128 2735 99 86 ope

555 2788 117 82 ra
613 2788 331 82 poenitentiae,
886 2788 136 82 sed
964 2788 214 82 propter
1120 2788 253 82 Christum,
1315 2788 136 82 cui
1393 2788 156 82 soli
1490 2788 195 82 fidunt
1627 2788 214 82 sancti,
1783 2788 136 82 non
1861 2788 234 82 operibus
2017 2788 214 82 poeniten-

558 2840 174 83 tiae,
674 2840 174 83 licet
789 2840 328 83 sanctissimis.
1060 2840 155 83 Hunc
1157 2840 155 83 enim
1253 2840 155 83 quia
1350 2840 212 83 diligit
1504 2840 193 83 pater,
1639 2840 193 83 nosque
1775 2840 155 83 fide
1871 2840 212 83 Christo
2026 2840 174 83 sumus
2122 2840 97 83 in-

560 2904 185 77 siti,
684 2904 103 77 &
725 2904 144 77 nos
807 2904 164 77 amat
909 2904 103 77 &
950 2904 185 77 opera
1074 2904 205 77 nostra
1217 2904 144 77 deo
1299 2904 246 77 placent,
1484 2904 164 77 quae
1587 2904 144 77 cum
1669 2904 287 77 remunerat,
1895 2904 226 77 gratiam
2059 2904 164 77 suam
2141 2904 82 77 in

560 2959 183 88 nobis
682 2959 244 88 coronat,
865 2959 203 88 Rursus
1007 2959 366 88 infelicissimos
1312 2959 163 88 esse
1414 2959 224 88 necesse
1576 2959 142 88 est
1658 2959 366 88 impoenitentes.
1963 2959 224 88 Audiunt
2105 2959 122 88 qui
