2288 3632
56 296 152 103 bus
143 296 173 103 deum
251 296 260 103 delictis
446 296 108 103 &
490 296 325 103 facinoribus
750 296 325 103 offenderunt
1010 296 195 103 adque
1140 296 282 103 uindictam
1357 296 347 103 prouocarunt,
1617 296 108 103 sed

49 363 239 101 interim
223 363 152 101 non
310 363 261 101 cogitant
506 363 239 101 quomodo
680 363 152 101 iam
767 363 152 101 iam
854 363 131 101 ad
919 363 305 101 supplicium
1159 363 131 101 de
1224 363 261 101 sontibus
1420 363 261 101 sumendum
1594 363 131 101 pro-

52 423 203 95 deunti
194 423 142 95 deo
275 423 285 95 occurrant,
499 423 285 95 gratiamque
723 423 163 95 eius
824 423 285 95 impetrent.
1048 423 163 95 Quid
1150 423 163 95 ergo
1251 423 142 95 his
1333 423 203 95 restat
1475 423 183 95 aliud
1597 423 163 95 quam

51 491 334 82 certissimum
318 491 111 82 &
363 491 357 82 atrocissimum
652 491 290 82 excidium,
875 491 156 82 cum
964 491 223 82 animae
1120 491 156 82 tum
1209 491 290 82 corporis,
1432 491 178 82 adde
1544 491 111 82 &
1566 491 156 82 fortu

53 534 209 88 narum,
199 534 230 88 denique
366 534 188 88 rerum
492 534 209 88 omnium
638 534 167 88 quas
742 534 125 88 in
805 534 146 88 hoc
889 534 230 88 amarunt
1056 534 251 88 saeculo.
1244 534 272 88 Recordari
1452 534 146 88 hic
1515 534 209 88 conuenit

56 598 310 91 grauissimae
304 598 289 91 sententiae
532 598 207 91 domini
676 598 186 91 Iesu,
800 598 124 91 in
862 598 165 91 haec
965 598 186 91 uerba
1089 598 124 91 in
1151 598 269 91 euangelio
1358 598 351 91 pronunciatae,
1627 598 103 91 Vae

54 657 153 75 tibi
150 657 249 75 Chorazin,
341 657 134 75 uae
418 657 153 75 tibi
514 657 268 75 Bethsaida:
725 657 211 75 quoniam
878 657 115 75 si
936 657 115 75 in
993 657 153 75 urbe
1089 657 153 75 Tyri
1185 657 134 75 aut
1262 657 211 75 Sidonis
1415 657 192 75 factae
1530 657 192 75 fuissent

54 705 262 82 uirtutes,
255 705 161 82 quae
356 705 201 82 factae
497 705 161 82 sunt
597 705 121 82 in
658 705 201 82 uobis,
799 705 161 82 olim
900 705 121 82 in
960 705 181 82 sacco
1081 705 101 82 &
1121 705 201 82 cinere
1262 705 362 82 poenituissent.
1544 705 181 82 Attamen

55 754 166 97 dico
159 754 208 97 uobis,
305 754 187 97 Tyro,
429 754 208 97 Sidoni
575 754 104 97 &
616 754 229 97 Sodomae
783 754 333 97 tolerabilius
1053 754 166 97 erit
1157 754 125 97 in
1219 754 145 97 die
1302 754 229 97 iudicij
1469 754 166 97 quam
1552 754 166 97 uobis.

48 803 262 115 Notissima
249 803 141 115 est
330 803 222 115 omnibus
491 803 181 115 arbor
612 803 181 115 ficus
733 803 323 115 infrugifera,
995 803 181 115 cuius
1116 803 202 115 mentio
1257 803 141 115 fit
1338 803 121 115 in
1398 803 282 115 euangelio,
1600 803 121 115 quae

57 865 243 100 iudicio
234 865 155 100 dei
322 865 265 100 exaruit,
521 865 243 100 nimirum
698 865 133 100 in
765 865 265 100 exemplum
964 865 111 100 &
1008 865 265 100 terrorem
1207 865 221 100 omnium
1340 865 376 100 impoenitentium.

61 921 170 97 Quid
167 921 234 97 futurum
337 921 234 97 putamus
507 921 213 97 nostri
656 921 234 97 saeculi
826 921 298 97 hominibus,
1060 921 191 97 tanta
1188 921 149 97 cum
1273 921 234 97 audacia
1421 921 298 97 poenitentiam

52 976 144 106 tot
135 976 186 106 annis
259 976 309 106 praedicatam
506 976 392 106 contemnentibus?
836 976 165 106 Sunt
939 976 165 106 alij
1042 976 206 106 quidem
1186 976 309 106 euangelicae
1433 976 289 106 ueritatis,
1640 976 82 106 ut

49 1043 202 80 uideri
190 1043 222 80 uolunt,
352 1043 263 80 studiosi:
554 1043 162 80 sunt
655 1043 162 80 alij
756 1043 202 80 hostes
897 1043 323 80 contemptores
1160 1043 101 80 &
1200 1043 343 80 persequutores
1463 1043 242 80 euangelij-

52 1095 262 103 inuenias
249 1095 175 103 item
358 1095 262 103 ingentem
555 1095 219 103 turbam
708 1095 372 103 Lucianicorum,
1014 1095 328 103 Epicureorum
1276 1095 109 103 &
1320 1095 262 103 Atheorum
1516 1095 109 103 :
1538 1095 175 103 cumque

48 1157 183 86 omnes
170 1157 122 86 ex
231 1157 183 86 aequo
353 1157 163 86 fere
455 1157 326 86 poenitentiam
720 1157 265 86 suauiter,
924 1157 143 86 imo
1006 1157 285 86 petulanter
1230 1157 285 86 irrideant,
1454 1157 143 86 non
1515 1157 204 86 possumus

49 1208 197 93 aliud
180 1208 175 93 quam
290 1208 284 93 horrendum
508 1208 153 93 dei
595 1208 262 93 iudicium
792 1208 219 93 contra
945 1208 284 93 huiusmodi
1164 1208 372 93 impoenitentes
1448 1208 262 93 expectare.

50 1261 141 98 Qui
130 1261 161 98 sibi
231 1261 261 98 consultum
432 1261 221 98 uolunt,
593 1261 201 98 mature
733 1261 322 98 conuertantur
994 1261 121 98 ad
1055 1261 201 98 dumim,
1195 1261 301 98 reputentque
1437 1261 181 98 secum
1557 1261 141 98 non
1618 1261 100 98 se-

54 1315 138 94 mel
133 1315 138 94 nec
212 1315 237 94 leuiter,
390 1315 198 94 quanta
529 1315 138 94 sit
608 1315 218 94 iactura
766 1315 237 94 retinere
944 1315 158 94 haec
1043 1315 178 94 fluxa
1162 1315 178 94 huius
1281 1315 178 94 mundi
1399 1315 218 94 gaudia,
1558 1315 99 94 &
1577 1315 119 94 inte

48 1370 132 100 rim
124 1370 227 100 amittere
294 1370 208 100 eterna.
445 1370 189 100 Mature
578 1370 189 100 faciat
710 1370 208 100 quisque
861 1370 151 100 quod
956 1370 170 100 uidet
1069 1370 170 100 fieri
1183 1370 113 100 eo
1239 1370 208 100 melius,
1391 1370 132 100 quo
1466 1370 132 100 fit
1542 1370 208 100 citius,

118 1423 174 90 Nolo
227 1423 196 90 tamen
358 1423 261 90 quenquam
553 1423 283 90 desperare
771 1423 131 90 in
836 1423 174 90 suis
945 1423 283 90 peccatis,
1162 1423 174 90 modo
1271 1423 348 90 poenitentiae
1532 1423 196 90 medelam

38 1481 138 86 non
117 1481 276 86 aspernetur
334 1481 335 86 pertinaciter,
610 1481 177 86 neque
728 1481 217 86 propter
886 1481 296 86 facilitatem
1122 1481 375 86 benignitatemque
1438 1481 197 86 patris
1556 1481 138 86 coelt

41 1537 181 103 stis,
162 1537 261 103 malitiose
363 1537 101 103 &
403 1537 141 103 per
483 1537 282 103 contemptum
705 1537 322 103 poenitentiam
966 1537 241 103 differat
1147 1537 121 103 in
1207 1537 181 103 finem
1328 1537 201 103 usque.
1469 1537 121 103 Si
1529 1537 161 103 uero
1609 1537 101 103 car

46 1594 124 96 ne
108 1594 186 96 mundo
233 1594 104 96 &
274 1594 228 96 sathana
440 1594 311 96 praepeditus
689 1594 249 96 aliquis,
875 1594 207 96 serius
1020 1594 207 96 mentem
1165 1594 332 96 poenitentiae
1435 1594 311 96 applicarit,

42 1646 164 101 nolo
144 1646 102 101 &
185 1646 164 101 hunc
287 1646 287 101 desperare.
513 1646 123 101 Et
574 1646 225 101 quoniam
738 1646 369 101 dissertationem
1045 1646 123 101 de
1107 1646 307 101 poenitentia
1353 1646 287 101 prolixius,
1578 1646 164 101 quam

45 1703 262 91 putaram,
242 1703 262 91 produxi,
438 1703 131 91 ut
504 1703 196 91 finem
634 1703 240 91 sermoni
809 1703 262 91 imponam,
1006 1703 262 91 recitabo
1202 1703 153 91 iam
1289 1703 240 91 epilogi
1464 1703 175 91 uice
1551 1703 153 91 aurea

47 1767 182 90 plane
168 1767 182 90 uerba
289 1767 202 90 sancti
431 1767 243 90 martyris
613 1767 222 90 Christi
774 1767 101 90 &
815 1767 243 90 episcopi
997 1767 364 90 Carthaginensis
1300 1767 182 90 beati
1421 1767 263 90 Cypriani,
1603 1767 101 90 sic

37 1824 214 91 contra
186 1824 320 91 Demetrianum
443 1824 320 91 scribentis,
699 1824 235 91 Credite
870 1824 107 91 &
913 1824 235 91 uiuite,
1083 1824 107 91 &
1126 1824 150 91 qui
1212 1824 150 91 nos
1297 1824 128 91 ad
1361 1824 214 91 tempus
1489 1824 214 91 persequi

47 1882 186 80 mini,
172 1882 124 80 in
234 1882 249 80 aeternum
420 1882 228 80 gaudete
586 1882 269 80 nobiscum.
793 1882 207 80 Quando
938 1882 228 80 isthinc
1104 1882 249 80 excessum
1291 1882 228 80 fuerit,
1456 1882 207 80 nullus
1601 1882 145 80 iam

48 1927 169 93 locus
161 1927 301 93 poenitentiae
405 1927 150 93 est,
499 1927 188 93 nullus
630 1927 338 93 satisfactionis
912 1927 244 93 effectus.
1100 1927 131 93 Hic
1175 1927 150 93 uita
1269 1927 131 93 aut
1344 1927 263 93 amittitur,
1551 1927 131 93 aut
1607 1927 94 93 te-

34 1989 197 92 netur.
172 1989 138 92 Hic
251 1989 197 92 saluti
389 1989 236 92 aeternae
566 1989 177 92 cultu
684 1989 138 92 dei
762 1989 98 92 &
802 1989 197 92 fructu
940 1989 177 92 fidei
1058 1989 295 92 prouidetur.
1294 1989 138 92 Nec
1372 1989 236 92 quisquam
1550 1989 138 92 aut
1609 1989 98 92 pec

33 2042 182 86 catis
154 2042 284 86 retardetur
377 2042 142 86 aut
458 2042 203 86 annis,
600 2042 142 86 quo
681 2042 182 86 minus
803 2042 203 86 ueniat
944 2042 122 86 ad
1005 2042 324 86 consequendam
1269 2042 243 86 salutem.
1451 2042 122 86 In
1512 2042 162 86 isto
1593 2042 101 86 ad-

28 2087 147 101 huc
112 2087 189 101 mundo
238 2087 232 101 manenti
407 2087 316 101 poenitentia
659 2087 189 101 nulla
786 2087 168 101 sera
891 2087 168 101 est.
996 2087 189 101 Patet
1123 2087 126 101 ad
1186 2087 337 101 indulgentiam
1459 2087 211 101 aditus
1607 2087 105 101 :
1649 2087 105 101 &

41 2159 311 90 quaerentibus
293 2159 175 90 atque
410 2159 369 90 intelligentibus
720 2159 253 90 ueritatem
915 2159 214 90 facilis
1070 2159 233 90 accessus
1245 2159 155 90 est.
1342 2159 117 90 Tu
1400 2159 136 90 sub
1478 2159 155 90 ipso
1575 2159 175 90 licet

39 2215 180 89 exitu
159 2215 100 89 &
199 2215 180 89 uitae
319 2215 280 89 temporalis
540 2215 200 89 occasu
680 2215 140 89 pro
760 2215 240 89 delictis
940 2215 180 89 roges
1060 2215 180 89 deum,
1180 2215 140 89 qui
1260 2215 160 89 unus
1361 2215 100 89 &
1401 2215 180 89 uerus
1521 2215 160 89 est,
1601 2215 100 89 con

32 2258 261 84 fessionem
233 2258 100 84 &
273 2258 181 84 fidem
393 2258 161 84 eius
494 2258 281 84 agnitionis
714 2258 261 84 implores,
915 2258 181 84 uenia
1036 2258 281 84 confitenti
1256 2258 201 84 datur,
1397 2258 100 84 &
1437 2258 241 84 credenti
1598 2258 100 84 in-

41 2314 273 108 dulgentia
251 2314 273 108 salutaris
461 2314 126 108 de
525 2314 210 108 diuina
672 2314 231 108 pietate
840 2314 315 108 conceditur,
1092 2314 105 108 &
1134 2314 126 108 ad
1197 2314 378 108 immortalitatem
1513 2314 147 108 sub
1576 2314 126 108 ipsa

35 2371 181 96 morte
156 2371 282 96 transitur.
378 2371 161 96 Hanc
478 2371 222 96 gratiam
640 2371 242 96 Christus
821 2371 262 96 impartit:
1023 2371 141 96 hoc
1103 2371 181 96 munus
1224 2371 343 96 misericordiae
1507 2371 161 96 suae
1587 2371 101 96 tri

32 2429 176 92 buit
142 2429 287 92 subigendo
363 2429 220 92 mortem
517 2429 242 92 tropheo
693 2429 242 92 crucis,
870 2429 287 92 redimendo
1090 2429 287 92 credentem
1310 2429 220 92 pretio
1443 2429 242 92 sanguinis

29 2480 168 106 sui,
134 2480 357 106 reconciliando
428 2480 231 106 hominem
596 2480 147 106 deo
680 2480 210 106 patri,
827 2480 315 106 uiuificando
1080 2480 252 106 mortalem
1269 2480 357 106 regeneratione
1542 2480 147 106 coele

28 2542 170 84 sti.
134 2542 170 84 Hunc
240 2542 127 84 si
304 2542 191 84 fieri
431 2542 212 84 potest
580 2542 255 84 sequamur
771 2542 212 84 omnes,
920 2542 191 84 huius
1047 2542 297 84 sacramento
1281 2542 106 84 &
1323 2542 191 84 signo
1429 2542 255 84 censeamur.

28 2593 143 96 Hic
109 2593 184 96 nobis
232 2593 164 96 uiam
335 2593 184 96 uitae
458 2593 225 96 aperit.
622 2593 143 96 Hic
704 2593 123 96 ad
765 2593 266 96 paradysum
970 2593 225 96 reduces
1134 2593 205 96 facit.
1277 2593 143 96 Hic
1359 2593 123 96 ad
1421 2593 246 96 coelorum
1585 2593 102 96 re-

23 2665 144 83 gna
106 2665 268 83 perducit.
312 2665 144 83 Cum
394 2665 165 83 ipso
497 2665 206 83 semper
642 2665 247 83 uiuemus,
827 2665 103 83 &
868 2665 186 83 facti
992 2665 144 83 per
1075 2665 186 83 ipsum
1198 2665 186 83 filij
1322 2665 165 83 dei,
1425 2665 144 83 cum
1507 2665 165 83 ipso
1590 2665 103 83 sem

33 2717 151 84 per
120 2717 345 84 exultabimus,
400 2717 216 84 ipsius
551 2717 216 84 cruore
702 2717 280 84 reparati.
918 2717 216 84 Erimus
1069 2717 302 84 Christiani
1306 2717 151 84 cum
1392 2717 237 84 Christo
1543 2717 151 84 simul

23 2776 264 85 gloriosi,
226 2776 122 85 de
286 2776 142 85 deo
368 2776 183 85 patre
489 2776 203 85 beati,
631 2776 122 85 de
692 2776 243 85 perpetua
875 2776 264 85 uoluptate
1077 2776 264 85 laetantes
1280 2776 203 85 semper
1422 2776 122 85 in
1463 2776 223 85 conspectu

32 2830 160 93 dei,
132 2830 100 93 &
172 2830 219 93 agentes
331 2830 140 93 deo
411 2830 219 93 gratias
571 2830 219 93 semper.
730 2830 180 93 Neque
850 2830 160 93 enim
950 2830 219 93 poterit
1109 2830 160 93 nisi
1209 2830 100 93 &
1249 2830 200 93 laetus
1389 2830 200 93 semper
1528 2830 160 93 esse
1628 2830 100 93 &

27 2885 221 94 gratus,
188 2885 141 94 qui
268 2885 141 94 cum
349 2885 181 94 morti
469 2885 221 94 fuisset
630 2885 261 94 obnoxius,
831 2885 201 94 factus
972 2885 141 94 est
1052 2885 342 94 immortalitate
1314 2885 201 94 securus,
