2288 3632
39 313 180 98 mente
159 313 180 98 ipsa:
278 313 140 98 nec
358 313 239 98 cogitari
538 313 200 98 possit
678 313 219 98 quantus
837 313 160 98 sit:
937 313 160 98 quia
1037 313 120 98 si
1096 313 239 98 cogitari
1276 313 239 98 poterit,
1456 313 180 98 mente
1555 313 160 98 humana

51 379 181 96 minor
171 379 141 96 sit
252 379 241 96 oportet,
433 379 141 96 qua
513 379 221 96 concipi
674 379 221 96 possit.
834 379 181 96 Maior
955 379 141 96 est
1035 379 201 96 quoque
1176 379 161 96 omni
1276 379 241 96 sermone,
1457 379 141 96 nec
1537 379 161 96 dici
1618 379 100 96 pos

48 424 161 90 sit.
149 424 161 90 Quia
249 424 121 90 si
310 424 242 90 potuerit
491 424 201 90 edici,
632 424 201 90 humano
773 424 222 90 sermone
934 424 181 90 minor
1055 424 141 90 sit
1136 424 242 90 oportet,
1317 424 141 90 quo
1398 424 141 90 cum
1478 424 222 90 dicitur
1619 424 101 90 cir

44 492 202 85 cumiri
185 492 101 85 &
226 492 222 85 colligi
387 492 222 85 posset.
549 492 242 85 Quicquid
731 492 182 85 autem
852 492 121 85 de
913 492 162 85 illo
1014 492 263 85 cogitatum
1216 492 222 85 fuerit,
1377 492 182 85 minus
1499 492 162 85 ipso
1580 492 141 85 erit:

46 539 106 95 &
88 539 254 95 quicquid
278 539 296 95 enunciatum
511 539 232 95 fuerit,
680 539 190 95 minus
806 539 169 95 illi
912 539 296 95 comparatum
1145 539 211 95 circum
1292 539 190 95 ipsum
1419 539 190 95 erit.
1525 539 190 95 Sentire

46 601 165 98 enim
150 601 186 98 illum
273 601 206 98 taciti
418 601 309 98 aliquatenus
665 601 268 98 possumus:
871 601 124 98 ut
933 601 186 98 autem
1057 601 165 98 ipse
1160 601 165 98 est,
1263 601 227 98 sermone
1428 601 268 98 explicare
1614 601 103 98 non

45 665 271 89 possumus.
254 665 167 89 Siue
358 665 167 89 enim
462 665 188 89 illum
587 665 229 89 dixeris
754 665 208 89 lucem,
899 665 271 89 creaturam
1108 665 208 89 ipsius
1254 665 208 89 magis,
1399 665 167 89 quam
1504 665 188 89 ipsum
1608 665 104 89 di-

34 722 199 80 xeris,
173 722 179 80 ipsum
292 722 139 80 non
372 722 318 80 expresseris.
630 722 159 80 Siue
729 722 179 80 illum
848 722 218 80 dixeris
1007 722 258 80 uirtutem,
1206 722 258 80 potentiam
1404 722 199 80 ipsius
1543 722 199 80 magis,

40 771 178 83 quam
151 771 200 83 ipsum
284 771 245 83 dixeris
462 771 111 83 &
507 771 378 83 deprompseris.
818 771 178 83 Siue
929 771 245 83 dixeris
1107 771 334 83 maiestatem,
1374 771 245 83 honorem
1530 771 178 83 ipsius

41 833 186 80 magis
165 833 165 80 quam
268 833 186 80 illum
392 833 186 80 ipsum
516 833 351 80 descripseris.
805 833 124 80 Et
867 833 165 80 quid
970 833 144 80 per
1053 833 227 80 singula
1218 833 227 80 quaeque
1383 833 289 80 percurrens
1589 833 124 80 lon-

31 876 150 101 gum
116 876 215 101 facio?
267 876 193 101 Semel
395 876 193 101 totum
524 876 300 101 explicabo,
760 876 257 101 Quicquid
953 876 215 101 omnino
1103 876 129 101 de
1168 876 172 101 illo
1275 876 300 101 retuleris,
1511 876 150 101 rem
1575 876 129 101 ali-

40 946 169 84 quam
145 946 211 84 illius
293 946 211 84 magis,
441 946 169 84 quam
546 946 190 84 ipsum
673 946 359 84 explicaueris.
968 946 169 84 Quid
1073 946 169 84 enim
1179 946 127 84 de
1242 946 127 84 eo
1305 946 253 84 condigne
1495 946 190 84 dicas
1601 946 105 84 aut

39 989 256 100 sentias,
231 989 149 100 qui
316 989 235 100 omnibus
486 989 107 100 &
529 989 299 100 sermonibus
764 989 107 100 &
806 989 256 100 sensibus
998 989 192 100 maior
1126 989 171 100 est:
1233 989 171 100 nisi
1339 989 171 100 quod
1446 989 149 100 uno
1531 989 171 100 modo
1638 989 107 100 &

35 1048 158 101 hoc
126 1048 225 101 ipsum,
283 1048 248 101 quomodo
464 1048 293 101 possumus,
689 1048 248 101 quomodo
869 1048 270 101 capimus,
1072 1048 248 101 quomodo
1252 1048 338 101 intelligere
1523 1048 225 101 licet,

31 1110 165 95 quid
135 1110 145 95 sit
217 1110 165 95 deus
321 1110 186 95 mente
445 1110 269 95 capiemus,
651 1110 124 95 si
713 1110 351 95 cogitauerimus
1002 1110 124 95 id
1064 1110 186 95 illum
1188 1110 186 95 esse,
1312 1110 165 95 quod
1416 1110 186 95 quale
1540 1110 124 95 et
1581 1110 124 95 quan

32 1167 141 84 tum
112 1167 141 84 sit
193 1167 141 84 non
273 1167 201 84 possit
414 1167 281 84 intelligi,
634 1167 141 84 nec
715 1167 121 84 in
775 1167 181 84 ipsam
896 1167 201 84 quidem
1036 1167 321 84 cogitationem
1297 1167 201 84 possit
1438 1167 221 84 uenire.
1599 1167 141 84 Nam

32 1216 127 89 si
95 1216 127 89 ad
159 1216 191 89 solis
286 1216 254 89 aspectum
476 1216 254 89 oculorum
667 1216 275 89 nostrorum
879 1216 191 89 acies
1006 1216 275 89 hebescit,
1217 1216 127 89 ne
1281 1216 191 89 orbem
1408 1216 191 89 ipsum
1514 1216 191 89 obtutus

37 1272 278 82 inspiciat
250 1272 257 82 obuiorum
443 1272 171 82 sibi
550 1272 278 82 superatus
763 1272 235 82 fulgore
934 1272 278 82 radiorum:
1148 1272 150 82 hoc
1234 1272 171 82 idem
1341 1272 214 82 mentis
1490 1272 192 82 acies
1597 1272 107 82 pa-

36 1338 195 77 titur
166 1338 130 77 in
232 1338 325 77 cogitatione
492 1338 174 77 omni
600 1338 130 77 de
666 1338 174 77 deo:
774 1338 108 77 &
817 1338 217 77 quanto
969 1338 130 77 ad
1034 1338 369 77 considerandum
1338 1338 174 77 deum
1447 1338 174 77 plus
1533 1338 174 77 inten-

38 1385 199 81 ditur,
178 1385 179 81 tanto
297 1385 179 81 magis
417 1385 160 81 ipsa
517 1385 319 81 cogitationis
776 1385 160 81 suae
876 1385 160 81 luce
975 1385 259 81 caecatur.
1175 1385 160 81 Quid
1274 1385 160 81 enim
1374 1385 120 81 de
1434 1385 179 81 eosut
1533 1385 160 81 iterum

27 1450 255 82 repetam)
218 1450 255 82 condigne
409 1450 212 82 dicas,
557 1450 149 82 qui
642 1450 149 82 est
727 1450 318 82 sublimitate
982 1450 170 82 omni
1088 1450 297 82 sublimior,
1321 1450 106 82 &
1364 1450 297 82 altitudine
1576 1450 127 82 omni

26 1508 229 80 altior,
193 1508 104 80 &
235 1508 250 80 profundo
422 1508 167 80 omni
527 1508 313 80 profundior,
777 1508 104 80 &
819 1508 167 80 omni
923 1508 167 80 luce
1027 1508 271 80 lucidior,
1236 1508 104 80 &
1278 1508 167 80 omni
1382 1508 271 80 claritate
1570 1508 125 80 cla-

32 1553 179 94 rior,
151 1553 159 94 omni
251 1553 259 94 splendore
450 1553 318 94 splendidior,
708 1553 159 94 omni
808 1553 199 94 robore
947 1553 278 94 robustior,
1166 1553 159 94 omni
1265 1553 219 94 uirtute
1425 1553 259 94 uiritior,
1604 1553 99 94 o-

28 1613 146 90 mni
111 1613 354 90 pulchritudine
403 1613 291 90 pulchrior,
631 1613 250 90 ueritate
819 1613 166 90 omni
922 1613 229 90 uerior,
1089 1613 104 90 &
1130 1613 312 90 fortitudine
1380 1613 166 90 omni
1484 1613 250 90 fortior,

31 1662 106 96 &
73 1662 276 96 maiestate
285 1662 170 96 omni
391 1662 212 96 maior,
540 1662 106 96 &
582 1662 170 96 omni
688 1662 254 96 potentia
879 1662 297 96 potentior,
1112 1662 106 96 &
1155 1662 233 96 omnibus
1324 1662 254 96 diuitijs
1494 1662 191 96 ditior.

27 1730 167 74 omni
131 1730 271 74 prudentia
340 1730 312 74 prudentior,
589 1730 104 74 &
631 1730 167 74 omni
735 1730 312 74 benignitate
985 1730 292 74 benignior,
1214 1730 167 74 omni
1318 1730 250 74 bonitate
1506 1730 229 74 melior,

34 1783 169 75 omni
139 1783 253 75 iustitia
329 1783 253 75 iustior,
518 1783 169 75 omni
624 1783 274 75 clementia
834 1783 316 75 clementior.
1087 1783 211 75 Munera
1235 1783 169 75 enim
1340 1783 169 75 sunt
1445 1783 232 75 necesse
1593 1783 105 75 est

31 1830 222 97 omnium
186 1830 222 97 genera
342 1830 266 97 uirtutum
541 1830 133 97 eo
608 1830 178 97 ipso
719 1830 155 97 qui
808 1830 266 97 uirtutum
1008 1830 222 97 omnium
1163 1830 111 97 &
1208 1830 178 97 deus
1319 1830 111 97 &
1363 1830 222 97 parens
1518 1830 178 97 est:
1607 1830 89 97 ut

34 1892 161 104 uere
135 1892 161 104 dici
236 1892 202 104 possit
377 1892 121 104 id
437 1892 161 104 deus
538 1892 161 104 esse
639 1892 222 104 quoddam
801 1892 242 104 eiusmodi
982 1892 161 104 esse
1083 1892 141 104 cui
1164 1892 262 104 comparari
1366 1892 182 104 nihil
1487 1892 222 104 potest.
1628 1892 81 104 Su

28 1947 146 83 per
111 1947 166 83 omne
215 1947 146 83 est
298 1947 166 83 enim
402 1947 166 83 quod
506 1947 166 83 dici
610 1947 229 83 potest.
777 1947 250 83 Hactenus
964 1947 312 83 Tertulliani
1213 1947 187 83 uerba
1317 1947 229 83 recensui,

120 1994 239 93 Quamuis
294 1994 196 93 autem
425 1994 174 93 haec
534 1994 131 93 se
599 1994 218 93 omnino
751 1994 152 93 sic
838 1994 239 93 habeant
1013 1994 152 93 nec
1100 1994 174 93 ulla
1208 1994 152 93 uel
1295 1994 283 93 angelorum
1513 1994 152 93 uel
1578 1994 131 93 homi

29 2056 138 87 num
108 2056 197 87 lingua
246 2056 178 87 plene
365 2056 316 87 explicauerit
621 2056 178 87 quid,
739 2056 178 87 quis,
858 2056 138 87 uel
937 2056 197 87 qualis
1075 2056 138 87 sit
1154 2056 178 87 deus,
1272 2056 138 87 cum
1351 2056 158 87 eius
1450 2056 237 87 maiestas
1607 2056 99 87 sit

23 2115 232 93 immensa
191 2115 105 93 &
233 2115 337 93 ineffabilis,
507 2115 274 93 scriptura
718 2115 211 93 tamen,
865 2115 168 93 quae
970 2115 211 93 uerbum
1118 2115 147 93 dei
1202 2115 168 93 est,
1307 2115 316 93 attemperans
1560 2115 126 93 se
1602 2115 105 93 no-

16 2162 181 99 strae
137 2162 363 99 imbecillitati,
439 2162 202 99 modos,
580 2162 202 99 formas
721 2162 141 99 uel
802 2162 242 99 rationes
983 2162 222 99 aliquot
1145 2162 181 99 nobis
1266 2162 302 99 suppeditat,
1508 2162 141 99 per
1568 2162 121 99 quas

29 2220 203 89 saltem
171 2220 122 89 in
232 2220 223 89 aliquam
394 2220 142 89 dei
475 2220 325 89 cognitionem,
739 2220 162 89 quae
841 2220 223 89 interim
1004 2220 183 89 nobis
1125 2220 264 89 sufficiat
1328 2220 183 89 donec
1450 2220 142 89 hic
1532 2220 122 89 in
1572 2220 122 89 ter-

26 2286 148 83 ris
110 2286 253 83 uiuimus,
300 2286 295 83 inducamur:
532 2286 148 83 ita
616 2286 190 83 tamen
743 2286 127 83 ut
806 2286 274 83 cogitemus
1017 2286 253 83 perpetuo
1207 2286 253 83 immensum
1397 2286 253 83 definiri
1587 2286 148 83 non

18 2335 208 82 posse,
164 2335 146 82 sed
247 2335 292 82 occasionem
476 2335 250 82 duntaxat
664 2335 229 82 aliquam
830 2335 271 82 praeberi,
1038 2335 146 82 qua
1122 2335 125 82 ad
1184 2335 208 82 maiora
1330 2335 312 82 perspiritus
1559 2335 125 82 illu

26 2401 296 77 minationem
259 2401 296 77 efferamur:
491 2401 275 77 semperque
703 2401 127 77 in
766 2401 148 77 hac
851 2401 338 77 disputatione
1126 2401 127 77 ob
1189 2401 212 77 oculos
1338 2401 190 77 nobis
1443 2401 233 77 praefixum

23 2446 265 92 teneamus
222 2446 155 92 hoc
310 2446 310 92 uerissimum
554 2446 243 92 aeterni
731 2446 155 92 dei
819 2446 243 92 dictum,
996 2446 133 92 ad
1063 2446 199 92 Mosen
1195 2446 288 92 prolatum,
1417 2446 155 92 Non
1483 2446 199 92 poteris

30 2508 229 89 uidere
191 2508 229 89 faciem
351 2508 206 89 meam.
489 2508 161 89 Non
581 2508 184 89 enim
695 2508 252 89 uidebit
879 2508 138 89 me
948 2508 184 89 homo
1063 2508 115 89 &
1108 2508 229 89 uiuet.
1269 2508 161 89 Vbi
1361 2508 184 89 enim
1476 2508 184 89 hinc
1567 2508 115 89 mi-

21 2563 310 89 grauerimus
264 2563 199 89 exuti
397 2563 332 89 mortalitate
663 2563 111 89 &
707 2563 332 89 infirmitate
973 2563 244 89 humana,
1150 2563 244 89 diuinam
1328 2563 288 89 uidebimus
1527 2563 155 89 maie-

23 2618 224 84 statem.
186 2618 143 84 Nam
267 2618 224 84 Ioannes
430 2618 265 84 apostolus
634 2618 204 84 dixit,
777 2618 204 84 Scimus
920 2618 224 84 quoniam
1083 2618 122 84 si
1144 2618 306 84 apparuerit,
1389 2618 224 84 similes
1552 2618 122 84 ei
1592 2618 82 84 e-

20 2678 231 75 rimus:
182 2678 254 75 quoniam
366 2678 300 75 uidebimus
597 2678 162 75 eum
689 2678 231 75 sicuti
851 2678 185 75 est.
966 2678 162 75 Cum
1059 2678 162 75 his
1151 2678 346 75 meminerimus
1428 2678 115 75 &
1451 2678 231 75 uerborum

25 2717 191 99 Pauli
152 2717 255 99 apostoli
344 2717 277 99 dicentis,
557 2717 255 99 Cernimus
748 2717 170 99 nunc
854 2717 149 99 per
939 2717 255 99 speculum
1131 2717 128 99 in
1195 2717 298 99 aenigmate,
1429 2717 170 99 tunc
1535 2717 191 99 autem

22 2778 182 92 facie
143 2778 122 92 ad
204 2778 223 92 faciem.
366 2778 223 92 Proinde
529 2778 162 92 nemo
630 2778 324 92 praescriptos
893 2778 243 92 terminos
1076 2778 304 92 transilire,
1319 2778 142 92 aut
1400 2778 203 92 tempus
1522 2778 162 92 desti-

25 2850 183 80 natum
147 2850 326 80 praeuertere,
412 2850 102 80 &
452 2850 143 80 dei
534 2850 224 80 faciem,
697 2850 183 80 ipsam
819 2850 204 80 inquam
961 2850 143 80 dei
1043 2850 285 80 essentiam,
1267 2850 224 80 intueri
1430 2850 122 80 in
1491 2850 143 80 hac
1552 2850 122 80 car-

18 2902 116 94 ne
76 2902 97 94 &
114 2902 116 94 in
172 2902 135 94 hoc
250 2902 213 94 saeculo
404 2902 213 94 uiuens,
559 2902 174 94 impia
675 2902 290 94 curiositate
907 2902 271 94 audaciaque
1119 2902 271 94 praesumat.
1332 2902 251 94 Sufficiat
1525 2902 193 94 cuique

19 2953 159 95 illa
118 2953 139 95 dei
198 2953 278 95 reuelatio,
416 2953 159 95 quam
516 2953 159 95 ipse
615 2953 179 95 nobis
734 2953 119 95 in
794 2953 179 95 uerbo
913 2953 139 95 suo
993 2953 238 95 dignatur
1171 2953 238 95 aperire,
1350 2953 219 95 nimirum
1509 2953 139 95 pro
1569 2953 119 95 bona
