2288 3632
482 327 249 94 spectri,
669 327 145 94 uel
752 327 291 94 posteriora
981 327 166 94 mea.
1084 327 249 94 Caeterum
1271 327 291 94 posteriora
1500 327 145 94 dei
1583 327 166 94 sunt
1687 327 187 94 dicta
1811 327 104 94 &
1853 327 187 94 facta
1977 327 166 94 dei,
2060 327 125 94 quae

488 392 164 91 post
590 392 123 91 se
651 392 287 91 relinquit,
877 392 123 91 ut
938 392 123 91 ex
1000 392 184 91 ipsis
1122 392 143 91 eum
1204 392 307 91 aestimemus,
1450 392 205 91 Rursus
1594 392 328 91 contemplatio
1860 392 205 91 faciei
1983 392 184 91 sumitur

504 459 150 72 pro
589 459 321 72 exactissima
846 459 321 72 cognitione.
1103 459 150 72 Qui
1188 459 193 72 autem
1317 459 128 72 in
1381 459 214 72 tergum
1531 459 257 72 duntaxat
1724 459 300 72 aspiciunt,
1959 459 193 72 minus
2066 459 107 72 exa

498 510 147 69 cte
582 510 314 69 cognoscunt.
833 510 252 69 Preterea
1022 510 356 69 posterioribus
1316 510 293 69 temporibus
1546 510 189 69 misit
1672 510 168 69 deus
1777 510 210 69 filium
1923 510 168 69 suum
2028 510 126 69 in
2070 510 105 69 mun

495 562 175 84 dum,
604 562 197 84 natum
736 562 131 84 ex
801 562 262 84 muliere.
998 562 175 84 Quem
1107 562 153 84 qui
1195 562 175 84 fide
1304 562 394 84 contemplantur,
1632 562 328 84 diuinitatem
1895 562 219 84 quidem
2048 562 131 84 in
2092 562 87 84 hu

497 618 244 88 manitate
679 618 142 88 non
761 618 223 88 uident,
923 618 122 88 ex
984 618 203 88 dictis
1126 618 183 88 tamen
1248 618 102 88 &
1289 618 203 88 factis
1431 618 284 88 cognoscunt
1654 618 162 88 quis
1756 618 142 88 sit
1837 618 183 88 deus,
1959 618 223 88 adeoque
2101 618 81 88 pa

509 675 179 83 trem
620 675 246 83 cernunt
799 675 134 83 in
866 675 224 83 filio.
1023 675 246 83 Discunt
1202 675 179 83 enim
1314 675 179 83 quod
1426 675 179 83 deus
1537 675 224 83 summum
1694 675 201 83 bonum
1828 675 179 83 est,
1940 675 112 83 &
1985 675 179 83 quod
2074 675 112 83 fi-

510 749 150 66 lius
604 749 132 66 dei
679 749 150 66 deus
773 749 150 66 est,
867 749 169 66 patri
980 749 263 66 coaequalis
1187 749 94 66 &
1224 749 395 66 consubstantialis,

587 787 278 73 Videamus
795 787 162 73 iam
888 787 254 73 quomodo
1073 787 139 73 se
1142 787 324 73 exhibuerit
1397 787 185 73 deus
1512 787 185 73 Mosi
1628 787 116 73 (
1674 787 208 73 iuxta
1813 787 347 73 promisionem
2067 787 116 73 au-

506 843 198 77 ditam
638 843 286 77 hactenus)
858 843 286 77 uisendum.
1079 843 264 77 Diluculo
1277 843 242 77 surgens
1453 843 198 77 Moses
1585 843 264 77 ascendit
1784 843 132 77 in
1850 843 220 77 montem
1982 843 198 77 alacris

505 915 126 63 ad
568 915 231 63 petram,
736 915 168 63 quam
840 915 314 63 indicauerat
1092 915 252 63 dominus,
1281 915 105 63 &
1323 915 231 63 recipit
1490 915 126 63 se
1553 915 126 63 in
1616 915 273 63 cauernam,
1826 915 273 63 cupideque
2014 915 168 63 uisio-

511 966 146 65 nem
595 966 167 65 siue
699 966 335 65 reuelationem
971 966 146 65 dei
1055 966 272 65 expectat.
1264 966 230 65 Dominus
1431 966 167 65 uero
1536 966 272 65 descendit
1745 966 125 65 in
1808 966 188 65 nube,
1933 966 251 65 uenitque
2100 966 84 65 in

510 1013 224 72 montem
666 1013 134 72 ad
733 1013 269 72 cauernam
935 1013 246 72 petrae,
1114 1013 134 72 in
1181 1013 157 72 qua
1270 1013 313 72 expectabat
1517 1013 224 72 Moses.
1673 1013 157 72 Mox
1763 1013 179 72 uero
1875 1013 246 72 obtecta
2031 1013 157 72 facie

503 1072 196 67 Mosis,
641 1072 235 67 transijt
817 1072 235 67 spectrum
993 1072 157 67 dei,
1091 1072 118 67 id
1150 1072 137 67 est
1228 1072 215 67 species
1385 1072 157 67 illa
1483 1072 196 67 humana
1620 1072 98 67 a
1659 1072 137 67 deo
1737 1072 235 67 assumpta
1914 1072 98 67 :
1953 1072 196 67 cumque
2090 1072 137 67 iam

501 1127 212 68 tergum
649 1127 170 68 Mosi
756 1127 297 68 obuerteret
989 1127 276 68 spectrum,
1201 1127 149 68 nec
1286 1127 127 68 in
1350 1127 212 68 uultum
1499 1127 255 68 aspicere
1690 1127 234 68 amplius
1860 1127 212 68 posset
2008 1127 212 68 Moses,

506 1196 240 59 remouit
681 1196 240 59 dominus
856 1196 218 59 manum,
1009 1196 131 59 ac
1074 1196 197 59 Moses
1205 1196 306 59 aspiciebat
1445 1196 131 59 in
1511 1196 306 59 posteriora
1751 1196 240 59 domini.
1926 1196 175 59 Vnde
2013 1196 175 59 colli-

502 1232 187 87 gebat
627 1232 166 87 deum
730 1232 290 87 aliquando,
958 1232 145 87 hoc
1041 1232 145 87 est
1124 1232 352 87 posterioribus
1414 1232 269 87 saeculis,
1621 1232 166 87 fore
1725 1232 311 87 incarnandum
1974 1232 187 87 atque
2077 1232 104 87 ita

514 1304 297 67 reuelandum
747 1304 191 67 orbi.
875 1304 127 67 De
938 1304 149 67 qua
1023 1304 318 67 reuelatione
1278 1304 234 67 dicemus
1448 1304 191 67 paulo
1575 1304 170 67 post
1681 1304 212 67 plura.
1830 1304 191 67 Simul
1957 1304 191 67 etiam
2064 1304 127 67 cla-

509 1353 196 68 mauit
640 1353 261 68 dominus,
836 1353 109 68 &
880 1353 261 68 catalogo
1076 1353 218 68 quodam
1228 1353 153 68 uti
1315 1353 305 68 promiserat
1555 1353 218 68 nomina
1708 1353 153 68 sua
1795 1353 305 68 recensuit,
2013 1353 174 68 quibus

512 1416 233 62 naturam
681 1416 169 62 suam
787 1416 212 62 ueluti
935 1416 318 62 adumbrauit.
1190 1416 191 62 Dixit
1317 1416 191 62 enim,
1444 1416 233 62 Iehouah
1613 1416 254 62 Iehouah,
1804 1416 169 62 deus
1910 1416 318 62 misericors,

517 1464 106 67 &
559 1464 297 67 beneficus,
793 1464 318 67 longanimis,
1048 1464 255 67 immensae
1239 1464 276 67 bonitatis
1451 1464 106 67 &
1493 1464 297 67 ueritatis,
1727 1464 297 67 custodiens
1939 1464 255 67 beneficen-

530 1532 169 63 tiam
635 1532 126 63 in
698 1532 211 63 mille,
846 1532 253 63 auferens
1035 1532 147 63 uel
1120 1532 274 63 condonans
1330 1532 316 63 iniquitatem
1583 1532 400 63 transgressionem
1920 1532 105 63 &
1962 1532 274 63 peccatum

520 1582 237 61 attamen
693 1582 301 61 sceleratum
930 1582 151 61 non
1016 1582 280 61 dimittens
1231 1582 301 61 impunitum,
1468 1582 258 61 uisitans
1662 1582 323 61 iniquitatem
1920 1582 215 61 patrum
2071 1582 129 61 in
2114 1582 86 61 fi

513 1638 175 67 lijs
623 1638 110 67 &
667 1638 285 67 nepotibus
886 1638 132 67 in
951 1638 241 67 tertiam
1127 1638 110 67 &
1171 1638 241 67 quartam
1346 1638 373 67 generationem.
1653 1638 153 67 Hoc
1741 1638 175 67 quid
1850 1638 197 67 aliud
1982 1638 153 67 est
2069 1638 175 67 quam

526 1693 116 69 si
584 1693 252 69 dixisset?
777 1693 135 69 Ego
855 1693 135 69 sum
932 1693 232 69 essentia
1106 1693 155 69 illa
1203 1693 252 69 increata,
1397 1693 116 69 ex
1455 1693 194 69 meipso
1590 1693 116 69 ab
1648 1693 194 69 eterno
1784 1693 252 69 existens,
1977 1693 155 69 quae
2055 1693 135 69 omni-

520 1747 145 62 bus
603 1747 166 62 esse
707 1747 248 62 confert,
893 1747 166 62 quae
996 1747 186 62 omnia
1121 1747 124 62 in
1183 1747 166 62 esse
1286 1747 290 62 conseruat.
1514 1747 145 62 Ego
1597 1747 145 62 sum
1680 1747 166 62 deus
1783 1747 207 62 fortis
1928 1747 104 62 &
1949 1747 248 62 omnipotes.

519 1805 157 59 Non
608 1805 224 59 abutor
765 1805 157 59 mea
854 1805 291 59 potentia.
1078 1805 157 59 Sum
1168 1805 179 59 enim
1279 1805 246 59 clemens
1459 1805 112 59 &
1503 1805 336 59 misericors,
1772 1805 157 59 qui
1861 1805 179 59 meas
1973 1805 157 59 amo
2040 1805 157 59 crea-

528 1872 209 55 turas,
675 1872 230 55 hominem
842 1872 126 55 in
905 1872 230 55 primis,
1072 1872 126 55 in
1135 1872 167 55 quem
1239 1872 188 55 totis
1365 1872 272 55 incalesco
1574 1872 314 55 uisceribus.
1825 1872 146 55 Sum
1909 1872 188 55 diues
2035 1872 105 55 &
2056 1872 146 55 bene-

530 1918 190 71 ficus
657 1918 338 71 creaturisque
931 1918 169 71 meis
1037 1918 253 71 iuuandis
1227 1918 380 71 promptissimus.
1543 1918 211 71 Gratis
1691 1918 190 71 omnia
1818 1918 253 71 confero.
2008 1918 148 71 Sum
2071 1918 127 71 lon-

519 1981 232 67 ganimis
687 1981 274 67 minimeque
898 1981 232 67 hominum
1067 1981 169 67 more
1172 1981 337 67 irritabilis,
1446 1981 316 67 praecepsque
1698 1981 126 67 ad
1762 1981 295 67 uindictam.
1993 1981 190 67 Neque
2099 1981 105 67 ue-

520 2031 126 63 ro
583 2031 210 63 parcus
730 2031 147 63 aut
814 2031 252 63 malignus
1004 2031 168 63 sum,
1109 2031 126 63 ut
1172 2031 189 63 solet
1298 2031 210 63 uulgus
1446 2031 231 63 diuitum
1614 2031 126 63 in
1677 2031 147 63 hoc
1761 2031 252 63 saeculo.
1951 2031 147 63 Sum
2014 2031 189 63 libera-

522 2080 253 63 lissimus
712 2080 105 63 &
754 2080 464 63 beneficentissimus,
1155 2080 232 63 gaudens
1323 2080 253 63 distrahi
1513 2080 105 63 &
1555 2080 295 63 beneficijs
1787 2080 274 63 adoperire
1998 2080 253 63 fideles.

523 2140 151 67 Sum
610 2140 281 67 praeterea
826 2140 237 67 fidelis
998 2140 108 67 &
1041 2140 216 67 uerax.
1193 2140 151 67 Nec
1279 2140 194 67 fallo
1408 2140 281 67 quenquam,
1624 2140 151 67 nec
1711 2140 237 67 mentior
1883 2140 281 67 quicquam:
2077 2140 130 67 quod

521 2194 264 75 promitto,
724 2194 264 75 fideliter
927 2194 244 75 praesto.
1110 2194 183 75 Neque
1232 2194 163 75 uero
1333 2194 163 75 opes
1435 2194 163 75 meas
1537 2194 244 75 prodigo,
1719 2194 142 75 aut
1801 2194 142 75 has
1882 2194 244 75 spargens
2065 2194 122 75 in
2105 2194 102 75 ho-

532 2254 214 63 mines,
681 2254 235 63 deficio
852 2254 214 63 tandem
1001 2254 299 63 exhaustus.
1236 2254 256 63 Custodio
1428 2254 171 63 enim
1535 2254 363 63 beneficentiam
1834 2254 128 63 in
1898 2254 192 63 mille
2005 2254 192 63 genera-

530 2299 227 66 tiones:
695 2299 124 66 ut
757 2299 248 66 quanquam
943 2299 186 66 prius
1067 2299 248 66 saeculum
1253 2299 124 66 ex
1315 2299 165 66 meis
1418 2299 206 66 opibus
1562 2299 268 66 splendide
1769 2299 248 66 uixerit,
1954 2299 227 66 posteri
2099 2299 103 66 ta-

532 2366 148 67 men
616 2366 127 67 ad
680 2366 190 67 finem
807 2366 190 67 usque
934 2366 233 67 saeculi
1103 2366 317 67 nihilominus
1357 2366 127 67 in
1420 2366 127 67 me
1484 2366 275 67 inueniant
1695 2366 169 67 quod
1801 2366 127 67 ad
1865 2366 254 67 iucundam
2034 2366 169 67 satie-

526 2418 196 73 tatem
657 2418 283 73 exaturet.
875 2418 153 73 Sum
962 2418 174 73 enim
1071 2418 174 73 fons
1180 2418 240 73 bonorum
1354 2418 349 73 inexhaustus.
1637 2418 131 73 Si
1703 2418 174 73 quis
1812 2418 174 73 uero
1921 2418 131 73 in
1986 2418 131 73 me
2030 2418 174 73 pecca-

520 2473 166 64 rit,
624 2473 249 64 ipsumque
811 2473 249 64 sceleris
998 2473 228 64 pigeat,
1164 2473 145 64 non
1247 2473 145 64 sum
1330 2473 353 64 implacabilis,
1620 2473 208 64 Sponte
1765 2473 166 64 enim
1869 2473 228 64 condono
2014 2473 187 64 errores

528 2530 227 74 peccata
693 2530 124 74 ac
755 2530 248 74 scelera.
941 2530 165 74 Ideo
1044 2530 186 74 tamen
1168 2530 165 74 nemo
1271 2530 268 74 existimet
1477 2530 124 74 me
1539 2530 248 74 peccatis
1725 2530 268 74 oblectari
1931 2530 144 74 aut
1993 2530 206 74 patronum

523 2590 167 63 esse
627 2590 354 63 sceleratorum.
919 2590 167 63 Idem
1024 2590 167 63 enim
1128 2590 292 63 sceleratos
1357 2590 104 63 &
1399 2590 354 63 impoenitentes
1691 2590 209 63 punio:
1837 2590 167 63 meos
1941 2590 188 63 item,
2066 2590 125 63 ut
2108 2590 104 63 re-

538 2642 214 68 tineam
688 2642 129 68 in
752 2642 257 68 officio,
945 2642 257 68 castigo.
1138 2642 171 68 Nemo
1245 2642 193 68 autem
1373 2642 193 68 putet
1502 2642 129 68 se
1566 2642 214 68 impune
1716 2642 321 68 peccaturum,
1973 2642 171 68 quod
2059 2642 150 68 uidet

520 2696 235 77 maiores
691 2696 171 77 suos
797 2696 214 77 impune
947 2696 278 77 peccasse,
1160 2696 150 77 hoc
1246 2696 150 77 est
1331 2696 150 77 non
1417 2696 256 77 protinus
1609 2696 171 77 esse
1716 2696 256 77 deletos,
1908 2696 235 77 Reseruo
2079 2696 171 77 enim

525 2749 280 73 uindictam
741 2749 129 73 in
805 2749 215 73 tempus
956 2749 237 73 iustum,
1128 2749 258 73 modisque
1322 2749 237 73 omnibus
1494 2749 151 73 ita
1581 2749 129 73 me
1645 2749 194 73 gero,
1774 2749 129 73 ut
1839 2749 194 73 omnes
1968 2749 215 73 fateri
2097 2749 108 73 co-

522 2813 201 70 gantur
663 2813 121 70 me
723 2813 161 70 esse
823 2813 161 70 deum
924 2813 241 70 iudicij.
1105 2813 161 70 Haec
1205 2813 141 70 cum
1286 2813 241 70 audisset
1466 2813 121 70 ac
1527 2813 241 70 uidisset
1708 2813 201 70 seruus
1848 2813 141 70 dei
1929 2813 201 70 Moses,
2049 2813 161 70 festi-

531 2880 187 61 nauit
656 2880 311 61 prociditque
904 2880 124 61 in
967 2880 207 61 terram
1112 2880 124 61 ac
1174 2880 269 61 adorauit.
1381 2880 166 61 Idem
1485 2880 249 61 faciamus
1671 2880 104 61 &
1713 2880 166 61 nos,
1816 2880 187 61 certi
1941 2880 166 61 quod
2023 2880 187 61 dominus

536 2922 147 72 non
620 2922 293 72 dignabitur
850 2922 126 72 se
913 2922 105 72 &
955 2922 231 72 gloriam
1123 2922 189 72 suam,
1249 2922 189 72 quoad
1375 2922 126 72 in
1437 2922 189 72 hisce
1563 2922 210 72 terris
1710 2922 293 72 uixerimus,
1940 2922 231 72 plenius
2087 2922 126 72 nisi

538 2981 116 71 in
596 2981 231 71 exhibito
769 2981 212 71 Christo
923 2981 250 71 reuelare.
1115 2981 154 71 Quae
1212 2981 193 71 itaque
1346 2981 308 71 sufficiebant
1597 2981 173 71 Mosi,
1712 2981 270 71 sufficiant
1924 2981 96 71 &
1963 2981 193 71 nobis,
2078 2981 135 71 suffi

536 3028 155 91 ciat
632 3028 232 91 cognitio
787 3028 194 91 Christi.
