2288 3632
524 341 163 97 quis
625 341 142 97 sit
707 341 183 97 deus.
829 341 183 97 Talis
951 341 163 97 enim
1052 341 142 97 est
1134 341 183 97 deus,
1256 341 203 97 qualem
1398 341 122 97 se
1459 341 183 97 nobis
1581 341 122 97 in
1642 341 224 97 Christo
1805 341 224 97 exhibet
1947 341 244 97 cognofeen-

529 411 159 82 dum:
629 411 179 82 atque
748 411 119 82 in
808 411 139 82 hoc
887 411 159 82 ipso
987 411 179 82 alibi
1106 411 279 82 constituit
1325 411 179 82 uitam
1445 411 259 82 aeternam,
1644 411 219 82 dicens,
1803 411 159 82 Haec
1902 411 139 82 est
1982 411 179 82 autem
2082 411 119 82 uita

519 482 254 69 aeterna,
710 482 127 69 ut
773 482 297 69 cognoscant
1007 482 127 69 te
1070 482 191 69 solum
1197 482 170 69 deum
1303 482 212 69 uerum,
1452 482 106 69 &
1494 482 170 69 quem
1600 482 233 69 misisti
1770 482 191 69 Iesum
1897 482 276 69 Christum.
2088 482 106 69 Ca-

524 528 160 70 ueat
624 528 140 70 qui
704 528 160 70 sibi
803 528 259 70 consultum
1003 528 200 70 cupit,
1143 528 120 70 ne
1202 528 160 70 quid
1302 528 219 70 amplius
1462 528 180 70 scire
1581 528 200 70 uelit,
1721 528 160 70 quam
1821 528 120 70 in
1881 528 219 70 Christo
2040 528 120 70 ab
2080 528 120 70 ipso

526 572 144 81 deo
609 572 186 81 nobis
733 572 248 81 traditum
918 572 165 81 est.
1022 572 248 81 Quisquis
1207 572 186 81 autem
1331 572 227 81 Christo
1496 572 268 81 neglecto,
1703 572 248 81 dictamem
1888 572 103 81 &
1909 572 289 81 subtilitates

536 632 220 86 ingenij
696 632 200 86 humani
836 632 260 86 sequitur,
1036 632 260 86 euanescit
1236 632 180 86 certe
1356 632 100 86 &
1396 632 180 86 perit
1516 632 120 86 in
1576 632 160 86 suis
1656 632 340 86 cogitationibus,

606 698 218 74 Quarta
759 698 328 74 cognoscendi
1021 698 153 74 dei
1108 698 197 74 ratio
1239 698 240 74 petitur
1414 698 131 74 ex
1480 698 393 74 contemplatione
1807 698 218 74 operum
1960 698 197 74 eius.
2091 698 153 74 Nam

538 742 193 87 Dauid
666 742 214 87 canit,
816 742 193 87 Coeli
944 742 257 87 enarrant
1137 742 236 87 gloriam
1309 742 171 87 dei,
1416 742 107 87 &
1458 742 193 87 opera
1587 742 214 87 manuum
1737 742 171 87 eius
1844 742 278 87 annunciat
2037 742 171 87 firma-

525 801 230 74 mentum.
692 801 146 74 Sed
776 801 104 74 &
818 801 209 74 Paulus
964 801 293 74 apostolus,
1194 801 167 74 Quae
1298 801 167 74 sunt
1403 801 313 74 inuisibilia
1654 801 167 74 dei,
1758 801 230 74 inquit,
1925 801 125 74 ex
1967 801 230 74 creatione

525 862 192 79 mundi
652 862 149 79 dum
738 862 149 79 per
823 862 192 79 opera
951 862 383 79 intelliguntur,
1270 862 341 79 peruidentur,
1547 862 170 79 ipsa
1653 862 192 79 nempe
1781 862 234 79 aeterna
1951 862 170 79 eius
2037 862 170 79 poten-

542 910 131 81 tia
617 910 112 81 ac
673 910 261 81 diuinitas.
878 910 112 81 En
934 910 205 81 aeterna
1083 910 131 81 dei
1158 910 224 81 potentia
1326 910 93 81 &
1363 910 261 81 diuinitas,
1568 910 280 81 inuisibilia
1792 910 149 81 illa
1885 910 131 81 dei
1960 910 168 81 sunt,
2071 910 131 81 sed
2127 910 75 81 ea

542 992 351 57 intelliguntur
831 992 124 57 ex
893 992 371 57 consideratione
1203 992 206 57 operum
1347 992 144 57 dei
1430 992 103 57 :
1471 992 124 57 ex
1533 992 248 57 operibus
1719 992 165 57 ergo
1822 992 144 57 dei
1904 992 165 57 deus
2008 992 165 57 ipse
2090 992 124 57 cog-

538 1036 282 71 noscitur.
755 1036 369 71 Considerantur
1059 1036 195 71 autem
1189 1036 195 71 opera
1319 1036 152 71 dei
1406 1036 282 71 bifariam.
1623 1036 152 71 Vel
1709 1036 173 71 enim
1818 1036 325 71 proponuntur
2056 1036 152 71 nobis

542 1075 331 87 contemplanda
811 1075 124 87 in
873 1075 186 87 rebus
997 1075 228 87 propter
1163 1075 228 87 hominem
1328 1075 269 87 conditis,
1535 1075 124 87 ut
1597 1075 124 87 in
1659 1075 186 87 coelo
1784 1075 103 87 &
1825 1075 124 87 in
1887 1075 207 87 terra,
2032 1075 103 87 &
2073 1075 124 87 in
2115 1075 103 87 ijs

536 1132 165 91 quae
640 1132 165 91 sunt
743 1132 124 91 in
805 1132 186 91 coelo
928 1132 103 91 &
970 1132 124 91 in
1032 1132 206 91 terra,
1176 1132 371 91 prouidentiaque
1486 1132 144 91 dei
1568 1132 103 91 &
1610 1132 310 91 gubernantur
1857 1132 103 91 &
1898 1132 351 91 conseruantur,

541 1206 177 69 cuius
659 1206 216 69 generis
816 1206 157 69 sunt
915 1206 177 69 astra
1032 1206 295 69 astrorumque
1268 1206 177 69 motus
1386 1206 157 69 siue
1484 1206 216 69 cursus,
1641 1206 295 69 influentiae
1877 1206 275 69 coelestes,
2074 1206 138 69 tempo

534 1257 140 71 ris
614 1257 319 71 uicissitudo,
873 1257 259 71 animantia
1072 1257 179 71 omnis
1192 1257 239 71 generis,
1372 1257 239 71 arbores,
1551 1257 239 71 plantae,
1730 1257 219 71 fructus
1890 1257 219 71 terrae,
2049 1257 160 71 mare
2149 1257 100 71 &

540 1301 153 78 quae
636 1301 115 78 in
693 1301 153 78 mari
789 1301 173 78 sunt,
904 1301 230 78 lapides,
1077 1301 96 78 &
1115 1301 153 78 quae
1211 1301 115 78 in
1268 1301 192 78 terris
1403 1301 230 78 latitant
1575 1301 345 78 effodiunturque
1863 1301 115 78 ad
1920 1301 211 78 hominum
2074 1301 173 78 usum,

543 1356 124 89 De
605 1356 145 89 his
688 1356 310 89 scripserunt
936 1356 289 89 doctissime
1163 1356 103 89 &
1205 1356 248 89 pijssime
1391 1356 124 89 S.
1452 1356 248 89 Basilius
1638 1356 103 89 &
1680 1356 124 89 S.
1742 1356 269 89 Ambrofius
1948 1356 124 89 in
2010 1356 186 89 opere
2114 1356 103 89 sex

545 1408 225 93 dierum,
708 1408 164 93 quod
810 1408 307 93 appellarunt
1056 1408 286 93 Hexameron.
1281 1408 143 93 Hic
1363 1408 184 93 habet
1486 1408 184 93 locum
1608 1408 245 93 historia
1792 1408 164 93 illa
1895 1408 286 93 naturalis,
2099 1408 123 93 quam

547 1469 210 87 gloria
694 1469 419 87 excellentissimus
1050 1469 147 87 rex
1134 1469 189 87 Dauid
1260 1469 126 87 in
1323 1469 252 87 Psalmis,
1511 1469 210 87 maxime
1658 1469 168 87 post
1763 1469 314 87 centesimum,
1993 1469 231 87 apposits-

548 1543 181 64 sime
662 1543 295 64 accomodat
888 1543 295 64 instituto
1115 1543 249 64 nostro.
1296 1543 204 64 Verum
1433 1543 136 64 ne
1501 1543 317 64 inuoluamus
1750 1543 181 64 res,
1863 1543 249 64 dicemus
2022 1543 204 64 quaedam

551 1599 182 72 paulo
672 1599 161 72 post
773 1599 121 72 de
833 1599 262 72 Creatione
1035 1599 202 72 mundi,
1176 1599 202 72 diuina
1318 1599 182 72 quoed
1439 1599 323 72 gubernatione
1701 1599 101 72 &
1742 1599 323 72 prouidentia.
2004 1599 121 72 In
2044 1599 182 72 praesen

554 1647 118 83 ti
613 1647 178 83 satis
732 1647 197 83 fuerit
870 1647 257 83 agnoscere
1067 1647 197 83 coelum
1206 1647 118 83 ac
1265 1647 217 83 terram,
1423 1647 99 83 &
1462 1647 118 83 ea
1521 1647 158 83 quae
1620 1647 118 83 in
1679 1647 138 83 his
1758 1647 178 83 sunt,
1877 1647 178 83 nobis
1995 1647 237 83 enarrare
2153 1647 59 83 &

558 1691 184 82 quasi
680 1691 123 82 ob
742 1691 205 82 oculos
885 1691 246 82 statuere
1069 1691 164 82 deum
1172 1691 123 82 ut
1233 1691 369 82 sapientissimum
1540 1691 143 82 ita
1622 1691 348 82 potentissimum
1909 1691 184 82 esse,
2011 1691 205 82 admiran-

551 1756 161 70 dum,
651 1756 261 70 infinitae
852 1756 301 70 maiestatis,
1093 1756 221 70 gloriae
1253 1756 261 70 immensae,
1454 1756 321 70 iustissimum,
1715 1756 442 70 beneficentissimum,
2076 1756 141 70 opti-

544 1806 176 74 mum,
654 1806 264 74 maximum.
852 1806 220 74 Optime
1006 1806 176 74 ergo
1116 1806 198 74 rebus
1248 1806 242 74 humanis
1423 1806 286 74 consulens
1643 1806 220 74 lsaias
1797 1806 352 74 fidelissimus
2061 1806 154 74 eccle

557 1876 159 66 siae
657 1876 219 66 doctor,
816 1876 279 66 Attollite,
1035 1876 199 66 inquit
1175 1876 120 66 in
1235 1876 219 66 sublime
1394 1876 199 66 oculos
1534 1876 239 66 uestros,
1713 1876 100 66 &
1753 1876 339 66 contemplamini
2032 1876 159 66 quis
2111 1876 120 66 crea

549 1928 185 68 uerit
673 1928 185 68 ista,
796 1928 267 68 producens
1001 1928 123 68 in
1063 1928 205 68 numero
1207 1928 267 68 exercitum
1412 1928 205 68 eorum,
1556 1928 226 68 singula
1720 1928 164 68 suis
1823 1928 267 68 nominibus
2028 1928 226 68 uocans,

556 1972 193 79 cuius
684 1972 193 79 tanta
813 1972 150 79 est
899 1972 236 79 uirtus,
1071 1972 129 79 ut
1135 1972 215 79 nullum
1285 1972 215 79 quidem
1436 1972 236 79 illorum
1607 1972 215 79 desit.
1758 1972 258 79 Quanquam
1951 1972 172 79 enim
2058 1972 129 79 ab
2101 1972 129 79 exor

556 2040 145 64 dio
639 2040 186 64 astra
763 2040 186 64 mundo
887 2040 310 64 illuxerint,
1135 2040 103 64 &
1176 2040 145 64 suo
1258 2040 186 64 cursu
1382 2040 124 64 ad
1444 2040 165 64 quod
1548 2040 207 64 creata
1692 2040 165 64 sunt
1795 2040 330 64 perfecerint,
2064 2040 145 64 usu
2126 2040 103 64 ta-

550 2094 141 76 men
630 2094 181 76 neque
751 2094 262 76 contrita,
953 2094 181 76 neque
1074 2094 262 76 uetustate
1276 2094 262 76 consumpta
1477 2094 141 76 aut
1558 2094 262 76 obscurata
1759 2094 181 76 sunt.
1880 2094 141 76 Nam
1961 2094 222 76 uirtute
2102 2094 121 76 crea

559 2158 186 63 toris
683 2158 331 63 conseruantur
952 2158 248 63 integra.
1138 2158 248 63 Ieremias
1324 2158 207 63 quoque
1468 2158 227 63 clamat,
1634 2158 207 63 Domine
1778 2158 165 63 nemo
1882 2158 145 63 est
1964 2158 186 63 sicut
2088 2158 145 63 tu.
2150 2158 83 63 Ma

550 2206 176 75 gnus
660 2206 132 75 es
726 2206 154 75 tu,
814 2206 110 75 &
858 2206 220 75 magnum
1013 2206 154 75 est
1101 2206 198 75 nomen
1233 2206 176 75 tuum
1343 2206 154 75 cum
1431 2206 286 75 potentia.
1651 2206 176 75 Quis
1761 2206 132 75 te
1828 2206 154 75 non
1916 2206 242 75 metuat,
2092 2206 110 75 o
2114 2206 110 75 rex

559 2248 249 89 gentium.
746 2248 166 89 Quia
850 2248 166 89 tibi
954 2248 145 89 est
1037 2248 208 89 decor:
1182 2248 166 89 quia
1286 2248 187 89 inter
1410 2248 187 89 omnes
1535 2248 228 89 gentium
1701 2248 291 89 sapientes,
1929 2248 104 89 &
1971 2248 125 89 in
2033 2248 166 89 omni
2116 2248 104 89 re-

556 2315 148 76 gno
640 2315 190 76 eorum
767 2315 169 76 nemo
872 2315 148 76 est
957 2315 169 76 tibi
1062 2315 253 76 similis.
1252 2315 127 76 Et
1316 2315 169 76 mox.
1421 2315 232 76 Dominus
1590 2315 169 76 deus
1695 2315 190 76 uerus
1822 2315 169 76 deus
1928 2315 106 76 &
1970 2315 190 76 uiuus
2096 2315 169 76 est,

567 2373 162 74 deus
668 2373 101 74 &
708 2373 142 74 rex
789 2373 324 74 sempiternus:
1053 2373 121 74 ab
1113 2373 142 74 ira
1194 2373 162 74 eius
1296 2373 324 74 contremiscit
1559 2373 202 74 terra,
1701 2373 142 74 nec
1782 2373 223 74 possunt
1944 2373 202 74 gentes
2065 2373 162 74 susti-

567 2417 161 72 nere
668 2417 343 72 indignationem
950 2417 222 72 illius.
1111 2417 141 72 Qui
1192 2417 202 72 terram
1333 2417 202 72 condit
1475 2417 141 72 sua
1555 2417 242 72 uirtute,
1737 2417 262 72 sapientia
1939 2417 141 72 sua
2019 2417 182 72 orbem
2120 2417 101 72 di-

556 2476 227 85 sponit,
721 2476 268 85 prudentia
927 2476 144 85 sua
1010 2476 206 85 coelos
1154 2476 268 85 extendit.
1360 2476 144 85 Cum
1443 2476 165 85 ille
1546 2476 186 85 uocem
1669 2476 165 85 dat,
1773 2476 206 85 ingens
1917 2476 227 85 aquarum
2082 2476 144 85 uis
2144 2476 82 85 in

559 2547 162 64 aere
660 2547 182 64 coit,
782 2547 101 64 &
822 2547 203 64 eleuat
964 2547 182 64 nubes
1086 2547 122 64 ab
1147 2547 304 64 extremitate
1390 2547 223 64 terrae,
1552 2547 223 64 fulgura
1714 2547 122 64 in
1775 2547 223 64 pluuiam
1937 2547 223 64 uertit,
2079 2547 142 64 atque

562 2600 210 67 educit
709 2600 210 67 uentos
856 2600 126 67 de
919 2600 336 67 receptaculis
1193 2600 189 67 suis.
1319 2600 147 67 Vel
1403 2600 315 67 proponuntur
1655 2600 189 67 nobis
1781 2600 189 67 opera
1908 2600 147 67 dei
1971 2600 252 67 contemplan

561 2646 131 72 da
627 2646 131 72 in
692 2646 175 72 ipso
802 2646 219 72 omnium
955 2646 328 72 creaturarum
1217 2646 241 72 domino,
1392 2646 241 72 homine:
1567 2646 153 72 non
1654 2646 153 72 tam
1742 2646 131 72 in
1808 2646 262 72 opificio
2004 2646 175 72 eius
2092 2646 131 72 quod

556 2716 325 57 spectandum
811 2716 349 57 pulcherrime
1090 2716 279 57 depinxit
1299 2716 325 57 Lactantius
1555 2716 116 57 &
1602 2716 256 57 Andreas
1787 2716 325 57 Vuesalius,
2043 2716 186 57 quam
2136 2716 93 57 in

556 2753 285 77 operibus,
775 2753 175 77 quae
885 2753 175 77 erga
995 2753 241 77 hominem
1170 2753 154 77 uel
1258 2753 132 77 in
1324 2753 219 77 homine
1477 2753 154 77 aut
1565 2753 154 77 per
1653 2753 241 77 hominem
1828 2753 197 77 fiunt
1960 2753 132 77 ab
2026 2753 175 77 ipso
2113 2753 110 77 do-

567 2823 189 63 mino.
693 2823 189 63 Alios
819 2823 168 63 enim
924 2823 189 63 iuste
1050 2823 189 63 punit
1176 2823 168 63 deus
1281 2823 252 63 homines,
1470 2823 315 63 puniendoque
1722 2823 252 63 declarat
1911 2823 126 63 se
1974 2823 231 63 nouisse
2121 2823 105 63 res

563 2883 300 67 mortalium,
798 2883 107 67 &
841 2883 214 67 odisse
991 2883 193 67 omnem
1120 2883 257 67 iniuriam
1313 2883 107 67 &
1356 2883 343 67 iniustitiam.
1635 2883 193 67 Alios
1763 2883 236 67 cumulat
1935 2883 300 67 beneficijs
2149 2883 86 67 ma

564 2936 214 60 ximis,
714 2936 407 60 benefaciendoque
1057 2936 300 60 demonstrat
1293 2936 129 60 se
1357 2936 172 60 esse
1464 2936 257 60 diuitem,
1657 2936 150 60 imo
1743 2936 214 60 fontem
1893 2936 236 60 bonorum
2043 2936 193 60 inexhau

549 2974 209 103 stum,
688 2974 326 103 beneficum,
944 2974 209 103 bonum
1084 2974 116 103 &
1130 2974 395 103 misericordem,
1456 2974 302 103 clementem
1688 2974 116 103 &
1735 2974 349 103 longanimem.
2014 2974 209 103 Huius
2130 2974 93 103 ge
