2288 3632
413 304 93 76 De
460 304 156 76 primis
569 304 140 76 fidei
662 304 233 76 christianae
849 304 202 76 articulis
1005 304 171 76 Symbolo
1129 304 233 76 apostolorum
1301 304 233 76 comprehensis,

764 360 372 81 SERMO
970 360 207 81 VII

347 456 263 91 ISSERVI
538 456 286 91 proximis
753 456 334 91 sermonibus
1015 456 239 91 duobus
1182 456 143 91 de
1254 456 191 91 uera
1373 456 191 91 fide
1493 456 119 91 &
1517 456 286 91 uirtutibus

355 540 182 55 eius,
476 540 122 55 ac
537 540 182 55 inter
659 540 162 55 alia
760 540 304 55 commemoraui
1003 540 223 55 alicubi
1165 540 263 55 Articulos
1367 540 182 55 fidei
1489 540 304 55 Christianes
1712 540 101 55 com

281 554 129 103 gl
346 554 237 103 pendium
518 554 172 103 esse
626 554 237 103 quoddam
798 554 194 103 uerae
928 554 215 103 fidei,
1079 554 172 103 unde
1186 554 151 103 iam
1272 554 366 103 operaepretium
1574 554 108 103 &
1617 554 151 103 mei
1682 554 129 103 offi

314 649 146 69 cij
397 649 167 69 esse
502 649 208 69 putaui
647 649 208 69 paucis
793 649 271 69 explicare
1002 649 187 69 uobis
1127 649 250 69 Duodecim
1314 649 187 69 illos
1439 649 187 69 fidei
1564 649 292 69 articulos.

133 709 166 71 Sunt
237 709 166 71 enim
341 709 187 71 uerae
465 709 187 71 fidei
589 709 207 71 ueluti
734 709 269 71 subiectum
942 709 104 71 &
983 709 228 71 materia
1149 709 187 71 circa
1273 709 166 71 quae
1377 709 249 71 uersatur
1563 709 207 71 fides:
1688 709 124 71 quae

146 761 140 71 cum
226 761 140 71 sit
306 761 279 71 substantia
525 761 179 71 rerum
645 761 319 71 sperandarum,
904 761 259 71 articulis
1103 761 179 71 hisce
1223 761 259 71 exponitur
1422 761 299 71 simpliciter
1661 761 100 71 &
1681 761 120 71 bre-

155 824 182 70 uiter
276 824 222 70 quaenam
437 824 161 70 sint
538 824 141 70 res
619 824 182 70 illae
740 824 283 70 sperandae.
962 824 161 70 Nemo
1063 824 182 70 autem
1184 824 242 70 expectet
1366 824 101 70 a
1406 824 121 70 me
1467 824 121 70 in
1527 824 262 70 praesenti
1709 824 101 70 ope

145 875 185 62 rosam
269 875 103 62 &
310 875 205 62 plenam
454 875 123 62 de
515 875 267 62 articulis
721 875 185 62 fidei
844 875 370 62 disputationem,
1152 875 308 62 perstringam
1398 875 185 62 illos
1521 875 267 62 duntaxat,
1706 875 103 62 ma-

136 930 164 69 xime
239 930 288 69 necessaria
465 930 205 69 tantum
609 930 288 69 attingens.
835 930 123 69 De
896 930 246 69 singulis
1081 930 226 69 dicitur
1245 930 185 69 alias
1369 930 288 69 copiosius.
1595 930 144 69 Vos
1656 930 144 69 mecum

146 986 178 64 orate
265 986 238 64 dominum,
443 986 119 64 ut
503 986 119 64 is
562 986 158 64 uias
661 986 158 64 suas
760 986 178 64 nobis
879 986 257 64 ostendat,
1077 986 119 64 in
1136 986 139 64 ijs
1215 986 218 64 deducat
1374 986 99 64 &
1413 986 218 64 seruet,
1571 986 119 64 ad
1631 986 218 64 gloriam

146 1040 244 64 nominis
324 1040 156 64 sui
412 1040 111 64 &
457 1040 267 64 animarum
657 1040 289 64 nostrarum
879 1040 244 64 salutem
1057 1040 289 64 aeternam.

230 1099 283 64 Principio
448 1099 261 64 dicendum
644 1099 152 64 est
731 1099 239 64 aliquid
905 1099 131 64 de
970 1099 239 64 communi
1144 1099 370 64 appellatione,
1448 1099 152 64 qua
1535 1099 196 64 uulgo
1644 1099 174 64 articu

149 1153 128 72 li
213 1153 193 72 fidei
341 1153 235 72 nostrae
512 1153 321 72 appellantur
769 1153 257 72 symbolum
962 1153 342 72 apostolorum.
1240 1153 257 72 Symbolum
1432 1153 193 72 autem
1561 1153 235 72 dicitur
1732 1153 107 72 &

147 1211 241 66 collatio
328 1211 101 66 &
368 1211 262 66 indicium.
569 1211 241 66 Collatio
751 1211 161 66 uero
851 1211 302 66 nuncupantur
1093 1211 241 66 articuli
1274 1211 161 66 quod
1374 1211 121 66 ex
1435 1211 282 66 collatione
1636 1211 161 66 doctri

146 1264 138 72 nae
225 1264 296 72 apostolicae
462 1264 158 72 sint
561 1264 237 72 composit
739 1264 178 72 atque
857 1264 296 72 conscripti,
1094 1264 118 72 ut
1153 1264 158 72 sint
1252 1264 197 72 regula
1390 1264 99 72 &
1430 1264 217 72 epitome
1588 1264 217 72 quaedam
1726 1264 79 72 fi

145 1315 139 74 dei
225 1315 298 74 praedicatae
463 1315 119 74 ab
523 1315 258 74 apostolis
721 1315 99 74 &
761 1315 238 74 receptae
940 1315 99 74 a
980 1315 258 74 Catholica
1178 1315 159 74 siue
1277 1315 278 74 uniuersali
1496 1315 258 74 ecclesia.
1675 1315 119 74 Quis

132 1386 173 67 autem
247 1386 193 67 primus
382 1386 135 67 hos
459 1386 250 67 articulos
652 1386 135 67 sic
729 1386 289 67 ordinauerit
960 1386 404 67 conscripseritque,
1306 1386 231 67 incertum
1480 1386 154 67 est,
1576 1386 173 67 neque
1672 1386 135 67 tradi

144 1445 132 66 tum
220 1445 189 66 sacris
352 1445 227 66 literis.
522 1445 151 66 Sunt
617 1445 132 66 qui
693 1445 114 66 id
750 1445 170 66 ipsis
863 1445 227 66 tribuant
1033 1445 265 66 apostolis,
1241 1445 114 66 ac
1298 1445 114 66 eo
1355 1445 189 66 nomine
1487 1445 284 66 appellitent
1695 1445 114 66 Sym-

140 1492 193 73 bolum
268 1492 343 73 Apostolorum.
547 1492 215 73 Beatus
698 1492 279 73 Cyprianus
912 1492 215 73 martyr
1062 1492 129 73 in
1127 1492 300 73 expositone
1363 1492 236 73 symboli
1513 1492 279 73 apostolici,

139 1547 238 67 Tradunt
312 1547 238 67 maiores
485 1547 238 67 nostri,
658 1547 238 67 inquit,
830 1547 173 67 quod
938 1547 173 67 post
1046 1547 324 67 ascensionem
1305 1547 238 67 domini,
1478 1547 151 67 cum
1564 1547 151 67 per
1629 1547 173 67 aduen-

138 1613 136 64 tum
215 1613 194 64 sancti
351 1613 233 64 spiritus
526 1613 175 64 super
642 1613 233 64 singulos
817 1613 214 64 quosque
972 1613 252 64 apostolos
1166 1613 194 64 igneae
1302 1613 214 64 linguae
1458 1613 272 64 sedissent,
1671 1613 116 64 ut
1710 1613 97 64 lo-

148 1672 193 60 quelis
283 1672 232 60 diuersis
456 1672 251 60 uarijsque
649 1672 309 60 loquerentur,
900 1672 135 60 per
977 1672 154 60 quod
1074 1672 135 60 eis
1151 1672 174 60 nulla
1267 1672 154 60 gens
1363 1672 212 60 extera,
1518 1672 193 60 nullae
1633 1672 174 60 linguae

133 1713 251 61 Barbarae
321 1713 293 61 inaccessae
552 1713 314 61 uiderentur,
803 1713 105 61 &
844 1713 126 61 in
907 1713 146 61 uia
991 1713 293 61 praeceptum
1221 1713 146 61 eis
1305 1713 105 61 a
1347 1713 209 61 domino
1493 1713 188 61 datum
1619 1713 126 61 ob
1661 1713 146 61 prae-

140 1770 236 67 dicandum
318 1770 138 67 dei
396 1770 197 67 uerbum
534 1770 118 67 ad
593 1770 236 67 singulas
771 1770 217 67 quasque
928 1770 276 67 proficisci
1145 1770 256 67 nationes.
1342 1770 276 67 Discessuri
1559 1770 177 67 itaqe
1677 1770 118 67 ab
1716 1770 79 67 in

133 1821 192 72 uicem
261 1821 213 72 normam
410 1821 384 72 praedicationis
730 1821 128 72 in
794 1821 213 72 comune
943 1821 320 72 constituunt
1200 1821 128 72 ne
1264 1821 192 72 forte
1392 1821 192 72 alius
1520 1821 128 72 ab
1584 1821 171 72 alio
1669 1821 128 72 abdu

153 1875 147 78 cti
237 1875 252 78 diuersum
426 1875 231 78 aliquid
594 1875 147 78 his
678 1875 147 78 qui
762 1875 126 78 ad
825 1875 189 78 fidem
951 1875 231 78 Christi
1118 1875 294 78 mutabantur
1349 1875 315 78 exponerent.
1601 1875 189 78 Omnes
1706 1875 84 78 er

132 1944 117 70 go
191 1944 117 70 in
250 1944 156 70 unum
347 1944 176 70 posit
465 1944 98 70 &
504 1944 215 70 spiritu
660 1944 195 70 sancto
797 1944 215 70 repleti
953 1944 176 70 breue
1070 1944 176 70 istud
1187 1944 215 70 futurae
1344 1944 176 70 sibi,
1461 1944 117 70 ut
1520 1944 234 70 diximus,
1676 1944 117 70 prae

132 2002 300 64 dicationis
368 2002 279 64 indicium,
582 2002 300 64 conferendo
818 2002 129 64 in
883 2002 172 64 unum
990 2002 172 64 quod
1097 2002 279 64 sentiebat
1312 2002 322 64 unusquisque
1548 2002 236 64 componunt

133 2055 190 61 atque
260 2055 169 61 hanc
365 2055 317 61 credentibus
619 2055 211 61 dandam
766 2055 232 61 regulam
935 2055 169 61 esse
1041 2055 275 61 statuunt.
1252 2055 169 61 Haec
1358 2055 296 61 Cyprianus.
1590 2055 169 61 Siue
1674 2055 127 61 uero

138 2109 150 69 ipsi
232 2109 226 69 fecerint
401 2109 226 69 apostoli
570 2109 150 69 siue
664 2109 150 69 alij
758 2109 150 69 uiri
852 2109 282 69 apostolici,
1078 2109 169 69 satis
1191 2109 169 69 tamen
1303 2109 207 69 constat
1454 2109 169 69 ipsam
1548 2109 244 69 apostolorum

148 2159 248 65 doctrinam
339 2159 153 65 pure
434 2159 115 65 in
492 2159 134 65 his
568 2159 248 65 contineri
759 2159 172 65 atque
874 2159 191 65 tradi.
1008 2159 229 65 Indicium
1180 2159 153 65 ideo
1275 2159 287 65 appellantur
1504 2159 115 65 hi
1562 2159 134 65 12.
1619 2159 172 65 articu-

150 2208 137 82 li,
229 2208 156 82 quod
326 2208 137 82 per
405 2208 176 82 illam
522 2208 176 82 notam
639 2208 137 82 seu
718 2208 235 82 indicium
894 2208 156 82 ueri
992 2208 274 82 Christiani
1207 2208 98 82 a
1246 2208 196 82 falsis
1363 2208 274 82 dinoscantur.

213 2272 143 56 lam
294 2272 307 56 indicabimus
540 2272 143 56 quo
621 2272 204 56 ordine
764 2272 123 56 in
826 2272 184 56 illis
948 2272 307 56 explicandis
1194 2272 184 56 simus
1316 2272 327 56 progressuri.
1582 2272 225 56 Poterit
1725 2272 82 56 to

147 2332 121 64 ta
207 2332 223 64 Epitome
369 2332 142 64 aut
450 2332 182 64 totum
572 2332 283 64 Compendium
794 2332 182 64 fidei
916 2332 263 64 distribui
1118 2332 121 64 in
1179 2332 223 64 quatuor
1341 2332 243 64 ordines,
1523 2332 121 64 ut
1583 2332 162 64 tres
1664 2332 142 64 primi

145 2383 209 72 ordines
297 2383 247 72 explicent
487 2383 171 72 trium
600 2383 228 72 personag
771 2383 171 72 unius
885 2383 133 72 dei
961 2383 247 72 mysteria,
1151 2383 209 72 quartus
1303 2383 152 72 aunt
1397 2383 209 72 fructus
1549 2383 190 72 fidei,
1663 2383 114 72 quae

136 2439 244 68 scilicet
319 2439 163 68 bona
420 2439 285 68 expectemus
644 2439 122 68 ex
705 2439 183 68 fide,
827 2439 102 68 &
868 2439 163 68 quae
969 2439 163 68 deus
1071 2439 163 68 suis
1173 2439 183 68 donet
1295 2439 285 68 fidelibus.
1519 2439 224 68 Interim
1661 2439 122 68 pro-

141 2506 273 70 grediemur
351 2506 315 70 nihilominus
603 2506 126 70 eo
666 2506 231 70 ordine,
834 2506 105 70 q
876 2506 252 70 articuli
1066 2506 252 70 duodecim
1255 2506 273 70 collocati
1465 2506 147 70 aut
1549 2506 189 70 posit
1654 2506 126 70 sunt

214 2552 267 76 Primus
401 2552 240 76 fidei
561 2552 400 76 Christianae
881 2552 347 76 articulus
1148 2552 187 76 hic
1255 2552 213 76 est,
1388 2552 240 76 CREDO
1549 2552 160 76 IN
1602 2552 160 76 DEVM

102 2613 556 61 PATREM
492 2613 889 61 OMNIPOTENTEM
1159 2613 611 61 CREATOREV

139 2658 269 71 COELI
319 2658 179 71 ET
408 2658 329 71 TERRAE.
648 2658 179 71 Et
737 2658 299 71 primus
947 2658 299 71 quidem
1156 2658 209 71 hic
1276 2658 329 71 symboli
1515 2658 239 71 ordo
1634 2658 150 71 duo

135 2719 282 60 continet.
352 2719 195 60 Primo
482 2719 173 60 enim
590 2719 130 60 in
655 2719 217 60 genere
807 2719 260 60 dicimus,
1002 2719 195 60 Credo
1132 2719 130 60 in
1197 2719 195 60 deum.
1327 2719 217 60 Deinde
1479 2719 282 60 speciatim
1674 2719 108 60 de-

148 2771 277 74 scendimus
361 2771 128 74 ad
425 2771 363 74 distinctionem
724 2771 299 74 personarum
958 2771 363 74 adiincientes,
1257 2771 213 74 Patrem
1406 2771 363 74 omnipotentem.
1683 2771 107 74 Est

142 2830 170 64 enim
248 2830 170 64 unus
355 2830 170 64 deus
461 2830 320 64 substantia,
717 2830 256 64 personis
909 2830 234 64 trinus.
1079 2830 170 64 Vnde
1186 2830 362 64 significanter
1484 2830 256 64 unitatem
1654 2830 128 64 sub-

141 2888 253 66 stantiae
331 2888 359 66 significantes
627 2888 232 66 dicimus
796 2888 190 66 Credo
922 2888 127 66 in
986 2888 190 66 deum,
1112 2888 211 66 Rursus
1260 2888 296 66 personarum
1471 2888 317 66 distinctionem

141 2944 321 74 obseruantes
397 2944 107 74 &
440 2944 150 74 non
526 2944 364 74 confundentes,
826 2944 321 74 subiungimus
1083 2944 128 74 In
1147 2944 214 74 patrem
1297 2944 364 74 omnipotentem.
1596 2944 128 74 In
1639 2944 150 74 Iesum
