2288 3632
50 298 194 103 neris
180 298 259 103 innumera
375 298 173 103 sunt
483 298 130 103 in
547 298 259 103 historia
742 298 238 103 diuina.
915 298 173 103 Cain
1023 298 238 103 propter
1196 298 259 103 patratum
1390 298 324 103 parricidium
1628 298 108 103 ui-

55 378 153 72 tam
142 378 196 72 uiuit
273 378 131 72 in
338 378 196 72 terra
469 378 196 72 longe
600 378 327 72 miserrimam.
861 378 261 72 Vindicat
1058 378 174 72 enim
1166 378 261 72 innoxium
1363 378 283 72 sanguinem
1559 378 174 72 iustus

53 429 267 87 dominus.
253 429 222 87 Primum
408 429 200 87 illud
542 429 267 87 saeculum
742 429 245 87 diluuio
920 429 245 87 immisso
1098 429 289 87 coelitus,
1320 429 289 87 contempti
1520 429 200 87 numinis

48 485 216 84 poenas
200 485 173 84 dat.
307 485 151 84 Noe
394 485 173 84 uero
502 485 151 84 cum
588 485 173 84 suis
696 485 259 84 seruatur
890 485 130 84 in
955 485 173 84 arca
1063 485 151 84 per
1149 485 151 84 dei
1236 485 389 84 misericordiam.
1538 485 194 84 Abraha-

48 547 147 78 mum
132 547 210 78 educit
279 547 168 78 deus
384 547 126 78 ex
447 547 147 78 Vra
532 547 336 78 Chaldaeorum,
805 547 105 78 &
847 547 231 78 reponit
1015 547 126 78 in
1078 547 210 78 terram
1225 547 252 78 Chanaam,
1394 547 336 78 benedicensquam

48 604 131 80 ei
114 604 241 80 omnibus
289 604 197 80 bonis
420 604 284 80 adobruit.
639 604 241 80 Iacobum
814 604 219 80 quoque
967 604 131 80 in
1032 604 197 80 uaria
1163 604 284 80 coniectum
1382 604 328 80 discrimina,
1623 604 109 80 mi-

58 658 208 82 rifice
204 658 229 82 seruat.
370 658 249 82 Iosephum
557 658 145 82 per
640 658 333 82 afflictiones
910 658 208 82 graues
1056 658 125 82 ad
1118 658 229 82 thronum
1285 658 208 82 euehit
1430 658 249 82 Aegypti.
1596 658 125 82 AegV

52 705 184 99 ptios
174 705 245 99 grauiter
358 705 245 99 affligit
541 705 224 99 propter
704 705 286 99 tyrannidem
929 705 265 99 exercitam
1133 705 122 99 in
1194 705 224 99 miserum
1357 705 245 99 lsraelis
1520 705 204 99 populum,

54 767 114 63 &
100 767 251 63 propter
283 767 320 63 contemptum
534 767 206 63 uerbi
671 767 183 63 dei.
785 767 160 63 Sed
877 767 228 63 longum
1037 767 114 63 &
1082 767 320 63 laboriosum
1334 767 206 63 esset
1448 767 274 63 commemora-

44 829 127 67 re
107 829 254 67 singula.
298 829 254 67 Discimus
488 829 191 67 autem
615 829 127 67 ex
679 829 148 67 his
764 829 106 67 &
806 829 275 67 similibus
1018 829 148 67 dei
1102 829 275 67 operibus,
1314 829 169 67 quis
1420 829 106 67 &
1462 829 233 67 quantus
1610 829 106 67 sit

52 876 163 77 deus
153 876 224 77 noster,
316 876 163 77 quam
418 876 142 77 sit
499 876 244 77 sapiens,
682 876 203 77 bonus,
825 876 224 77 potens,
988 876 285 77 munificus,
1211 876 224 77 iustus,
1374 876 102 77 &
1415 876 224 77 aequus,
1578 876 102 77 &
1598 876 122 77 quod

48 930 175 89 huic
157 930 262 89 oporteat
354 930 153 89 nos
441 930 240 89 credere
615 930 109 89 &
659 930 262 89 obedire.
855 930 196 89 Asaph
986 930 175 89 enim
1095 930 218 89 canit.
1248 930 175 89 Quae
1357 930 284 89 audiuimus
1575 930 109 89 &
1597 930 109 89 co-

48 1002 274 75 gnouimus,
259 1002 106 75 &
301 1002 211 75 patres
449 1002 211 75 nostri
597 1002 317 75 narrauerunt
850 1002 211 75 nobis,
998 1002 127 75 ea
1061 1002 148 75 non
1145 1002 274 75 celabimus
1356 1002 211 75 filios
1504 1002 253 75 nostros,

40 1053 276 81 aetatibus
252 1053 255 81 posteris
444 1053 298 81 narrabimus
677 1053 213 81 laudes
826 1053 234 81 domini,
996 1053 191 81 robur
1124 1053 191 81 eius,
1251 1053 106 81 &
1294 1053 255 81 stupenda
1485 1053 191 81 opera
1591 1053 128 81 quae

46 1100 190 82 fecit:
179 1100 114 82 ut
236 1100 171 82 filij
350 1100 133 82 qui
426 1100 152 82 nati
520 1100 152 82 sunt
615 1100 133 82 cum
691 1100 304 82 adoleuerint,
938 1100 209 82 narrent
1090 1100 190 82 filijs
1223 1100 171 82 suis,
1336 1100 95 82 &
1374 1100 190 82 ponant
1507 1100 114 82 in
1564 1100 133 82 deo
1621 1100 95 82 fi-

53 1158 226 93 duciam,
218 1158 144 93 nec
300 1158 349 93 obliuiscantur
588 1158 206 93 operum
732 1158 164 93 dei,
834 1158 288 93 mandataque
1060 1158 164 93 eius
1163 1158 288 93 obseruent.
1389 1158 123 93 Et
1451 1158 164 93 quae
1533 1158 185 93 sequun-

48 1207 156 75 tur
137 1207 222 75 Psalmo
270 1207 111 75 78.

115 1266 168 93 Huic
220 1266 231 93 rationi
388 1266 295 93 contermina
620 1266 147 93 est
704 1266 168 93 quae
809 1266 295 93 colligitur
1041 1266 126 93 ex
1104 1266 337 93 comparatione
1377 1266 231 93 quadam.
1546 1266 231 93 Scriptu

49 1321 133 87 ra
115 1321 177 87 enim
226 1321 199 87 omnes
359 1321 133 87 in
426 1321 199 87 mundo
559 1321 443 87 praestantissimas
935 1321 155 87 res
1024 1321 244 87 confert
1201 1321 155 87 cum
1290 1321 177 87 deo,
1401 1321 177 87 quem
1511 1321 155 87 mox
1578 1321 155 87 omni-

43 1378 151 104 bus
130 1378 281 104 praefert,
346 1378 130 104 ut
411 1378 173 104 inde
519 1378 303 104 colligamus
757 1378 173 104 deum
866 1378 216 104 summum
1017 1378 173 104 esse
1125 1378 216 104 bonum,
1277 1378 108 104 &
1320 1378 303 104 maiestatem
1558 1378 173 104 eius
1666 1378 108 104 ?

40 1440 159 83 esse
139 1440 258 83 immensam.
337 1440 159 83 Vnus
437 1440 198 83 lsaiae
575 1440 178 83 locus
694 1440 159 83 esse
793 1440 218 83 poterit
952 1440 139 83 pro
1031 1440 218 83 multis,
1190 1440 139 83 qui
1269 1440 119 83 in
1328 1440 159 83 haec
1428 1440 178 83 uerba
1527 1440 178 83 legitur

40 1498 164 88 cap.
143 1498 144 88 40.
225 1498 164 88 Quis
328 1498 206 88 mensus
472 1498 144 88 est
554 1498 164 88 uola
657 1498 144 88 sua
739 1498 206 88 aquas,
883 1498 103 88 &
924 1498 206 88 coelos
1068 1498 185 88 palmo
1191 1498 164 88 quis
1294 1498 308 88 aestimauit.
1541 1498 164 88 Quis
1623 1498 82 88 ap

50 1552 269 85 prehendit
257 1552 207 85 tribus
402 1552 227 85 digitis
567 1552 248 85 puluerem
753 1552 227 85 terrae,
919 1552 103 85 &
960 1552 248 85 appendit
1146 1552 207 85 montes
1291 1552 124 85 in
1353 1552 227 85 statera
1518 1552 103 85 &
1539 1552 165 85 colles

38 1611 123 82 in
99 1611 246 82 bilance?
283 1611 164 82 Quis
386 1611 225 82 direxit
550 1611 246 82 spiritum
734 1611 225 82 domini?
898 1611 164 82 Quis
1001 1611 102 82 a
1042 1611 266 82 consilijs
1247 1611 123 82 ei
1308 1611 184 82 fuit?
1431 1611 164 82 Quis
1534 1611 143 82 eum
1616 1611 143 82 do

41 1665 161 82 cuit
142 1665 101 82 ?
182 1665 141 82 Cum
263 1665 141 82 quo
344 1665 182 82 inijt
465 1665 283 82 consilium,
687 1665 141 82 qui
767 1665 141 82 eum
848 1665 262 82 erudiret:
1050 1665 161 82 Ecce
1151 1665 202 82 gentes
1292 1665 141 82 deo
1373 1665 242 82 collatae
1534 1665 182 82 tanquam

36 1726 201 79 gutta
170 1726 269 79 situlae,
371 1726 112 79 &
416 1726 313 79 reputantur
662 1726 246 79 tanquam
841 1726 269 79 momentum
1043 1726 179 79 quod
1155 1726 269 79 bilancem
1356 1726 224 79 mouet,
1513 1726 157 79 uel
1580 1726 134 79 pro-

40 1784 234 70 pendet.
210 1784 170 70 Ecce
316 1784 234 70 insulas
486 1784 191 70 quasi
614 1784 340 70 minutissimum
890 1784 255 70 puluerem
1081 1784 298 70 proiiciet.
1315 1784 234 70 Libanus
1485 1784 149 70 non
1549 1784 149 70 satis

41 1840 183 81 esset
163 1840 122 81 ad
224 1840 305 81 incendendum
468 1840 122 81 ei
529 1840 203 81 ignem,
671 1840 183 81 neque
793 1840 183 81 ferae
916 1840 163 81 eius
1017 1840 305 81 sufficerent
1261 1840 305 81 holocausto.
1506 1840 183 81 Omnes
1607 1840 102 81 gen

37 1891 146 73 tes
121 1891 188 73 coram
246 1891 125 73 eo
308 1891 229 73 tanquam
475 1891 188 73 nihil
600 1891 188 73 sunt,
725 1891 104 73 &
767 1891 167 73 ipsi
871 1891 292 73 comparatae
1100 1891 229 73 tanquam
1267 1891 146 73 res
1351 1891 250 73 friuolae
1517 1891 188 73 reputan

37 1949 165 76 tur.
140 1949 123 76 An
202 1949 165 76 haec
305 1949 144 76 non
387 1949 350 76 intelligitisc
675 1949 123 76 an
737 1949 144 76 non
819 1949 103 76 a
860 1949 185 76 rerum
984 1949 267 76 primordio
1190 1949 144 76 hoc
1272 1949 267 76 nunciatum
1478 1949 144 76 est
1539 1949 165 76 uobis?

36 2006 118 72 an
95 2006 138 72 non
174 2006 177 72 docti
292 2006 177 72 estis
410 2006 98 72 a
449 2006 197 72 iactis
587 2006 197 72 terrae
725 2006 315 72 fundamentis?
980 2006 138 72 Qui
1059 2006 177 72 sedet
1177 2006 177 72 supra
1295 2006 197 72 globum
1433 2006 216 72 terrae,
1590 2006 98 72 &
1610 2006 98 72 qui

32 2054 248 86 habitant
218 2054 124 86 in
280 2054 124 86 ea
342 2054 165 86 sunt
445 2054 206 86 ueluti
589 2054 268 86 locustae.
796 2054 144 86 Qui
878 2054 248 86 extendit
1064 2054 206 86 coelos
1208 2054 124 86 ut
1270 2054 268 86 cortinam,
1476 2054 103 86 &
1497 2054 206 86 expandit

32 2113 137 78 eos
111 2113 195 78 instar
247 2113 254 78 tentorij.
442 2113 137 78 Qui
520 2113 215 78 redigit
677 2113 234 78 potentes
852 2113 117 78 ad
911 2113 234 78 nihilum,
1086 2113 98 78 &
1125 2113 195 78 reddit
1262 2113 215 78 iudices
1418 2113 195 78 terrae
1555 2113 117 78 ut
1594 2113 117 78 sint

34 2165 220 86 inanes.
194 2165 120 86 Et
254 2165 240 86 reliqua.
434 2165 140 86 Huc
513 2165 260 86 pertinent
713 2165 140 86 dei
793 2165 360 86 prosopopoeiae,
1093 2165 200 86 quarum
1233 2165 240 86 inuenias
1412 2165 220 86 aliquot
1552 2165 140 86 prae-

37 2222 145 71 ter
120 2222 248 71 uisiones
306 2222 166 71 quas
410 2222 248 71 posuimus
596 2222 124 71 in
658 2222 228 71 ratione
824 2222 248 71 secunda,
1010 2222 373 71 excellentiores
1320 2222 186 71 autem
1445 2222 186 71 Psal.
1569 2222 145 71 18.
1631 2222 62 71 &

29 2276 177 88 Cant.
147 2276 157 88 cap.
246 2276 118 88 5.
305 2276 138 88 Eas
383 2276 315 88 inexplicatas
639 2276 236 88 transeo,
816 2276 118 88 ne
875 2276 177 88 nimis
993 2276 138 88 diu
1072 2276 138 88 his
1150 2276 197 88 uidear
1288 2276 275 88 immoratus.
1504 2276 138 88 Est
1583 2276 157 88 enim

32 2323 112 77 &
76 2323 134 77 ad
143 2323 179 77 alia
233 2323 312 77 transeundum.

108 2380 271 98 Postremo
312 2380 339 98 cognoscitur
583 2380 181 98 deus
696 2380 136 98 ex
764 2380 316 98 sententijs
1012 2380 158 98 ore
1103 2380 339 98 prophetarum
1374 2380 113 98 &
1419 2380 339 98 apostolorum

30 2451 333 81 pronunciatis.
304 2451 176 81 Cuius
422 2451 215 81 generis
578 2451 137 81 est
657 2451 157 81 illa
754 2451 196 81 eximia
891 2451 176 81 beati
1009 2451 254 81 Ieremiae,
1204 2451 254 81 dicentis,
1400 2451 117 81 Ne
1459 2451 254 81 glorietur
1635 2451 78 81 sa

39 2507 177 70 piens
157 2507 118 70 in
216 2507 256 70 sapientia
413 2507 157 70 sua,
512 2507 177 70 neque
630 2507 256 70 glorietur
826 2507 236 70 robustus
1004 2507 118 70 in
1063 2507 197 70 robore
1200 2507 157 70 suo,
1299 2507 138 70 nec
1377 2507 256 70 glorietur
1574 2507 177 70 diues

26 2564 117 80 in
85 2564 235 80 diuitijs
261 2564 176 80 suis:
379 2564 137 80 sed
457 2564 117 80 in
516 2564 137 80 hoc
594 2564 254 80 glorietur
790 2564 137 80 qui
868 2564 274 80 gloriatur,
1084 2564 157 80 quod
1181 2564 274 80 intelligat
1397 2564 98 80 &
1436 2564 254 80 cognoscat
1612 2564 98 80 me,

28 2612 249 87 quoniam,
215 2612 145 87 ego
298 2612 145 87 sum
382 2612 249 87 dominus,
569 2612 145 87 qui
652 2612 374 87 misericordiam,
964 2612 249 87 iudicium
1151 2612 104 87 &
1192 2612 270 87 iustitiam
1400 2612 187 87 facio
1525 2612 125 87 in
1566 2612 125 87 ter-

32 2675 149 78 ra:
117 2675 297 78 quapropter
350 2675 149 78 ijs
435 2675 191 78 unice
563 2675 276 78 delector,
775 2675 191 78 dicit
902 2675 255 78 dominus,
1093 2675 255 78 Seruamur
1285 2675 191 78 autem
1391 2675 297 78 misericordia

25 2727 172 86 dei,
132 2727 279 86 uarijsque
347 2727 236 86 ornamur
519 2727 301 86 muneribus.
755 2727 236 86 ludicio
927 2727 215 86 impijs
1077 2727 107 86 &
1120 2727 408 86 inobsequentibus
1464 2727 215 86 poenas
1593 2727 107 86 ir-

17 2770 180 96 rogat
137 2770 299 96 commeritas,
376 2770 100 96 &
416 2770 200 96 seruat
556 2770 299 96 aequitatem.
795 2770 200 96 Sicuti
935 2770 100 96 &
975 2770 239 96 iustitia
1154 2770 140 96 qua
1234 2770 259 96 promisit,
1434 2770 239 96 praestat
1593 2770 100 96 ue-

26 2850 286 69 raciter.
241 2850 262 69 Dicimus
432 2850 191 69 ergo
551 2850 191 69 deum
670 2850 191 69 esse
790 2850 334 69 saluatorem
1052 2850 119 69 &
1100 2850 310 69 liberalem
1338 2850 239 69 omnium
1481 2850 215 69 bonorum

22 2898 252 80 datorem,
211 2898 295 80 equissimum
443 2898 252 80 iudicem,
632 2898 105 80 &
674 2898 126 80 in
737 2898 273 80 promissis
948 2898 316 80 praestandis
1200 2898 273 80 ueritatem
1389 2898 316 80 ueracissimam.

28 2945 145 101 Huc
111 2945 269 101 referenda
318 2945 145 101 est
401 2945 248 101 doctrina
587 2945 311 101 prophetarum
836 2945 104 101 &
877 2945 331 101 apostolorum,
1146 2945 166 101 quae
1250 2945 207 101 tradit
1395 2945 145 101 eam
1477 2945 166 101 esse
1560 2945 145 101 ueram
