2288 3632
485 308 182 113 ciae,
606 308 263 113 Cugaxote,
809 308 203 113 apdoro
951 308 142 113 ay:
1032 308 142 113 nos
1113 308 223 113 dicimus
1275 308 284 113 essentiam,
1498 308 344 113 subsistentiam
1781 308 101 113 &
1822 308 263 113 personam.
2024 308 122 113 Ex
2065 308 101 113 his

482 387 202 79 rursus
623 387 222 79 exortae
784 387 161 79 sunt
885 387 343 79 posterioribus
1168 387 182 79 annis
1289 387 121 79 in
1349 387 242 79 ecclesia
1531 387 182 79 nouae
1652 387 101 79 &
1692 387 242 79 recentes
1874 387 141 79 alt
1954 387 242 79 ercatio¬

485 440 162 74 nes.
586 440 304 74 Disputarunt
829 440 183 74 acute
951 440 122 74 de
1012 440 243 74 essentia
1195 440 101 74 &
1235 440 345 74 subsistentia,
1519 440 183 74 eadem
1641 440 122 74 ne
1702 440 122 74 an
1762 440 223 74 diuersa
1925 440 183 74 sint,
2026 440 142 74 Ruffi

501 505 133 73 nus
577 505 152 73 enim
672 505 247 73 Aquileien
862 505 190 73 eccles
996 505 209 73 histor.
1148 505 152 73 lib.
1243 505 114 73 5.
1300 505 152 73 cap.
1395 505 133 73 20.
1471 505 114 73 De
1528 505 304 73 differentia,
1776 505 209 73 inquit,
1909 505 247 73 substantia-

502 554 150 79 rum
587 554 107 79 &
630 554 429 79 subsistentiarum,
995 554 172 79 quas
1103 554 215 79 Graeci
1253 554 215 79 zoiaes
1403 554 107 79 &
1446 554 215 79 Qaaeis
1597 554 236 79 uocant,
1768 554 172 79 mota
1876 554 150 79 est
1940 554 215 79 quaestio

494 608 222 75 Quidam
649 608 178 75 enim
760 608 266 75 dicebant
960 608 333 75 substantiam
1226 608 111 75 &
1270 608 377 75 subsistentiam
1581 608 178 75 unum
1692 608 222 75 uideri
1847 608 111 75 :
1892 608 111 75 &
1936 608 178 75 quia
2025 608 133 75 tres

496 662 300 83 substantias
736 662 140 83 non
816 662 220 83 dicimus
976 662 120 83 in
1036 662 160 83 deo.
1136 662 140 83 nec
1216 662 160 83 tres
1316 662 340 83 subsistentias
1596 662 200 83 dicere
1736 662 260 83 debeamus.
1936 662 160 83 Alij
2016 662 140 83 uero,

502 726 208 84 quibus
648 726 188 84 longe
773 726 188 84 aliud
898 726 292 84 substantia
1127 726 167 84 quam
1231 726 333 84 subsistentia
1502 726 313 84 significare
1752 726 292 84 uidebatur,
1961 726 208 84 dicebant

496 777 159 71 quia
596 777 279 71 substantia
815 777 159 71 ipsa
914 777 139 71 rei
994 777 239 71 alicuius
1173 777 219 71 naturam
1332 777 299 71 rationemque
1571 777 139 71 qua
1651 777 239 71 constat,
1830 777 259 71 designet:
2009 777 159 71 subsi-

498 843 221 66 stentia
659 843 181 66 autem
779 843 341 66 uniuscuiusque
1060 843 261 66 personae,
1261 843 141 66 hoc
1341 843 181 66 ipsum
1461 843 161 66 quod
1562 843 201 66 extat:
1702 843 100 66 &
1742 843 281 66 subsistit,
1943 843 221 66 ostendat.

510 884 252 82 Scripsit
699 884 105 82 &
741 884 252 82 Basilius
931 884 210 82 magnus
1078 884 210 82 doctam
1225 884 274 82 epistolam
1436 884 126 82 de
1499 884 295 82 discrimine
1730 884 274 82 essentiae
1941 884 105 82 &
1962 884 210 82 substan-

512 942 168 78 tiae
617 942 126 78 ad
680 942 273 78 Gregorium
890 942 231 78 fatrem.
1059 942 189 78 Porro
1185 942 231 78 Hermius
1353 942 273 78 Sozomenus
1563 942 315 78 historiarum
1816 942 168 78 lib.
1921 942 126 78 5.
1984 942 168 78 cap.
2068 942 105 78 12-

495 1005 277 76 Multarum,
708 1005 234 76 inquit,
878 1005 277 76 ciuitatum
1091 1005 256 76 episcopi
1283 1005 319 76 Alexandriam
1538 1005 362 76 conuenientes,
1837 1005 213 76 Nicena
1964 1005 192 76 dogmata

505 1053 158 90 cum
596 1053 294 90 Athanasio
822 1053 113 90 &
867 1053 249 90 Eusebio
1048 1053 384 90 (Vuercellen.)
1365 1053 339 90 confirmant,
1636 1053 113 90 &
1681 1053 271 90 spiritum
1885 1053 249 90 sanctum
2066 1053 113 90 &
2089 1053 90 90 pa

514 1113 146 75 tri
597 1113 104 75 &
639 1113 187 75 filio
764 1113 354 75 coessentialem
1055 1113 166 75 esse
1159 1113 333 75 consitentur,
1429 1113 125 75 ac
1492 1113 229 75 triadem
1658 1113 270 75 nominant,
1866 1113 104 75 &
1908 1113 229 75 hominem
2053 1113 125 75 quem

516 1178 180 70 deus
628 1178 225 70 uerbum
785 1178 315 70 assumpsit,
1032 1178 157 70 non
1122 1178 247 70 corpore
1302 1178 225 70 tantum
1459 1178 157 70 sed
1549 1178 112 70 &
1594 1178 202 70 anima
1729 1178 292 70 perfectum
1931 1178 247 70 censendum

508 1217 165 82 esse
612 1217 206 82 docent
756 1217 103 82 :
797 1217 186 82 sicut
921 1217 103 82 &
962 1217 227 82 priscis
1127 1217 268 82 ecclesiae
1333 1217 289 82 doctoribus
1560 1217 186 82 uisum
1684 1217 165 82 est.
1787 1217 227 82 Quoniam
1952 1217 165 82 uero
2035 1217 144 82 quae-

519 1277 150 85 stio
613 1277 113 85 de
669 1277 150 85 Scia
763 1277 94 85 &
801 1277 225 85 Canaxoem
969 1277 244 85 ecclesias
1157 1277 244 85 turbarat,
1345 1277 169 85 deque
1457 1277 169 85 illis
1570 1277 206 85 crebrae
1720 1277 300 85 contentiones
1964 1277 113 85 ac
2001 1277 169 85 disputa

513 1331 214 85 tiones
662 1331 193 85 motae
791 1331 257 85 fuetant,
983 1331 235 85 admodum
1155 1331 278 85 sapienter
1369 1331 171 85 mihi
1476 1331 342 85 determinasse
1754 1331 278 85 uidentur,
1968 1331 171 85 haud
2054 1331 128 85 esse

510 1386 265 88 nominibus
713 1386 183 88 illis
835 1386 204 88 statim
978 1386 204 88 initio
1120 1386 122 88 de
1181 1386 143 88 deo
1263 1386 244 88 utendum:
1446 1386 163 88 nisi
1548 1386 163 88 quis
1650 1386 244 88 Sabellij
1833 1386 265 88 opinionem
2016 1386 163 88 retun-

522 1444 175 87 dere
632 1444 263 87 conetur,
829 1444 131 87 ne
895 1444 241 87 penuria
1070 1444 241 87 nominum
1245 1444 219 87 eundem
1398 1444 219 87 tribus
1552 1444 416 87 appellationibus
1902 1444 219 87 uocare
2034 1444 153 87 uidea

517 1507 153 76 tur,
612 1507 134 76 sed
689 1507 229 76 singulos
861 1507 306 76 peculiariter
1109 1507 229 76 trifaria
1281 1507 306 76 distinctione
1529 1507 287 76 intelligat.
1759 1507 172 76 Addit
1873 1507 229 76 Socrates
2045 1507 115 76 in
2083 1507 96 76 hi-

515 1569 186 71 stor.
639 1569 166 71 lib.
743 1569 124 71 3.
805 1569 166 71 cap.
908 1569 124 71 7.
970 1569 145 71 Non
1053 1569 186 71 autem
1177 1569 186 71 nouam
1301 1569 228 71 quandam
1467 1569 310 71 religionem,
1715 1569 103 71 a
1757 1569 124 71 se
1819 1569 310 71 excogitatam
2067 1569 124 71 in
2108 1569 83 71 ec

521 1611 215 73 clesiam
678 1611 293 73 induxerunt,
912 1611 137 73 sed
991 1611 156 73 quae
1088 1611 156 73 inde
1186 1611 117 73 ab
1245 1611 195 73 initio
1382 1611 98 73 &
1421 1611 332 73 ecclesiastica
1694 1611 235 73 traditio
1870 1611 215 73 habuit,
2027 1611 98 73 &
2046 1611 137 73 Chri-

527 1678 276 84 stianorum
739 1678 276 84 sapientes
952 1678 276 84 euidenter
1165 1678 383 84 demonstratunt.
1484 1678 128 84 Et
1526 1678 213 84 reliqua.

603 1707 217 95 Abeant
755 1707 173 95 ergo
863 1707 152 95 quo
950 1707 195 95 digni
1080 1707 173 95 sunt
1189 1707 195 95 Papae
1319 1707 390 95 propugnatores,
1644 1707 152 95 qui
1731 1707 304 95 docentibus
1969 1707 217 95 nobis,
2099 1707 87 95 om

525 1791 141 70 nia
605 1791 181 70 uerae
726 1791 241 70 pietatis
906 1791 100 70 &
946 1791 221 70 salutis
1107 1791 181 70 plene
1227 1791 301 70 comprehendi
1468 1791 100 70 &
1509 1791 181 70 tradi
1629 1791 281 70 scripturis
1850 1791 281 70 canonicis,
2050 1791 141 70 obii-

532 1841 173 70 ciunt
647 1841 135 70 quo
724 1841 269 70 scripturae
935 1841 154 70 loco
1032 1841 308 70 contineantur
1281 1841 231 70 uocabula
1455 1841 288 70 trinitatis,
1685 1841 250 70 personae,
1877 1841 269 70 essentiae,
2089 1841 135 70 sub

526 1889 274 78 stantiae,
737 1889 232 78 denique
906 1889 253 78 Christum
1095 1889 211 78 habere
1243 1889 211 78 animam
1391 1889 316 78 rationalem?
1644 1889 232 78 Tametsi
1812 1889 169 78 enim
1918 1889 169 78 illa
2002 1889 190 78 uocabu-

533 1947 118 76 la
592 1947 217 76 totidem
750 1947 217 76 literis
908 1947 217 76 scripta
1066 1947 138 76 non
1145 1947 237 76 legantur
1323 1947 118 76 in
1382 1947 257 76 canonicis
1579 1947 217 76 libris,
1737 1947 217 76 (utpote
1895 1947 158 76 alia
1994 1947 158 76 quam
2073 1947 118 76 Lati

525 2013 118 65 na
584 2013 196 65 lingua
722 2013 118 65 ab
781 2013 177 65 ipsis
899 2013 255 65 prophetis
1095 2013 98 65 &
1134 2013 255 65 apostolis
1331 2013 255 65 scriptis)
1527 2013 138 65 res
1606 2013 196 65 tamen,
1743 2013 157 65 quas
1841 2013 236 65 uocabula
2018 2013 157 65 illa
2097 2013 98 65 si-

524 2072 284 75 gnificant,
747 2072 366 75 manifestissime
1052 2072 122 75 in
1113 2072 142 75 his
1194 2072 386 75 comprehenduntur
1519 2072 183 75 atque
1641 2072 264 75 docentur,
1845 2072 163 75 quas
1946 2072 244 75 deinceps
2109 2072 81 75 om

535 2111 139 92 nes
614 2111 99 92 &
654 2111 238 92 singulae
833 2111 198 92 gentes
971 2111 139 92 sua
1051 2111 198 92 lingua
1190 2111 278 92 enunciare,
1408 2111 198 92 proque
1546 2111 139 92 sua
1626 2111 258 92 utilitate
1824 2111 99 92 &
1864 2111 297 92 necessitate
2082 2111 99 92 pro

525 2166 262 80 nunciare
721 2166 262 80 possunt.
918 2166 218 80 Abeant
1070 2166 153 80 cum
1157 2166 153 80 his
1245 2166 109 80 &
1288 2166 283 80 Sophistae
1506 2166 218 80 omnes,
1659 2166 218 80 quibus
1811 2166 218 80 doctum
1964 2166 262 80 uidetur,

525 2222 272 81 adorandum
735 2222 293 81 trinitatis
965 2222 272 81 mysterium
1174 2222 314 81 peregrinis,
1426 2222 272 81 curiosis,
1635 2222 147 81 imo
1719 2222 105 81 &
1761 2222 314 81 pernitiosis
1992 2222 209 81 inuolue-

538 2292 119 78 re
598 2292 356 78 quaestionibus.
894 2292 158 78 Pijs
993 2292 178 78 satis
1111 2292 138 78 est
1190 2292 316 78 simpliciter,
1447 2292 99 78 &
1487 2292 237 78 secundum
1665 2292 296 78 scripturas,
1902 2292 296 78 symbolumque
2119 2292 79 78 a-

531 2333 326 95 postolorum,
792 2333 239 95 credere
966 2333 109 95 &
1010 2333 283 95 confiteri
1227 2333 174 95 unam
1336 2333 174 95 esse
1445 2333 239 95 diuinam
1619 2333 239 95 naturam
1793 2333 174 95 siue
1902 2333 305 95 essentiam,
2119 2333 87 95 in

538 2402 140 64 qua
618 2402 160 64 sunt
718 2402 200 64 pater,
858 2402 220 64 filius,
1019 2402 100 64 &
1059 2402 240 64 spiritus
1239 2402 240 64 sanctus.
1419 2402 180 64 Neque
1539 2402 140 64 hic
1619 2402 220 64 admodum
1779 2402 240 64 soliciti
1960 2402 200 64 sumus,
2080 2402 120 64 siue

538 2451 314 84 substantias
789 2451 147 84 aut
873 2451 356 84 subsistentias
1167 2451 147 84 aut
1250 2451 251 84 personas
1439 2451 251 84 nomines,
1627 2451 168 84 modo
1732 2451 356 84 distinctionem
2025 2451 105 84 &
2046 2451 147 84 cuius

544 2507 136 82 que
621 2507 310 82 proprietates
873 2507 252 82 distincte
1068 2507 252 82 exprimas,
1262 2507 291 82 unitatemque
1494 2507 136 82 sic
1572 2507 310 82 confitearis,
1824 2507 116 82 ut
1883 2507 213 82 interim
2018 2507 175 82 trinita

525 2574 144 72 tem
608 2574 144 72 non
690 2574 289 72 confundas.
917 2574 144 72 nec
1000 2574 165 72 suis
1103 2574 247 72 personas
1288 2574 227 72 spolies
1453 2574 392 72 proprietatibus,

645 2615 180 72 Verum
765 2615 240 72 praestat
945 2615 140 72 iam
1025 2615 120 72 ex
1085 2615 280 72 scripturis
1305 2615 180 72 clara
1425 2615 240 72 proferre
1605 2615 300 72 testimonia,
1845 2615 200 72 quibus
1965 2615 240 72 trinitatis

539 2674 292 88 mysterium
763 2674 112 88 &
808 2674 314 88 personarum
1055 2674 382 88 distinctionem
1369 2674 427 88 proprietatemque
1729 2674 292 88 euidenter
1931 2674 269 88 demonstre-

540 2734 177 81 mus.
651 2734 199 81 Dicit
783 2734 133 81 in
850 2734 288 81 euangelio
1071 2734 266 81 secundum
1270 2734 288 81 Matthaeum
1492 2734 266 81 dominus,
1691 2734 177 81 Data
1802 2734 155 81 est
1890 2734 177 81 mihi
2001 2734 199 81 omnis
2111 2734 89 81 po

542 2800 198 70 testas
681 2800 119 70 in
740 2800 178 70 coelo
858 2800 99 70 &
898 2800 119 70 in
957 2800 178 70 terra
1076 2800 99 70 :
1115 2800 198 70 euntes
1254 2800 158 70 ergo
1352 2800 198 70 docete
1491 2800 178 70 omnes
1609 2800 217 70 gentes,
1767 2800 296 70 baptisantes
2004 2800 138 70 eos
2083 2800 119 70 in
2123 2800 79 70 no

533 2853 140 60 men
613 2853 220 60 patris,
773 2853 100 60 &
813 2853 200 60 filij,
953 2853 100 60 &
993 2853 240 60 spiritus
1173 2853 220 60 sancti:
1333 2853 240 60 docentes
1513 2853 140 60 eos
1593 2853 220 60 seruare
1753 2853 180 60 omnia
1873 2853 140 60 qua
1953 2853 240 60 praecepi
2113 2853 80 60 uo

532 2900 165 71 bis.
635 2900 124 71 Ea
697 2900 185 71 uerba
821 2900 247 71 allegans
1006 2900 329 71 Tertullianus
1274 2900 206 71 contra
1418 2900 247 71 Praxeam,
1603 2900 268 71 Nouissime
1809 2900 268 71 mandauit,
2015 2900 226 71 inquit.

538 2962 317 80 discipulis,
791 2962 127 80 ut
854 2962 274 80 tingerent
1065 2962 127 80 in
1129 2962 232 80 patrem,
1298 2962 106 80 &
1340 2962 232 80 filium,
1509 2962 106 80 &
1551 2962 253 80 spiritum
1741 2962 253 80 sanctum.
1931 2962 148 80 Non
2015 2962 127 80 in
2057 2962 148 80 unum:
