2288 3632
505 286 130 79 sed
580 286 205 79 filius.
729 286 167 79 Patri
840 286 223 79 nascitur
1007 286 93 79 e
1045 286 205 79 uirgine
1193 286 205 79 filius,
1342 286 112 79 is
1398 286 130 79 qui
1472 286 149 79 erat
1565 286 205 79 aeterna
1714 286 93 79 &
1751 286 260 79 ineffabili
1937 286 242 79 generatione

502 351 210 75 filius,
655 351 229 75 Spiritus
827 351 210 75 sanctus
980 351 191 75 autem,
1114 351 134 75 qui
1190 351 134 75 est
1267 351 191 75 uirtus
1400 351 268 75 altissimi,
1611 351 229 75 obumbrat
1783 351 249 75 uirginem,
1955 351 210 75 redditque

506 422 281 66 foecundam.
726 422 140 66 Ita
807 422 160 66 uero
907 422 281 66 distinctas
1127 422 140 66 non
1208 422 221 66 diuisas
1368 422 200 66 uidere
1508 422 180 66 licet
1629 422 261 66 personas,
1829 422 381 66 proprietatibus,

508 460 135 82 non
585 460 231 82 essentia
758 460 289 82 diuinitatis
989 460 135 82 uel
1066 460 193 82 natura
1201 460 270 82 distantes,

588 488 274 95 Subiiciam
799 488 169 95 alia
904 488 211 95 quoque
1052 488 253 95 (quamuis
1242 488 169 95 haec
1347 488 211 95 abunde
1495 488 316 95 satisfacere
1748 488 274 95 poterant)
1938 488 232 95 sanctorum

519 565 322 85 apostolorum
776 565 322 85 testimonia,
1033 565 107 85 &
1076 565 193 85 trium
1204 565 214 85 quidem
1355 565 129 85 in
1419 565 171 85 toto
1526 565 193 85 choro
1655 565 472 85 praeclarissimorum.
2040 565 129 85 Bea-

522 638 139 72 tus
602 638 199 72 Petrus
741 638 179 72 coram
861 638 239 72 ecclesia
1040 638 239 72 lsraelis
1220 638 279 72 praedicans
1439 638 199 72 uerbum
1578 638 279 72 euangelij,
1797 638 199 72 sicuti
1937 638 239 72 testatur
2096 638 80 72 Lu

522 679 132 86 cas
597 679 113 86 in
654 679 188 86 Actis,
786 679 169 86 inter
899 679 151 86 alia
993 679 188 86 dicit,
1125 679 169 86 Iesum
1238 679 151 86 hunc
1332 679 245 86 excitauit
1520 679 169 86 deus,
1633 679 301 86 exaltauitque
1878 679 113 86 ad
1934 679 245 86 dexteram,
2104 679 75 86 ac

525 752 276 71 promisione
742 752 236 71 spiritus
919 752 197 71 sancti
1057 752 217 71 accepta
1214 752 98 71 a
1254 752 197 71 patre,
1392 752 217 71 effudit
1549 752 138 71 hoc
1628 752 157 71 quod
1726 752 138 71 uos
1805 752 138 71 iam
1884 752 236 71 cernitis
2061 752 98 71 &
2081 752 98 71 au-

517 793 193 76 ditis.
652 793 116 76 En
709 793 154 76 deus
806 793 173 76 pater
921 793 212 76 excitat
1075 793 193 76 filium
1210 793 96 76 &
1249 793 231 76 exaltat.
1422 793 193 76 Filius
1557 793 250 76 excitatur
1749 793 96 76 &
1788 793 270 76 exaltatur:
2000 793 173 76 sedet
2096 793 77 76 ad

521 849 240 82 dexteram
701 849 220 82 patris.
861 849 120 82 Ab
921 849 140 82 hoc
1002 849 200 82 filius
1142 849 220 82 accepto
1302 849 220 82 spiritu
1462 849 200 82 sancto
1602 849 180 82 donat
1722 849 160 82 hunc
1823 849 280 82 apostolis,
2023 849 160 82 Spiri-

514 901 143 80 tus
595 901 163 80 ergo
697 901 204 80 prodit
840 901 102 80 a
881 901 184 80 patre
1003 901 102 80 &
1044 901 204 80 filio,
1187 901 122 80 in
1248 901 225 80 propria
1412 901 286 80 subsistens
1636 901 245 80 persona,
1820 901 143 80 sed
1902 901 163 80 unus
1983 901 184 80 amborum

524 970 265 63 spiritus.
728 970 184 63 Porro
850 970 122 63 in
911 970 224 63 Sermone
1074 970 204 63 habito
1217 970 265 63 Caesareae
1421 970 122 63 in
1482 970 245 63 ecclesia
1666 970 245 63 gentium,
1850 970 143 63 hoc
1931 970 143 63 est
2013 970 122 63 in
2054 970 122 63 domo

522 1014 293 75 familiaque
752 1014 251 75 Cornelij
941 1014 335 75 Centurionis,
1213 1014 167 75 idem
1318 1014 272 75 apostolus
1527 1014 147 75 non
1611 1014 188 75 minus
1736 1014 230 75 obscure
1904 1014 209 75 patris
2029 1014 147 75 filij

523 1085 102 58 &
563 1085 245 58 spiritus
748 1085 205 58 sancti
891 1085 245 58 personam
1075 1085 266 58 exprimit,
1279 1085 123 58 ac
1341 1085 286 58 trinitatem
1566 1085 123 58 in
1627 1085 164 58 unam
1729 1085 225 58 diuinae
1893 1085 225 58 naturae
2036 1085 143 58 essen

514 1136 173 73 tiam
601 1136 259 73 connectit.

604 1188 227 73 Sanctus
770 1188 207 73 Paulus
914 1188 269 73 apostolus
1121 1188 124 73 in
1183 1188 269 73 principio
1390 1188 269 73 epistolae
1596 1188 124 73 ad
1658 1188 227 73 Romanos
1824 1188 186 73 dicit
1948 1188 124 73 se
1989 1188 186 73 ordina-

520 1238 145 72 tum
603 1238 125 72 ad
666 1238 333 72 praedicandum
936 1238 291 72 euangelium
1165 1238 166 72 dei,
1268 1238 166 72 quod
1372 1238 291 72 promiserit
1601 1238 145 72 per
1684 1238 270 72 prophetas
1892 1238 166 72 suos
1996 1238 125 72 in
2038 1238 145 72 scri-

530 1308 200 74 pturis
670 1308 219 74 sanctis
829 1308 120 74 de
889 1308 180 74 filio
1009 1308 160 74 suo,
1109 1308 140 74 qui
1188 1308 140 74 sit
1268 1308 219 74 genitus
1428 1308 120 74 ex
1488 1308 200 74 semine
1627 1308 200 74 Dauid,
1767 1308 239 74 secundum
1947 1308 219 74 carnem,
2086 1308 100 74 de-

532 1351 241 74 claratus
713 1351 181 74 autem
834 1351 141 74 dei
914 1351 201 74 filius
1055 1351 141 74 per
1136 1351 262 74 potentiam
1337 1351 101 74 &
1377 1351 241 74 spiritum
1558 1351 382 74 sanctificantem.
1880 1351 161 74 Idem
1981 1351 121 74 in
2021 1351 161 74 episto

520 1408 118 72 la
579 1408 118 72 ad
639 1408 237 72 Galatas,
816 1408 178 72 Deus,
935 1408 217 72 inquit,
1093 1408 178 72 misit
1211 1408 197 72 filium
1350 1408 178 72 suum,
1468 1408 197 72 factum
1606 1408 118 72 ex
1666 1408 237 72 muliere:
1843 1408 118 72 ut
1903 1408 257 72 adoptione
2080 1408 99 72 ius

530 1464 240 72 filiorum
710 1464 320 72 acciperemus.
969 1464 220 72 Quoniam
1129 1464 180 72 autem
1249 1464 180 72 filij
1369 1464 200 72 estis,
1509 1464 200 72 emisit
1649 1464 160 72 deus
1749 1464 240 72 spiritum
1928 1464 180 72 filij
2048 1464 140 72 sui
2108 1464 80 72 in

519 1537 200 68 corda
652 1537 222 68 nostra
808 1537 311 68 clamantem,
1053 1537 178 68 Abba
1164 1537 222 68 pater.
1320 1537 133 68 Et
1386 1537 222 68 iterum
1542 1537 133 68 ad
1609 1537 222 68 Titum,
1764 1537 178 68 Deus
1876 1537 267 68 secundum
2054 1537 133 68 suam

520 1588 361 62 misericordiam,
821 1588 221 62 inquit,
981 1588 200 62 saluos
1121 1588 140 62 nos
1202 1588 180 62 fecit
1322 1588 140 62 per
1402 1588 241 62 lauacrum
1583 1588 361 62 regenerationis
1883 1588 120 62 ac
1943 1588 281 62 renouatio

534 1630 144 84 nis
617 1630 247 84 spiritus
802 1630 226 84 sancti,
967 1630 165 84 quem
1070 1630 226 84 effudit
1234 1630 123 84 in
1296 1630 144 84 nos
1378 1630 247 84 opulente
1564 1630 144 84 per
1646 1630 185 84 Iesum
1769 1630 247 84 Christum
1934 1630 247 84 seruatorem

524 1703 255 65 nostrum.
715 1703 276 65 Verissime
927 1703 170 65 ergo
1034 1703 127 65 de
1097 1703 127 65 S.
1161 1703 191 65 Paulo
1289 1703 234 65 loquens
1459 1703 212 65 beatus
1607 1703 255 65 Cyrillus
1799 1703 191 65 libro
1926 1703 127 65 in
1990 1703 191 65 Ioan.
2096 1703 85 65 9.

528 1752 152 71 cap.
623 1752 133 71 45.
699 1752 228 71 scribit,
870 1752 228 71 Cognouit
1040 1752 266 71 rectissime
1249 1752 209 71 diuinus
1401 1752 152 71 ille
1496 1752 133 71 uir
1572 1752 209 71 sanctae
1724 1752 266 71 trinitatis
1932 1752 285 71 enumeratio.

534 1805 154 68 nem:
630 1805 116 68 ac
688 1805 154 68 ideo
784 1805 231 68 singulas
958 1805 231 68 personas
1131 1805 212 68 proprie
1285 1805 193 68 atque,
1420 1805 251 68 distincte
1613 1805 270 68 subsistere
1825 1805 193 68 docet:
1960 1805 96 68 &
1998 1805 173 68 tamen
2095 1805 96 68 in-

533 1850 324 79 commutabilem
796 1850 304 79 identitatem
1040 1850 284 79 trinitatis
1263 1850 203 79 aperte
1404 1850 284 79 praedicat.
1627 1850 284 79 Testimonia
1850 1850 162 79 eius
1952 1850 142 79 rei
2033 1850 122 79 si
2073 1850 122 79 quis

534 1912 182 70 omnia
655 1912 262 70 colligere
857 1912 323 70 enumerareque
1119 1912 222 70 uellet,
1280 1912 182 70 omnes
1401 1912 182 70 Pauli
1522 1912 262 70 epistolas
1724 1912 161 70 haud
1825 1912 182 70 dubie
1946 1912 282 70 recitaret.

600 1967 209 70 Beatus
746 1967 230 70 Ioannes
913 1967 271 70 apostolus
1122 1967 104 70 &
1164 1967 313 70 euangelista
1414 1967 271 70 mysterium
1623 1967 292 70 trinitatis
1853 1967 104 70 &
1874 1967 313 70 distinctionem

521 2020 284 84 personarum
744 2020 162 84 prae
845 2020 243 84 caeteris
1027 2020 284 84 fortissime
1250 2020 101 84 &
1291 2020 344 84 euidentissime
1574 2020 243 84 asserens
1757 2020 243 84 proponit
1939 2020 101 84 :
1979 2020 142 84 cum
2060 2020 122 84 in
2101 2020 81 84 e-

539 2078 273 66 uangelica
749 2078 273 66 historia,
959 2078 147 66 tum
1044 2078 126 66 in
1107 2078 147 66 sua
1191 2078 273 66 epistola.
1401 2078 168 66 Vnum
1506 2078 126 66 ex
1569 2078 210 66 multis
1716 2078 252 66 proferam
1885 2078 294 66 testimonium,

526 2137 119 69 In
586 2137 239 69 canonica
765 2137 139 69 sua
844 2137 199 69 dicit:
983 2137 159 69 Quis
1083 2137 139 69 est
1162 2137 219 69 mendax,
1321 2137 159 69 nisi
1421 2137 119 69 is
1480 2137 139 69 qui
1560 2137 179 69 negat
1679 2137 179 69 Iesum
1798 2137 159 69 esse
1898 2137 258 69 Christum:
2097 2137 139 69 Hic

539 2188 142 84 est
620 2188 346 84 antichristus,
905 2188 142 84 qui
986 2188 183 84 negat
1108 2188 203 84 patrem
1250 2188 102 84 &
1291 2188 224 84 filium.
1453 2188 244 84 Quisquis
1636 2188 183 84 negat
1758 2188 224 84 filium,
1921 2188 122 84 is
1982 2188 122 84 ne
2022 2188 163 84 patrem

534 2246 209 67 quidem
680 2246 209 67 habet.
827 2246 146 67 Vos
910 2246 209 67 igitur
1057 2246 167 67 quod
1161 2246 251 67 audistis
1349 2246 125 67 ab
1412 2246 230 67 initio,
1579 2246 125 67 in
1642 2246 188 67 uobis
1767 2246 293 67 permaneat.
1997 2246 125 67 Et
2060 2246 167 67 mox,

528 2315 146 59 Non
612 2315 229 59 necesse
778 2315 229 59 habetis
945 2315 125 59 ut
1008 2315 250 59 quisquam
1195 2315 208 59 doceat
1341 2315 146 59 uos
1425 2315 104 59 :
1466 2315 146 59 sed
1550 2315 188 59 sicut
1675 2315 167 59 ipsa
1779 2315 208 59 unctio
1925 2315 188 59 docet
2050 2315 146 59 uos
2113 2315 83 59 de

528 2355 256 71 omnibus,
720 2355 107 71 &
763 2355 192 71 uerax
891 2355 171 71 est,
997 2355 107 71 &
1040 2355 149 71 non
1125 2355 299 71 mendacium.
1360 2355 192 71 Audis
1488 2355 128 71 in
1552 2355 149 71 his
1638 2355 235 71 patrem,
1809 2355 192 71 audis
1937 2355 235 71 filium,
2086 2355 107 71 au-

536 2413 135 73 dis
613 2413 270 73 unctionem,
825 2413 116 73 id
883 2413 135 73 est
961 2413 232 73 spiritum
1135 2413 232 73 sanctum.
1308 2413 174 73 Pater
1424 2413 135 73 non
1502 2413 135 73 est
1579 2413 212 73 filius,
1733 2413 135 73 nec
1811 2413 135 73 hic
1888 2413 193 73 pater,
2023 2413 135 73 nec
2081 2413 116 73 spi-

538 2476 160 64 ritus
645 2476 196 64 sanctus
788 2476 160 64 pater
895 2476 125 64 uel
966 2476 196 64 filius:
1109 2476 125 64 sed
1180 2476 160 64 pater
1287 2476 160 64 filij
1394 2476 160 64 pater
1501 2476 143 64 est,
1590 2476 89 64 &
1626 2476 178 64 filius
1750 2476 178 64 patris
1875 2476 196 64 filius,
2018 2476 178 64 unctio
2125 2476 71 64 au

533 2532 138 62 tem
612 2532 335 62 proficiscitur
888 2532 118 62 ab
947 2532 237 62 utroque.
1125 2532 158 62 Sunt
1223 2532 177 62 autem
1341 2532 177 62 illae
1460 2532 237 62 personae
1637 2532 138 62 sic
1716 2532 276 62 coniunctae
1933 2532 99 62 &
1972 2532 217 62 unitae,
2110 2532 79 62 ut

532 2594 143 69 qui
613 2594 164 69 unam
716 2594 123 69 ex
777 2594 143 69 eis
859 2594 205 69 neget,
1002 2594 205 69 nullas
1146 2594 225 69 habeat.
1310 2594 143 69 Imo
1391 2594 246 69 quisquis
1576 2594 184 69 negat
1699 2594 164 69 hanc
1801 2594 307 69 trinitatem,
2047 2594 184 69 anti

539 2632 238 73 christus
718 2632 159 73 esse
817 2632 338 73 pronunciatur.
1095 2632 159 73 Deum
1194 2632 179 73 enim,
1313 2632 139 73 qui
1393 2632 159 73 unus
1492 2632 139 73 est
1572 2632 119 73 in
1631 2632 278 73 trinitate,
1849 2632 99 73 &
1889 2632 199 73 trinus
2028 2632 119 73 in
2068 2632 119 73 uni-

540 2711 183 67 tate,
661 2711 203 67 negat,
803 2711 223 67 adeoque
966 2711 325 67 proprietates
1229 2711 142 67 dei
1311 2711 284 67 confundens
1534 2711 142 67 aut
1615 2711 264 67 auferens,
1818 2711 183 67 ipsum
1940 2711 162 67 deum
2041 2711 183 67 talem

512 2755 91 82 s
548 2755 183 82 qualis
676 2755 128 82 est
731 2755 146 82 negat.

603 2787 167 98 Haec
707 2787 188 98 autem
832 2787 292 98 testimonia
1062 2787 104 98 &
1103 2787 313 98 multiplicia
1353 2787 104 98 &
1395 2787 292 98 clarissima
1624 2787 250 98 arbitror
1812 2787 313 98 satisfacere
2041 2787 146 98 pijs.

512 2861 225 94 Credunt
675 2861 164 94 enim
778 2861 307 94 scripturis,
1024 2861 143 94 nec
1105 2861 266 94 curiosius
1310 2861 123 94 in
1372 2861 225 94 diuinam
1536 2861 266 94 inquirunt
1740 2861 307 94 maiestatem,
1986 2861 143 94 his
2048 2861 143 94 solis

535 2913 245 90 contenti
719 2913 204 90 quibus
862 2913 245 90 bonitati
1046 2913 143 90 dei
1127 2913 184 90 uisum
1250 2913 143 90 est
1332 2913 307 90 illucescere
1577 2913 286 90 hominibus.
1802 2913 164 90 Sunt
1904 2913 143 90 qui
1986 2913 164 90 hanc
2067 2913 123 90 rem,
