2288 3632
95 265 286 118 adminiculo
320 265 143 118 aut
401 265 205 118 socio)
544 265 225 118 firmans
708 265 225 118 terram.
872 265 164 118 Ergo
974 265 143 118 cum
1056 265 184 118 filio
1178 265 307 118 consultauit
1424 265 205 118 pater,
1567 265 143 118 per
1628 265 123 118 quem

100 345 102 107 &
140 345 224 107 saecula
303 345 265 107 condidit,
507 345 204 107 Rursus
649 345 122 107 ne
710 345 163 107 quis
812 345 285 107 existimet,
1036 345 163 107 quod
1138 345 204 107 ludaei
1280 345 285 107 obtendunt,
1504 345 204 107 numero
1626 345 122 107 plu-

83 414 210 77 ratiuo
230 414 168 77 ista
335 414 126 77 de
398 414 147 77 deo
482 414 231 77 honoris
650 414 210 77 gratia
797 414 126 77 ad
860 414 189 77 morem
987 414 231 77 humanum
1155 414 189 77 dici,
1281 414 210 77 audias
1428 414 189 77 licet
1554 414 168 77 quod
1638 414 105 77 mox

99 457 115 101 in
156 457 154 101 sine
252 457 154 101 cap.
348 457 115 101 3.
406 457 250 101 sequitur,
598 457 154 101 Ecce
694 457 154 101 Adam
790 457 154 101 ille
886 457 192 101 factus
1020 457 134 101 est
1097 457 173 101 sicut
1212 457 154 101 unus
1308 457 115 101 ex
1366 457 192 101 nobis,
1500 457 115 101 ut
1558 457 173 101 sciat
1654 457 96 101 bo-

90 524 143 91 num
171 524 102 91 &
212 524 204 91 malum.
355 524 204 91 Posuit
498 524 184 91 autem
620 524 204 91 factus
763 524 143 91 est
844 524 143 91 per
926 524 286 91 enallagen,
1150 524 143 91 pro
1232 524 163 91 fiet
1334 524 143 91 aut
1416 524 245 91 eueniet:
1599 524 122 91 ut
1640 524 102 91 sit

94 566 293 104 sententia,
324 566 167 104 Ecce
428 566 146 104 hoc
512 566 188 104 ipsum
637 566 230 104 eueniet
805 566 209 104 Adamo,
951 566 167 104 quod
1055 566 146 104 uni
1139 566 125 104 ex
1202 566 209 104 nobis,
1348 566 188 104 nempe
1473 566 209 104 filio:
1599 566 146 104 nimi-

87 627 153 91 rum
175 627 131 91 ut
240 627 306 91 experiatur
481 627 197 91 bonum
613 627 109 91 &
656 627 219 91 malum,
810 627 131 91 id
875 627 175 91 est,
985 627 263 91 fortunam
1182 627 241 91 uariam,
1357 627 219 91 morbos
1488 627 241 91 uidelicet

96 684 301 91 calamitates
337 684 100 91 &
377 684 221 91 mortem,
537 684 201 91 suauia
678 684 140 91 (ut
758 684 160 91 dici
858 684 201 91 solet)
999 684 100 91 &
1039 684 201 91 amara.
1179 684 160 91 Haec
1280 684 140 91 est
1360 684 160 91 enim
1460 684 160 91 sors
1540 684 201 91 hominis,

89 731 118 102 At
148 731 197 102 filius
286 731 276 102 incarnatus
503 731 138 102 pro
582 731 197 102 nobis,
720 731 138 102 non
799 731 197 102 pater,
937 731 138 102 non
1016 731 237 102 spiritus
1193 731 237 102 sanctus,
1370 731 118 102 in
1430 731 315 102 similitudine
1666 731 79 102 ut

86 786 178 105 homo
197 786 290 105 repertus,
420 786 111 105 &
465 786 223 105 uariam
621 786 267 105 fortunam
821 786 201 105 etiam
955 786 223 105 mortis
1111 786 267 105 expertus
1312 786 178 105 est.
1423 786 134 105 Id
1490 786 178 105 quod
1579 786 156 105 Adamo

88 855 332 84 consolationis
362 855 98 84 (
401 855 137 84 non
479 855 293 84 illusionis)
713 855 195 84 gratia
850 855 195 84 dictum
987 855 215 84 claret.
1143 855 176 84 Sicut
1260 855 156 84 enim
1358 855 195 84 corpus
1475 855 254 84 protoplasto

86 910 151 96 rum
172 910 301 96 uestimento
408 910 215 96 contra
559 910 258 96 iniuriam
752 910 194 96 coeli
881 910 280 96 muniuerat
1096 910 194 96 bonus
1225 910 258 96 dominus,
1419 910 151 96 qui
1483 910 258 96 peccatorem

84 963 121 90 in
144 963 221 90 exilium
305 963 221 90 eijcere
466 963 282 90 statuerat:
687 963 141 90 ita
768 963 201 90 animum
908 963 221 90 moestum
1069 963 221 90 solatur
1230 963 342 90 consolationis
1492 963 241 90 plenissimo

84 1016 304 92 incarnandi
323 1016 347 92 passionisque
605 1016 260 92 exemplo.
800 1016 152 92 Sic
887 1016 195 92 autem
1017 1016 239 92 corpore
1191 1016 108 92 &
1234 1016 195 92 anima
1364 1016 304 92 instructos
1581 1016 152 92 demum

77 1081 202 88 eiicit
218 1081 121 88 ex
279 1081 182 88 horto
400 1081 303 88 felicitatis
643 1081 121 88 in
704 1081 404 88 calamitosissimum
1047 1081 243 88 exilium.
1229 1081 182 88 Huius
1351 1081 222 88 generis
1492 1081 243 88 testimonia

76 1136 211 89 ubique
224 1136 232 89 plurima
393 1136 296 89 occurrunt.
625 1136 148 89 Nam
710 1136 232 89 Abraham
879 1136 169 89 tres
984 1136 211 89 uidit,
1132 1136 148 89 sed
1217 1136 148 89 cum
1301 1136 211 89 tribus
1449 1136 190 89 uelut
1576 1136 148 89 cum
1639 1136 106 89 uno

70 1188 375 99 colloquitur,
374 1188 117 99 &
421 1188 188 99 unum
538 1188 258 99 adorat.
726 1188 164 99 Et,
820 1188 211 99 Pluit
960 1188 258 99 dominus
1148 1188 211 99 super
1289 1188 258 99 Sodomam
1476 1188 117 99 &
1500 1188 234 99 Gomorram

80 1237 238 107 sulphure
259 1237 99 107 &
298 1237 159 107 igni
397 1237 99 107 a
437 1237 198 107 domino
576 1237 119 107 de
635 1237 218 107 coelis,
794 1237 99 107 &
834 1237 258 107 subuertit
1032 1237 258 107 ciuitates
1230 1237 198 107 illas.
1369 1237 238 107 Caeterum
1548 1237 119 107 ne
1607 1237 159 107 quis

72 1292 393 109 interpretaretur,
406 1292 177 109 Pluit
524 1292 216 109 dominus
681 1292 98 109 a
720 1292 216 109 domino,
877 1292 118 109 id
936 1292 137 109 est
1014 1292 98 109 a
1054 1292 196 109 coelo,
1191 1292 157 109 ipse
1289 1292 255 109 subiungit
1485 1292 157 109 mox,
1584 1292 118 109 De
1623 1292 98 109 coe

80 1349 168 93 lis.
185 1349 126 93 Vt
248 1349 168 93 enim
353 1349 189 93 pater
479 1349 147 93 per
563 1349 210 93 filium
710 1349 189 93 omnia
836 1349 273 93 condidit:
1046 1349 147 93 ita
1130 1349 147 93 per
1214 1349 210 93 eundem
1361 1349 273 93 conseruat
1550 1349 168 93 omnia:

78 1412 155 101 per
167 1412 222 101 eundem
322 1412 266 101 operatur
522 1412 222 101 adhuc.
677 1412 178 101 Post
788 1412 200 101 Mosen
921 1412 178 101 uero
1032 1412 333 101 prophetarum
1298 1412 355 101 celeberrimus
1565 1412 155 101 Dauid

71 1469 117 83 in
130 1469 235 83 Psalmis:
306 1469 176 83 Verbo
424 1469 215 83 domini,
580 1469 157 83 ait,
678 1469 176 83 coeli
796 1469 176 83 facti
913 1469 176 83 sunt,
1030 1469 98 83 &
1070 1469 215 83 spiritu
1226 1469 157 83 oris
1324 1469 157 83 eius
1422 1469 176 83 omnis
1520 1469 215 83 exercitus

79 1518 212 101 eorum.
227 1518 191 101 Audis
354 1518 191 101 autem
482 1518 170 101 unum
588 1518 170 101 esse
694 1518 254 101 dominum,
884 1518 127 101 in
948 1518 148 101 quo
1033 1518 233 101 interim
1202 1518 212 101 uerbum
1351 1518 148 101 est
1435 1518 106 101 &
1478 1518 276 101 spiritus,

73 1585 221 83 utraque
234 1585 281 83 distincta,
455 1585 181 83 licet
575 1585 141 83 non
656 1585 261 83 separata.
857 1585 221 83 Dominus
1018 1585 161 83 enim
1118 1585 201 83 coelos
1259 1585 201 83 facit,
1399 1585 141 83 sed
1480 1585 141 83 per
1540 1585 181 83 uerbum:

64 1648 253 79 caeterum
254 1648 190 79 omnis
380 1648 253 79 coelorum
570 1648 232 79 ornatus
739 1648 232 79 constat
908 1648 232 79 spiritu
1077 1648 169 79 oris
1182 1648 232 79 domini.
1351 1648 169 79 Idem
1457 1648 190 79 Dauid
1562 1648 169 79 canit:

80 1685 189 100 Dixit
206 1685 231 100 dominus
373 1685 210 100 domino
520 1685 168 100 meo,
625 1685 168 100 sede
730 1685 105 100 a
772 1685 231 100 dextris
939 1685 168 100 meis
1044 1685 105 100 :
1086 1685 189 100 donec
1212 1685 189 100 ponam
1338 1685 252 100 inimicos
1526 1685 168 100 tuos
1610 1685 105 100 sca

64 1741 214 92 bellum
214 1741 193 92 pedum
342 1741 236 92 tuorum.
514 1741 193 92 Alibi
642 1741 171 92 uero
749 1741 171 92 idem
857 1741 150 92 hic
942 1741 193 92 Dauid
1071 1741 236 92 fatetur
1242 1741 236 92 diserte
1414 1741 236 92 praeter
1564 1741 150 92 domi-

63 1804 152 90 num
150 1804 152 90 non
237 1804 174 90 esse
346 1804 218 90 alium.
498 1804 152 90 Hic
585 1804 239 90 interim
760 1804 152 90 non
847 1804 196 90 minus
977 1804 196 90 clare
1108 1804 218 90 canit,
1260 1804 196 90 Dixit
1391 1804 239 90 dominus
1543 1804 174 90 domino

68 1861 161 83 meo,
168 1861 201 83 patrem
309 1861 201 83 utique
450 1861 322 83 intelligens,
711 1861 141 83 qui
791 1861 201 83 filium
932 1861 221 83 Dauidis
1093 1861 221 83 dominum
1254 1861 281 83 collocarit
1475 1861 121 83 ad
1515 1861 201 83 dexteram

72 1910 113 101 in
129 1910 300 101 coelestibus.
372 1910 113 101 Ex
429 1910 169 101 lsaia
541 1910 206 101 colligi
691 1910 206 101 possunt
841 1910 206 101 plurima
991 1910 281 101 testimonia.
1217 1910 244 101 Excellens
1404 1910 150 101 uero
1498 1910 169 101 illud
1610 1910 150 101 est,

71 1965 159 105 quod
170 1965 219 105 citauit
329 1965 258 105 Matthaeus
528 1965 258 105 apostolus
727 1965 179 105 hisce
846 1965 199 105 uerbis
985 1965 99 105 :
1025 1965 159 105 Ecce
1124 1965 199 105 filius
1263 1965 159 105 meus
1362 1965 159 105 quem
1462 1965 199 105 elegi,
1581 1965 139 105 dile-

71 2024 166 95 ctus
175 2024 186 95 meus,
299 2024 124 95 in
361 2024 145 95 quo
444 2024 228 95 placata
609 2024 145 95 est
692 2024 186 95 anima
816 2024 145 95 mea
899 2024 103 95 :
940 2024 186 95 ponam
1065 2024 248 95 spiritum
1251 2024 166 95 meum
1354 2024 186 95 super
1478 2024 207 95 illum,
1603 2024 103 95 &c.

63 2075 152 104 Cum
150 2075 152 104 hoc
237 2075 261 104 congruit
433 2075 174 104 quod
542 2075 109 104 &
585 2075 196 104 Lucas
716 2075 261 104 citauit:
911 2075 261 104 Spiritus
1107 2075 217 104 domini
1259 2075 196 104 super
1390 2075 152 104 me,
1477 2075 130 104 eo
1542 2075 174 104 quod
1629 2075 87 104 un

64 2134 146 85 xit
148 2134 146 85 me,
231 2134 125 85 ad
294 2134 376 85 euangelisandum
607 2134 292 85 pauperibus
837 2134 188 85 misit
962 2134 146 85 me,
1046 2134 125 85 &c
1108 2134 188 85 Habes
1234 2134 125 85 in
1296 2134 146 85 his
1380 2134 313 85 testimonijs
1610 2134 104 85 pa-

62 2189 194 101 trem,
192 2189 237 101 filium,
364 2189 108 101 &
407 2189 259 101 spiritum
601 2189 259 101 sanctum.
795 2189 172 101 Haec
903 2189 194 101 pauca
1033 2189 129 101 ex
1097 2189 237 101 multis.
1270 2189 151 101 Nec
1356 2189 172 101 enim
1442 2189 259 101 affectamus

66 2246 266 70 uniuersas
270 2246 286 70 scripturas
495 2246 225 70 ueteris
659 2246 286 70 Testamenti
863 2246 225 70 euoluere.

126 2296 174 101 Hanc
235 2296 174 101 ergo
343 2296 195 101 fidem
474 2296 152 101 qua
560 2296 261 101 credimus
756 2296 130 101 in
821 2296 174 101 deum
930 2296 239 101 patrem,
1103 2296 239 101 filium,
1277 2296 109 101 &
1320 2296 261 101 spiritum
1494 2296 217 101 sanctum,

59 2366 275 79 accepimus
270 2366 127 79 ab
333 2366 169 79 ipso
439 2366 169 79 deo,
545 2366 253 79 traditam
735 2366 190 79 nobis
861 2366 148 79 per
946 2366 317 79 patriarchas
1199 2366 106 79 &
1241 2366 296 79 prophetas,
1474 2366 211 79 omnium
1600 2366 106 79 cla

55 2412 233 96 rissime
224 2412 169 96 uero
330 2412 296 96 declaratam
563 2412 148 96 per
648 2412 191 96 ipsum
775 2412 148 96 dei
859 2412 233 96 filium,
1029 2412 233 96 dominum
1198 2412 233 96 nostrum
1367 2412 191 96 Iesum
1473 2412 233 96 Christum,

56 2461 102 103 &
96 2461 224 103 sanctos
259 2461 163 103 eius
361 2461 285 103 apostolos:
585 2461 163 103 unde
687 2461 143 103 iam
769 2461 183 103 nullo
891 2461 224 103 negotio
1054 2461 306 103 colligimus,
1299 2461 143 103 cur
1380 2461 183 103 omnes
1482 2461 224 103 ecclesia.

48 2530 135 101 rum
125 2530 289 101 synceriores
356 2530 289 101 antistites,
587 2530 135 101 uel
664 2530 231 101 ministri
837 2530 212 101 totaque
991 2530 212 101 Christi
1145 2530 231 101 ecclesia
1318 2530 154 101 hanc
1414 2530 173 101 fidem
1530 2530 173 101 tanto
1626 2530 77 101 co

46 2573 232 102 luerint
215 2573 380 102 defenderintque
532 2573 275 102 consensu,
743 2573 169 102 inde
848 2573 127 102 ab
912 2573 317 102 apostolorum
1165 2573 211 102 morte.
1313 2573 317 102 Impijssimum
1545 2573 148 102 certe

50 2632 238 105 fuisset,
228 2632 139 105 hac
308 2632 257 105 catholica
505 2632 99 105 &
545 2632 257 105 orthodoxa
743 2632 178 105 fidei
862 2632 178 105 forma
980 2632 238 105 relicta,
1159 2632 218 105 eligere
1317 2632 99 105 &
1357 2632 178 105 sequi
1475 2632 198 105 nouam.
1594 2632 99 105 Ex-

52 2697 164 100 tant
155 2697 185 100 etiam
278 2697 185 100 hodie
402 2697 246 100 multorum
586 2697 411 100 ecclesiasticorum
935 2697 287 100 scriptorum
1161 2697 246 100 pijssimi
1346 2697 103 100 &
1387 2697 287 100 doctissimi
1592 2697 103 100 li-

48 2744 163 91 bri,
149 2744 203 91 quibus
292 2744 285 91 orthodoxam
515 2744 163 91 hanc
617 2744 346 91 catholicamque
902 2744 183 91 fidem
1024 2744 122 91 ex
1085 2744 285 91 scripturis
1309 2744 244 91 sanctis,
1492 2744 102 91 &
1512 2744 183 91 declara

54 2809 162 93 runt
155 2809 101 93 &
195 2809 303 93 defenderunt
438 2809 202 93 contra
579 2809 202 93 impios
721 2809 303 93 haereticos.
963 2809 202 93 Extant
1105 2809 202 93 uaria,
1246 2809 141 93 sed
1327 2809 182 93 omnia
1448 2809 222 93 eiusdem
1590 2809 101 93 ge-

48 2862 196 89 neris,
186 2862 215 89 Symbola
342 2862 196 89 fidei,
479 2862 118 89 in
538 2862 196 89 multis
675 2862 196 89 aedita
812 2862 294 89 episcoporum
1048 2862 235 89 synodis.
1224 2862 196 89 Extat,
1361 2862 235 89 discitur
1537 2862 98 89 &
1557 2862 137 89 reci-

47 2911 180 111 tatur
167 2911 180 111 hodie
287 2911 120 111 ab
348 2911 281 111 uniuersali
568 2911 260 111 ecclesia,
768 2911 100 111 &
808 2911 240 111 singulis
989 2911 160 111 eius
1089 2911 220 111 membris
1249 2911 200 111 doctis
1389 2911 100 111 &
1430 2911 240 111 idiotis,
1590 2911 100 111 om
