2288 3632
490 292 213 109 nisque
639 292 192 109 sexus
767 292 107 109 &
810 292 235 109 aetatis
980 292 277 109 hominibus
1194 292 277 109 symbolum,
1407 292 171 109 quod
1514 292 320 109 apostolorum
1770 292 256 109 dicitur:
1962 292 149 109 quo
2026 292 149 109 nihil

489 357 193 102 aliud
617 357 172 102 quam
725 357 172 102 quod
832 357 258 102 hactenus
1026 357 344 102 declarauimus
1305 357 322 102 profitemur,
1563 357 150 102 nos
1648 357 279 102 uidelicet
1863 357 236 102 credere
2035 357 129 102 in
2078 357 86 102 u-

491 413 156 95 num
580 413 200 95 deum,
713 413 200 95 nempe
847 413 134 95 in
914 413 245 95 patrem,
1092 413 245 95 filium,
1270 413 111 95 &
1315 413 267 95 spiritum
1515 413 267 95 sanctum.
1716 413 223 95 Cumque
1871 413 200 95 tanta
1983 413 178 95 semper

496 467 207 99 fuerit
641 467 124 99 ab
703 467 165 99 ipso
806 467 186 99 mundi
930 467 227 99 exordio
1096 467 207 99 omnium
1240 467 269 99 sanctorum
1447 467 124 99 in
1509 467 165 99 fide
1612 467 165 99 ista
1715 467 165 99 uera
1819 467 289 99 consensio,
2025 467 145 99 pijs-

495 520 168 101 sime
600 520 126 101 ab
663 520 252 101 antiquis
852 520 315 101 principibus
1104 520 294 101 regibusque
1335 520 210 101 cautum
1483 520 168 101 est,
1588 520 126 101 ne
1651 520 168 101 quis
1756 520 189 101 porro
1882 520 210 101 audeat
2029 520 189 101 fidem

495 579 157 102 hanc
594 579 118 102 de
653 579 197 102 sancta
790 579 138 102 dei
869 579 216 102 unitate
1026 579 98 102 &
1066 579 275 102 trinitate,
1282 579 138 102 uel
1361 579 118 102 in
1420 579 197 102 dubium
1557 579 236 102 uertere,
1734 579 138 102 uel
1813 579 236 102 curiosis
1970 579 197 102 quaestio

496 640 182 107 nibus
617 640 445 107 disputationibusque
1002 640 283 107 inuoluere.
1225 640 324 107 Configebatur
1488 640 162 107 olim
1589 640 121 107 in
1650 640 202 107 populo
1791 640 324 107 Israelitico,
2034 640 142 107 quis-

504 699 159 97 quis
604 699 219 97 limitem
763 699 259 97 praefixum
962 699 219 97 fuisset
1121 699 378 97 praetergressus.
1440 699 159 97 Sunt
1540 699 100 97 &
1580 699 179 97 nobis
1699 699 299 97 praescripti
1938 699 179 97 circa
2038 699 139 97 cogni

499 747 199 103 tionem
638 747 139 103 dei
718 747 239 103 termini,
897 747 159 103 quos
997 747 318 103 praeterijsse
1255 747 199 103 nocet,
1395 747 139 103 imo
1474 747 159 103 quod
1574 747 358 103 praesentissima
1872 747 179 103 morte
1972 747 199 103 punitur,

565 810 204 90 Faxit
701 810 272 90 dominus,
906 810 136 90 ut
974 810 227 90 ipsum,
1132 810 227 90 qualis
1291 810 181 90 est,
1405 810 181 90 deum
1518 810 250 90 summum,
1700 810 272 90 optimum,
1904 810 272 90 maximum,
2085 810 91 90 co

500 860 291 105 gnoscamus
724 860 202 105 uere,
858 860 112 105 &
903 860 246 105 colamus
1082 860 313 105 religiose.
1328 860 269 105 Hactenus
1530 860 179 105 enim
1642 860 134 105 de
1709 860 202 105 modis
1843 860 112 105 &
1888 860 224 105 formis
2022 860 157 105 cogno

507 921 207 88 scendi
652 921 186 88 deum,
776 921 145 88 qui
858 921 289 88 substantia
1086 921 186 88 unus,
1209 921 248 88 personis
1395 921 207 88 trinus
1540 921 165 88 est,
1643 921 330 88 disseruimus,
1912 921 145 88 qua
1974 921 207 88 potuimus

508 972 343 92 simplicitate,
790 972 303 92 synceritate
1032 972 121 92 ac
1093 972 282 92 breuitate.
1315 972 282 92 Agnoscimus
1537 972 222 92 interim
1698 972 101 92 &
1738 972 222 92 fatemur
1900 972 222 92 libere,
2041 972 141 92 nihil

507 1027 264 105 hactenus
705 1027 110 105 &
749 1027 198 105 istis
881 1027 220 105 quidem
1035 1027 242 105 omnibus
1211 1027 198 105 tanta
1343 1027 220 105 dignum
1497 1027 286 105 maiestate
1717 1027 176 105 esse
1827 1027 286 105 prolatum.
2025 1027 154 105 Maior

513 1087 154 97 est
601 1087 176 97 enim
711 1087 176 97 deus
820 1087 264 97 aeternus
1018 1087 242 97 optimus
1194 1087 264 97 maximus,
1391 1087 176 97 omni
1501 1087 307 97 maiestate,
1743 1087 176 97 omni
1853 1087 307 97 eloquentia
2072 1087 110 97 om-

517 1138 162 98 nium
618 1138 243 98 hominum,
801 1138 203 98 tantum
942 1138 203 98 abest,
1084 1138 122 98 ut
1145 1138 264 98 existimem
1348 1138 122 98 me
1409 1138 142 98 mea
1490 1138 243 98 insantia
1672 1138 142 98 hic
1753 1138 324 98 praestitisse
1997 1138 182 98 tantil-

511 1197 186 94 lum.
627 1197 256 94 Quinimo
814 1197 256 94 supplex
1000 1197 256 94 dominum
1186 1197 419 94 clementissimum
1536 1197 186 94 oro,
1652 1197 163 94 quo
1745 1197 210 94 nobis
1885 1197 280 94 omnibus,
2072 1197 116 94 pro

514 1251 139 97 sua
594 1251 318 97 misericordia
852 1251 100 97 &
892 1251 338 97 liberalitate,
1171 1251 299 97 intellectum
1410 1251 199 97 mentis
1549 1251 219 97 nostrae
1708 1251 259 97 illuminet
1907 1251 119 97 se
1967 1251 179 97 digna
2067 1251 119 97 cog-

516 1322 265 81 nitione,
715 1322 155 81 per
803 1322 265 81 Christum
1002 1322 243 81 dominum
1178 1322 265 81 nostrum.

663 1423 127 92 Deum
742 1423 127 92 esse
822 1423 206 92 creatorem
980 1423 174 92 omnium,
1107 1423 190 92 omniaque
1250 1423 111 92 sua
1313 1423 206 92 gubernare
1472 1423 254 92 prouidentia:
1678 1423 111 92 ubi
1742 1423 79 92 &
1773 1423 95 92 de
1821 1423 127 92 bona
1900 1423 111 92 dei
1948 1423 95 92 erga

793 1498 138 73 nos
872 1498 275 73 uoluntate,
1088 1498 118 73 ac
1147 1498 374 73 predestinatione
1462 1498 295 73 disseritur.
1698 1498 177 73 SERMO
1796 1498 118 73 IIII

735 1577 221 110 ESTAT,
890 1577 265 110 fratres,
1089 1577 133 110 ut
1155 1577 155 110 his
1244 1577 177 110 quae
1354 1577 133 110 de
1421 1577 155 110 deo
1509 1577 332 110 protulimus,
1775 1577 155 110 iam
1863 1577 288 110 coronidis
2062 1577 133 110 uice

729 1646 241 96 quaedam
905 1646 154 96 non
992 1646 241 96 admodum
1168 1646 241 96 prolixa
1343 1646 132 96 de
1409 1646 132 96 ea
1475 1646 154 96 dei
1563 1646 285 96 Creatione
1782 1646 329 96 subiiciamus
2023 1646 176 96 hodier

739 1700 130 81 no
804 1700 259 81 sermone,
999 1700 151 81 qua
1085 1700 173 81 ipse
1193 1700 259 81 conditor
1388 1700 238 81 omnium,
1560 1700 194 81 omnia
1690 1700 130 81 ad
1755 1700 302 81 utilitatem
1971 1700 216 81 hominum.

737 1756 298 85 saluberrime
975 1756 258 85 condidit,
1174 1756 139 85 cum
1254 1756 258 85 uisibilia
1452 1756 139 85 tum
1532 1756 318 85 inuisibilia,
1790 1756 238 85 eademque
1969 1756 159 85 nunc
2068 1756 119 85 ut
2108 1756 99 85 sem

531 1814 148 102 per
615 1814 253 102 gubernat
805 1814 148 102 uel
890 1814 274 102 moderatur
1101 1814 380 102 sapientissime.
1417 1814 169 102 Inde
1523 1814 169 102 enim
1628 1814 148 102 non
1713 1814 274 102 mediocris
1924 1814 148 102 dei
1987 1814 211 102 cognitio

527 1874 181 83 nobis
648 1874 261 83 obtinget,
849 1874 101 83 &
889 1874 362 83 illustrabuntur
1191 1874 201 83 multa,
1331 1874 161 83 quae
1432 1874 121 83 in
1492 1874 261 83 superiore
1693 1874 302 83 tractatione
1935 1874 221 83 parcius
2075 1874 121 83 deli

525 1927 251 94 bauimus.
713 1927 126 94 In
776 1927 272 94 indaganda
985 1927 335 94 consideranda
1257 1927 335 94 excolendaque
1529 1927 272 94 creatione
1739 1927 272 94 uniuersi,
1948 1927 293 94 partiumque

524 1978 169 87 eius
630 1978 275 87 laborauit
841 1978 190 87 omnis
968 1978 296 87 externorum
1200 1978 401 87 domesticorumque
1538 1978 275 87 sapientum
1749 1978 317 87 diligentia,
2003 1978 106 87 &
2045 1978 190 87 labo-

535 2032 142 89 rat
616 2032 183 89 adhuc
738 2032 325 89 laborabitque
1001 2032 183 89 donec
1123 2032 142 89 hic
1204 2032 203 89 mundus
1346 2032 284 89 durauerit.
1569 2032 162 89 Quis
1671 2032 162 89 enim
1772 2032 243 89 hucusque
1955 2032 142 89 uel
2015 2032 183 89 sapien-

525 2097 228 81 tissimus
696 2097 381 81 peritissimusque,
1020 2097 133 81 uel
1096 2097 362 81 diligentissimus
1401 2097 228 81 scriptor
1572 2097 247 81 naturalis
1762 2097 266 81 historiae,
1972 2097 133 81 non
2029 2097 171 81 plurima

531 2142 243 109 posteris
713 2142 283 109 elaboranda
935 2142 263 109 reliquit?
1137 2142 162 109 Quis
1238 2142 141 109 uel
1319 2142 202 109 hodie,
1460 2142 182 109 licet
1582 2142 202 109 utatur
1723 2142 344 109 doctissimorum
1986 2142 202 109 scripto-

535 2208 147 81 rum
619 2208 189 81 opera
745 2208 357 81 industriaque,
1038 2208 147 81 non
1122 2208 231 81 cogitur
1290 2208 189 81 adhuc
1416 2208 189 81 plura
1542 2208 105 81 &
1584 2208 210 81 maiora
1731 2208 231 81 mirari,
1898 2208 168 81 quam
2003 2208 147 81 uel
2066 2208 126 81 isti

534 2254 166 103 sint
638 2254 290 103 assequuti,
866 2254 145 103 uel
949 2254 166 103 ipse
1052 2254 311 103 assequatur?
1301 2254 166 103 Vult
1405 2254 373 103 sapientissimus
1715 2254 228 103 dominus
1881 2254 249 103 perpetuo
2047 2254 145 103 homi-

529 2313 141 92 nes
610 2313 283 92 ingeniosos
832 2313 242 92 donisque
1013 2313 303 92 coelestibus
1256 2313 323 92 locupletatos
1518 2313 263 92 occupari,
1720 2313 303 92 exercerique
1963 2313 121 92 in
2003 2313 202 92 indagan-

535 2369 143 90 dis
616 2369 369 90 proferendisque
924 2369 287 90 creationis
1149 2369 102 90 &
1190 2369 225 90 naturae
1354 2369 246 90 arcanis.
1538 2369 246 90 Caeterum
1722 2369 143 90 nos
1804 2369 307 90 simpliciter
2029 2369 164 90 compre

533 2424 237 92 hendimus
711 2424 158 92 fide
810 2424 217 92 condita
968 2424 158 92 esse
1067 2424 217 92 saecula
1225 2424 119 92 ex
1284 2424 198 92 nihilo
1422 2424 237 92 nullaque
1600 2424 296 92 praeiacente
1837 2424 237 92 materia,
2015 2424 138 92 per
2074 2424 119 92 uer-

536 2479 138 98 bum
615 2479 138 98 dei
694 2479 99 98 a
734 2479 158 98 deo,
833 2479 336 98 subsistereque
1110 2479 119 98 in
1169 2479 218 98 uirtute
1328 2479 237 98 spiritus
1506 2479 218 98 diuini.
1664 2479 138 98 Sic
1743 2479 158 98 enim
1842 2479 297 98 crediderunt
2079 2479 99 98 &
2099 2479 99 98 do-

526 2546 247 84 cuerunt
705 2546 202 84 Dauid
840 2546 180 84 rex,
952 2546 112 84 &
997 2546 225 84 Paulus
1155 2546 225 84 doctor
1289 2546 225 84 gentium.

604 2597 240 85 Tametsi
779 2597 174 85 uero
888 2597 262 85 uniuersi
1084 2597 218 85 ratio,
1237 2597 109 85 &
1280 2597 305 85 creationis
1520 2597 196 85 modus
1651 2597 218 85 paucis
1804 2597 153 85 nec
1891 2597 349 85 comprehendi,

528 2647 150 92 nec
613 2647 236 92 proponi
785 2647 215 92 queat,
935 2647 236 92 conabor
1107 2647 193 92 tamen
1236 2647 236 92 quaedam
1407 2647 257 92 proferre
1600 2647 129 92 in
1665 2647 236 92 medium,
1836 2647 129 92 ex
1901 2647 215 92 quibus
2029 2647 172 92 utcun-

532 2711 146 84 que
616 2711 188 84 rerum
741 2711 188 84 summa
866 2711 292 84 diligenter
1095 2711 334 84 contemplanti
1366 2711 292 84 elucescat.
1595 2711 125 84 Ac
1658 2711 167 84 malo
1762 2711 146 84 hic
1846 2711 229 84 alienis
2012 2711 146 84 uti
2075 2711 125 84 uer-

530 2759 176 91 bis,
640 2759 176 91 quam
750 2759 198 91 meis,
883 2759 221 91 maxime
1037 2759 154 91 cum
1125 2759 287 91 existimem
1346 2759 154 91 hoc
1434 2759 265 91 negotium
1633 2759 154 91 uix
1721 2759 198 91 posse
1853 2759 265 91 uiuidius
2052 2759 198 91 expo

516 2821 145 87 ni,
599 2821 166 87 quam
703 2821 270 87 enarrarit
911 2821 332 87 Tertullianus
1180 2821 125 87 in
1243 2821 187 87 libro
1367 2821 125 87 de
1429 2821 270 87 Trinitate
1637 2821 270 87 huiusmodi
1844 2821 228 87 uerbis.
2010 2821 166 87 Deus
2093 2821 104 87 coe

518 2872 99 86 s
558 2872 138 86 lum
637 2872 158 86 alta
735 2872 296 86 sublimitate
972 2872 276 86 suspendit,
1189 2872 197 86 terram
1328 2872 217 86 deiecta
1485 2872 158 86 mole
1584 2872 276 86 solidauit,
1801 2872 178 86 maria
1920 2872 197 86 soluto
2038 2872 158 86 liquo-

517 2924 132 108 re
583 2924 286 108 diffudit,
803 2924 110 108 &
847 2924 176 108 haec
957 2924 198 108 omnia
1088 2924 264 108 proprijs
1286 2924 110 108 &
1330 2924 286 108 condignis
1550 2924 352 108 instrumentis
1835 2924 110 108 &
1879 2924 220 108 ornata
2033 2924 110 108 &
2055 2924 154 108 plena
