2288 3632
74 231 223 95 eripuit
236 231 142 95 eos
317 231 122 95 ex
378 231 264 95 angustijs
581 231 182 95 suis.
702 231 122 95 Ea
763 231 162 95 uero
865 231 122 95 de
925 231 182 95 causa
1047 231 223 95 repetit
1209 231 223 95 toties,
1371 231 122 95 ut
1432 231 223 95 fiducia
1574 231 203 95 concepta

79 302 273 92 discamus
284 302 137 92 in
353 302 251 92 omnibus
535 302 251 92 casibus
717 302 273 92 inuocare
922 302 205 92 nomen
1059 302 251 92 domini.
1241 302 251 92 Solomon
1423 302 182 92 enim
1537 302 137 92 in
1583 302 182 92 Prouer

79 346 163 101 bijs
180 346 203 101 iterum
323 346 203 101 dicit:
465 346 203 101 Turris
607 346 285 101 fortissima
831 346 142 101 est
912 346 183 101 nomen
1034 346 224 101 domini,
1197 346 122 101 ad
1258 346 183 101 ipsam
1379 346 203 101 currit
1522 346 224 101 iustus,
1684 346 102 101 &
1705 346 81 101 ex

84 410 267 89 altabitur
289 410 164 89 siue
391 410 185 89 extra
514 410 267 89 periculum
719 410 185 89 erit.
842 410 185 89 Asaph
965 410 205 89 quoque
1109 410 123 89 in
1170 410 226 89 sanctis
1334 410 287 89 carminibus
1560 410 205 89 canit:
1683 410 103 89 Sa-

74 477 226 82 crifica
239 477 144 82 deo
321 477 308 82 sacrificium
567 477 226 82 laudis,
732 477 103 82 &
773 477 247 82 persolue
958 477 267 82 altissimo
1163 477 164 82 uota
1266 477 164 82 tua,
1369 477 103 82 &
1410 477 205 82 inuoca
1554 477 123 82 me
1615 477 123 82 in
1656 477 103 82 die

68 522 387 91 tribulationis,
391 522 108 91 &
434 522 194 91 eruam
564 522 151 91 te,
650 522 108 91 &
693 522 366 91 honorificabis
994 522 151 91 me.
1080 522 237 91 Inducit
1252 522 194 91 autem
1382 522 194 91 ipsum
1511 522 172 91 deum
1597 522 172 91 loquen

74 585 147 79 tem
158 585 105 79 &
200 585 315 79 postulantem
452 585 315 79 sacrificia,
705 585 147 79 non
789 585 252 79 pecuina,
978 585 189 79 aurea
1104 585 147 79 uel
1188 585 273 79 argentea,
1399 585 147 79 sed
1483 585 210 79 laudem
1630 585 105 79 &
1651 585 105 79 in-

80 645 331 76 uocationem.
345 645 198 76 Simul
477 645 309 76 pollicetur
719 645 287 76 auxilium,
940 645 110 76 &
984 645 353 76 testificatur
1271 645 176 76 quod
1381 645 287 76 inuocando
1602 645 110 76 &
1624 645 132 76 lau-

77 695 204 83 dando
213 695 317 83 honoretur.
462 695 181 83 Vnde
575 695 204 83 Dauid
711 695 226 83 dixit:
869 695 136 83 In
937 695 362 83 tribulatione
1232 695 158 83 mea
1322 695 272 83 inuocabo
1526 695 272 83 dominum,

66 745 120 93 &
114 745 144 93 ad
186 745 193 93 deum
307 745 193 93 meum
427 745 289 93 clamabo,
644 745 120 93 &
692 745 289 93 exaudiet
908 745 144 93 de
981 745 241 93 templo
1149 745 169 93 suo
1245 745 217 93 uocem
1390 745 217 93 meam,
1534 745 120 93 &
1558 745 193 93 clamor

75 810 168 79 meus
180 810 273 79 perueniet
391 810 126 79 in
454 810 189 79 aures
580 810 189 79 eius.
706 810 168 79 Ioel
811 810 210 79 quoque
959 810 210 79 dixit:
1106 810 189 79 Omnis
1232 810 147 79 qui
1316 810 273 79 inuocarit
1527 810 189 79 nomen
1653 810 168 79 domi

72 868 144 80 ni,
155 868 205 80 saluus
298 868 185 80 erit.
421 868 123 80 Et
483 868 226 80 dominus
647 868 164 80 apud
750 868 267 80 Ieremiam:
955 868 308 80 Inuocabitis
1201 868 144 80 me,
1283 868 103 80 &
1324 868 246 80 uiuetis:
1509 868 246 80 orabitis
1673 868 103 80 me,

82 910 105 86 &
124 910 252 86 exaudiam
313 910 168 86 uos:
418 910 273 86 quaeretis
628 910 147 86 me,
712 910 105 86 &
754 910 315 86 inuenietis:
1007 910 252 86 siquidem
1196 910 126 86 ex
1259 910 168 86 toto
1364 910 189 86 corde
1490 910 210 86 uestro
1616 910 147 86 quae-

66 970 278 102 sieritis.
279 970 278 102 Praeterea
493 970 150 102 non
579 970 235 102 legimus
750 970 214 102 beatos
899 970 214 102 patres
1049 970 235 102 nostros
1220 970 256 102 quenquam
1412 970 128 102 in
1476 970 235 102 omnibus
1626 970 128 102 suis

75 1029 195 92 uotis
205 1029 173 92 siue
314 1029 217 92 paruis
465 1029 173 92 siue
574 1029 217 92 magnis
725 1029 282 92 inuocasse
942 1029 195 92 alium
1072 1029 173 92 quam
1181 1029 173 92 deum
1289 1029 260 92 uiuentem
1484 1029 130 92 in
1527 1029 217 92 saecula/

70 1078 149 101 Nam
155 1078 170 101 ipse
261 1078 234 101 dominus
431 1078 170 101 apud
538 1078 192 101 Asaph
666 1078 213 101 dicit:
814 1078 128 101 In
878 1078 277 101 angustijs
1091 1078 277 101 inuocabas
1304 1078 149 101 me(
1389 1078 234 101 lsrael)
1559 1078 106 101 &
1580 1078 192 101 eripie-

67 1137 141 100 bam
147 1137 141 100 te.
227 1137 181 100 Dauid
348 1137 221 100 quoque:
508 1137 120 100 In
569 1137 120 100 te
629 1137 321 100 sperauerunt,
890 1137 161 100 ait,
990 1137 201 100 patres
1131 1137 221 100 nostri,
1291 1137 301 100 sperauerunt
1532 1137 100 100 &
1552 1137 221 100 liberasti

71 1203 164 85 eos.
173 1203 123 85 Ad
234 1203 123 85 te
296 1203 328 85 clamauerunt,
562 1203 102 85 &
603 1203 184 85 salui
726 1203 184 85 facti
849 1203 184 85 sunt,
972 1203 123 85 in
1034 1203 123 85 te
1095 1203 307 85 sperauerunt
1341 1203 102 85 &
1382 1203 143 85 non
1464 1203 164 85 sunt
1546 1203 205 85 confusi.

65 1245 153 87 His
153 1245 241 87 omnibus
328 1245 262 87 subiunge
524 1245 153 87 iam
612 1245 306 87 praeceptum
852 1245 241 87 Christi
1027 1245 241 87 domini,
1202 1245 153 87 Cum
1290 1245 219 87 oratis
1443 1245 241 87 dicite:
1596 1245 153 87 Pater

66 1318 229 78 noster,
233 1318 146 78 &c.
316 1318 250 78 subiunge
503 1318 167 78 quae
607 1318 271 78 sequuntur
815 1318 187 78 Lucae
940 1318 125 78 1.
1003 1318 104 78 &
1044 1318 208 78 Matth.
1190 1318 125 78 7.
1253 1318 208 78 Petite
1398 1318 104 78 &
1440 1318 229 78 dabitur
1586 1318 167 78 uobis.

77 1356 118 103 &
125 1356 282 103 reliqua.
336 1356 353 103 Concludimus
618 1356 188 103 ergo
736 1356 188 103 deum
853 1356 212 103 uerum
995 1356 212 103 uiuum
1136 1356 118 103 &
1183 1356 282 103 aeternum
1394 1356 141 103 ab
1465 1356 259 103 omnibus
1629 1356 118 103 ho-

60 1416 238 84 minibus
233 1416 130 84 in
298 1416 238 84 omnibus
471 1416 389 84 necessitatibus
795 1416 259 84 inuocari
967 1416 238 84 oportere.

137 1474 146 89 Sed
221 1474 230 89 frustra
388 1474 271 89 fortassis
596 1474 209 89 laboro
742 1474 125 89 in
805 1474 167 89 his,
909 1474 146 89 cum
993 1474 188 89 pauci
1118 1474 146 89 aut
1202 1474 188 89 nulli
1327 1474 209 89 negent
1473 1474 167 89 deum
1556 1474 209 89 inuocan-

68 1530 156 97 dum
157 1530 201 97 esse,
291 1530 156 97 hoc
380 1530 335 97 diligentius
648 1530 379 97 demonstrandum
960 1530 268 97 uidetur,
1161 1530 178 97 quod
1272 1530 201 97 solus
1406 1530 156 97 sit
1473 1530 290 97 inuocandus.

63 1582 152 95 Nam
150 1582 195 95 multi
280 1582 173 95 deum
388 1582 216 95 quidem
540 1582 281 95 inuocant,
756 1582 152 95 sed
843 1582 195 95 simul
973 1582 152 95 cum
1059 1582 152 95 deo
1146 1582 152 95 aut
1232 1582 152 95 pro
1319 1582 152 95 deo
1406 1582 260 95 delectos
1600 1582 195 95 etiam

70 1649 295 84 patronos,
297 1649 181 84 unde
410 1649 159 84 non
501 1649 204 84 solum
637 1649 181 84 deum
750 1649 295 84 inuocant.
977 1649 204 84 Solum
1113 1649 204 84 autem
1249 1649 272 84 inuocari
1452 1649 272 84 oportere
1634 1649 113 84 sic

61 1705 325 82 ostendimus,
321 1705 325 82 Inuocatione
582 1705 303 82 postulamus
820 1705 282 82 auxilium,
1037 1705 152 82 uel
1123 1705 130 82 ut
1188 1705 173 82 bona
1297 1705 195 82 nobis
1427 1705 238 82 dentur,
1600 1705 152 82 uel
1665 1705 87 82 ut

60 1757 300 85 auertantur
295 1757 107 85 a
338 1757 193 85 nobis
467 1757 193 85 mala.
595 1757 129 85 Id
659 1757 171 85 quod
767 1757 193 85 nulla
895 1757 300 85 copiosiore
1131 1757 236 85 indiget
1302 1757 321 85 probatione,
1559 1757 150 85 cum
1645 1757 150 85 non

64 1807 205 101 possit
207 1807 205 101 negari
350 1807 102 101 a
391 1807 225 101 quoquam
555 1807 225 101 ratione
719 1807 164 101 sana
821 1807 225 101 utente.
985 1807 143 101 lam
1067 1807 164 101 uero
1170 1807 184 101 solus
1292 1807 164 101 deus
1395 1807 287 101 auxiliator
1620 1807 164 101 est,

69 1872 155 76 qui
158 1872 178 76 unus
269 1872 178 76 bona
380 1872 267 76 confert,
580 1872 111 76 &
624 1872 178 76 mala
735 1872 244 76 ausert.
913 1872 155 76 Nam
1002 1872 133 76 in
1068 1872 289 76 euangelio
1291 1872 200 76 dicit
1424 1872 267 76 dominus:
1624 1872 178 76 Nemo

72 1932 187 66 bonus
197 1932 166 66 nisi
300 1932 187 66 unus,
425 1932 187 66 nempe
549 1932 187 66 deus.
674 1932 270 66 Vsurpauit
881 1932 187 66 autem
1005 1932 166 66 unus
1109 1932 145 66 pro
1192 1932 207 66 solus,
1337 1932 207 66 Rursus
1482 1932 124 66 in
1544 1932 166 66 lege
1627 1932 104 66 per

63 1972 193 81 Mosen
191 1972 193 81 dicit
320 1972 236 81 dominus
491 1972 107 81 :
534 1972 214 81 Videte
684 1972 171 81 quod
791 1972 150 81 ego
877 1972 150 81 sum
963 1972 214 81 solus,
1113 1972 107 81 &
1156 1972 150 81 non
1242 1972 150 81 sit
1327 1972 193 81 alius
1456 1972 171 81 deus
1563 1972 236 81 praeter

62 2040 160 78 me.
154 2040 137 78 Et
222 2040 229 78 iterum
382 2040 160 78 per
474 2040 251 78 lsaiam:
657 2040 251 78 Nunquid
839 2040 160 78 non
931 2040 160 78 ego
1022 2040 251 78 dominus
1205 2040 114 78 &
1251 2040 160 78 non
1342 2040 160 78 est
1434 2040 251 78 amplius
1617 2040 183 78 deus

65 2097 224 72 praeter
227 2097 142 72 me:
309 2097 163 72 deus
410 2097 203 72 iustus
553 2097 102 72 &
594 2097 224 72 saluans
756 2097 142 72 non
838 2097 142 72 est
919 2097 224 72 praeter
1082 2097 142 72 me.
1163 2097 122 72 Et
1224 2097 203 72 Dauid:
1367 2097 183 72 Quis,
1489 2097 224 72 inquit,
1651 2097 142 72 est

61 2151 171 75 deus
168 2151 235 75 praeter
339 2151 257 75 dominum,
531 2151 107 75 &
574 2151 171 75 quis
681 2151 214 75 petra,
831 2151 235 75 praeter
1002 2151 171 75 deum
1109 2151 257 75 nostrum?
1302 2151 342 75 Indignissime
1559 2151 171 75 itaque

64 2205 251 86 tulerunt
252 2205 251 86 cultores
440 2205 146 86 dei
524 2205 230 86 quoties
691 2205 125 86 ab
754 2205 188 86 ipsis
880 2205 314 86 postularunt
1131 2205 230 86 homines
1298 2205 125 86 ea
1361 2205 167 86 quae
1465 2205 230 86 dominus
1632 2205 146 86 con

68 2249 183 98 sert.
189 2249 223 98 Dicebat
352 2249 183 98 Rahel
473 2249 122 98 ad
534 2249 243 98 Iacobum:
717 2249 122 98 Da
778 2249 162 98 mihi
879 2249 223 98 filios:
1041 2249 223 98 alioqui
1203 2249 223 98 morior.
1366 2249 142 98 Sed
1447 2249 264 98 scriptura
1629 2249 122 98 pro-

64 2307 183 96 tinus
186 2307 203 96 addit:
328 2307 122 96 Et
389 2307 203 96 iratus
531 2307 203 96 lacob,
673 2307 203 96 dixit:
816 2307 142 96 Num
897 2307 142 96 pro
978 2307 142 96 deo
1059 2307 142 96 ego
1141 2307 163 96 sum,
1242 2307 142 96 qui
1324 2307 163 96 tibi
1425 2307 264 96 denegauit
1608 2307 122 96 fru-

59 2366 169 94 ctum
165 2366 254 94 uentris.
355 2366 232 94 Quinimo
524 2366 148 94 dum
608 2366 148 94 rex
693 2366 211 94 Syriae
841 2366 106 94 a
883 2366 169 94 rege
989 2366 254 94 lsraelis
1179 2366 232 94 loramo,
1348 2366 148 94 non
1432 2366 232 94 admodum
1601 2366 169 94 pio,

55 2426 316 90 postularet
303 2426 135 90 ut
371 2426 271 90 Naamanum
574 2426 248 90 curaret
754 2426 203 90 sepra
890 2426 293 90 infectum,
1115 2426 158 90 ait
1205 2426 225 90 loram:
1363 2426 248 90 Nunquid
1544 2426 158 90 ego
1611 2426 113 90 sum

56 2482 189 91 deus,
182 2482 126 91 ut
245 2482 210 91 possim
393 2482 295 91 uiuificare
624 2482 105 91 &
666 2482 337 91 mortificare:
940 2482 147 91 Nam
1024 2482 126 91 is
1087 2482 210 91 mittit
1234 2482 126 91 ad
1297 2482 147 91 me,
1381 2482 126 91 ut
1444 2482 189 91 curem
1550 2482 189 91 hominem

60 2526 100 101 a
100 2526 200 101 lepra.
240 2526 221 101 Proinde
401 2526 301 101 certissimum
641 2526 160 101 est,
742 2526 200 101 solius
882 2526 160 101 esse
982 2526 140 101 dei
1062 2526 160 101 dare
1163 2526 180 101 bona,
1283 2526 100 101 &
1323 2526 160 101 mala
1423 2526 261 101 auertere.
1604 2526 120 101 Vnde

48 2588 155 76 iam
137 2588 311 76 consequens
381 2588 155 76 est
470 2588 200 76 solum
603 2588 178 76 deum
714 2588 267 76 inuocari
914 2588 289 76 oportere.
1136 2588 155 76 Nam
1225 2588 133 76 si
1292 2588 267 76 patroni,
1492 2588 178 76 quos
1581 2588 155 76 inuo-

46 2657 170 80 cant
152 2657 234 80 tanquam
323 2657 320 80 auxiliares,
578 2657 149 80 qui
664 2657 149 80 non
749 2657 192 80 solum
877 2657 170 80 deum
983 2657 277 80 inuocant,
1196 2657 170 80 bona
1303 2657 170 80 dare
1409 2657 149 80 aut
1495 2657 170 80 mala
1580 2657 149 80 auer-

45 2701 171 94 tere
151 2701 256 94 possunt,
344 2701 256 94 profecto
536 2701 150 94 non
622 2701 171 94 unus
729 2701 214 94 tantum
878 2701 171 94 deus
985 2701 214 94 esset.
1135 2701 150 94 Nam
1220 2701 107 94 &
1263 2701 128 94 hi
1327 2701 150 94 dij
1412 2701 235 94 essent.
1583 2701 150 94 Non
1648 2701 85 94 au

48 2759 143 92 tem
129 2759 164 92 sunt
232 2759 164 92 dij,
334 2759 164 92 quia
437 2759 164 92 unus
539 2759 143 92 est
621 2759 184 92 deus,
744 2759 143 92 qui
826 2759 184 92 solus
949 2759 225 92 confert
1113 2759 184 92 bona,
1236 2759 164 92 mala
1339 2759 225 92 aufert:
1503 2759 184 92 solus
1605 2759 123 92 ergo

51 2813 168 92 deus
156 2813 294 92 inuocandus
387 2813 168 92 est,
492 2813 231 92 patroni
660 2813 147 92 non
744 2813 168 92 sunt
849 2813 294 92 inuocandi,
1080 2813 126 92 ut
1143 2813 147 92 qui
1227 2813 147 92 nec
1311 2813 168 92 bene
1416 2813 147 92 nec
1500 2813 168 92 male
1584 2813 147 92 face-

42 2871 131 96 re
108 2871 262 96 possunt.
305 2871 153 96 Nam
392 2871 175 96 quod
501 2871 219 96 quidam
654 2871 153 96 hic
742 2871 131 96 ex
808 2871 175 96 suis
917 2871 284 96 capitibus
1136 2871 284 96 opponunt,
1354 2871 262 96 patronos
1551 2871 219 96 quidem
