2288 3632
491 239 143 107 non
572 239 122 107 ex
633 239 245 107 seipsis,
817 239 143 107 sed
898 239 122 107 ex
960 239 143 107 deo
1041 239 163 107 bene
1143 239 143 107 uel
1225 239 163 107 male
1327 239 224 107 facere,
1490 239 204 107 dubium
1632 239 143 107 imo
1714 239 306 107 falsissimum
1959 239 163 107 est.
2040 239 143 107 Dicit

502 320 172 86 enim
610 320 151 86 per
696 320 280 86 prophetam
911 320 172 86 ipse
1019 320 258 86 dominus,
1213 320 151 86 Ego
1299 320 258 86 dominus,
1492 320 237 86 Hucipse
1665 320 151 86 uel
1751 320 280 86 essentia)
1966 320 151 86 est
2030 320 151 86 nomen

489 369 200 86 meum,
622 369 111 86 &
667 369 245 86 gloriam
845 369 178 86 meam
956 369 223 86 alteri
1112 369 156 86 non
1201 369 200 86 dabo,
1335 369 111 86 &
1379 369 223 86 laudem
1535 369 178 86 meam
1647 369 379 86 sculptilibus.
1958 369 267 86 Caeterum

497 429 234 90 gloria
660 429 164 90 dei
754 429 187 90 est,
871 429 187 90 quod
988 429 211 90 solus
1128 429 117 90 &
1175 429 187 90 unus
1292 429 234 90 omnium
1456 429 257 90 bonorum
1643 429 164 90 non
1737 429 187 90 modo
1853 429 187 90 fons
1947 429 234 90 inexhau-

503 481 182 92 stus,
624 481 141 92 sed
705 481 101 92 &
745 481 303 92 distributor
987 481 303 92 aequissimus
1229 481 161 92 est,
1330 481 182 92 eoque
1451 481 202 92 nomine
1593 481 262 92 inuocatur
1795 481 101 92 &
1835 481 222 92 colitur
1996 481 121 92 ab
2037 481 141 92 homi-

506 557 220 73 nibus.
660 557 220 73 Psalm.
792 557 88 73 5o

582 585 260 95 Praeterea
782 585 140 95 cum
862 585 220 95 nemini,
1021 585 160 95 nisi
1121 585 140 95 uni
1201 585 140 95 deo
1281 585 140 95 sit
1361 585 360 95 sacrificandum,
1661 585 180 95 certe
1781 585 180 95 solus
1900 585 160 95 deus
2000 585 140 95 est
2060 585 120 95 ado-

504 654 232 78 randus.
672 654 211 78 Clamat
820 654 126 78 in
883 654 169 78 lege
988 654 274 78 dominus:.
1199 654 147 78 Qui
1283 654 232 78 immolat
1452 654 190 78 dijs,
1578 654 316 78 praeterquam
1831 654 211 78 domino
1978 654 190 78 soli,
2084 654 105 78 ex-

510 708 307 84 terminetur.
755 708 225 84 Ideoque
919 708 205 84 Paulus
1062 708 102 84 &
1103 708 245 84 Barnabas
1287 708 307 84 Lystrensib.
1532 708 286 84 sacrificia
1757 708 307 84 parantibus,
2003 708 164 84 quae
2085 708 102 84 ip-

504 764 147 78 sis
588 764 273 78 offerrent
798 764 294 78 apostolis,
1029 764 231 78 tanquam
1197 764 126 78 ad
1260 764 336 78 intolerandam
1532 764 315 78 blasphemiam
1784 764 210 78 uestes
1931 764 168 78 suas
2015 764 168 78 scide-

515 821 188 82 runt,
640 821 208 82 Rursus
786 821 167 82 enim
890 821 125 82 in
953 821 167 82 lege
1057 821 208 82 domini
1203 821 250 82 legimus:
1391 821 271 82 Quicunque
1599 821 313 82 suffimentum
1849 821 229 82 incensi
2016 821 167 82 sibi
2100 821 83 82 fe

515 875 195 91 cerit,
651 875 117 91 ut
709 875 117 91 id
768 875 253 91 olfaciat,
963 875 273 91 excindetur
1177 875 97 91 e
1216 875 195 91 populo
1352 875 156 91 suo.
1450 875 175 91 Atqui
1567 875 273 91 sacrificia
1781 875 195 91 piorum
1917 875 156 91 sunt
2015 875 214 91 preces,

509 928 462 102 gratiarumactiones,
908 928 105 102 &
950 928 336 102 inuocationes
1223 928 210 102 diuini
1371 928 252 102 nominis.
1560 928 189 102 Dauid
1686 928 189 102 enim:
1812 928 189 102 Tibi,
1938 928 231 102 inquit,
2085 928 105 102 sa-

521 996 282 77 crificabo
738 996 325 77 sacrificium
998 996 239 77 laudis,
1172 996 108 77 &
1215 996 195 77 nomen
1345 996 217 77 domini
1497 996 282 77 inuocabo.
1714 996 130 77 Et
1779 996 239 77 iterum:
1931 996 260 77 Disponatur

524 1041 219 83 oratio
677 1041 153 83 mea
765 1041 263 83 incensum
962 1041 131 83 in
1028 1041 285 83 conspectu
1247 1041 175 83 tuo,
1356 1041 109 83 &
1400 1041 263 83 eleuatio
1597 1041 219 83 manuum
1750 1041 241 83 mearum,
1903 1041 285 83 sacrificium

523 1096 334 88 uespertinum.
794 1096 208 88 Paulus
940 1096 229 88 quoque:
1107 1096 146 88 Per
1190 1096 271 88 Christum,
1399 1096 229 88 inquit,
1566 1096 271 88 offerimus
1774 1096 229 88 hostiam
1941 1096 208 88 laudis
2066 1096 125 88 sem-

525 1155 154 86 per
613 1155 175 86 deo,
722 1155 154 86 hoc
810 1155 175 86 est,
920 1155 241 86 fructum
1095 1155 263 86 labiorum
1293 1155 351 86 confitentium
1578 1155 219 86 nomini
1731 1155 197 86 eius.
1863 1155 154 86 Nam
1951 1155 110 86 &
1973 1155 219 86 propheta

519 1220 181 80 Oseas
639 1220 201 80 iussit
780 1220 140 80 nos
860 1220 241 80 immolare
1041 1220 221 80 uitulos
1201 1220 261 80 labiorum.
1402 1220 221 80 Quoniam
1562 1220 201 80 itaque
1703 1220 160 80 soli
1803 1220 140 80 deo
1883 1220 140 80 est
1943 1220 241 80 sacrifican

519 1261 154 86 dum,
615 1261 192 86 utique
749 1261 173 86 solus
865 1261 154 86 deus
961 1261 134 86 est
1037 1261 288 86 inuocandus.
1268 1261 134 86 Nec
1345 1261 250 86 possibile
1537 1261 134 86 est
1614 1261 231 86 patronos
1787 1261 173 86 illos
1902 1261 250 86 coelites,
2075 1261 115 86 quos

513 1321 236 86 uocant,
684 1321 150 86 non
770 1321 193 86 solum
898 1321 171 86 deum
1005 1321 321 86 inuocantes,
1262 1321 128 86 si
1326 1321 193 86 beati
1455 1321 193 86 sunt,
1583 1321 278 86 huiusmodi
1797 1321 343 86 inuocationes
2054 1321 150 86 postu

522 1379 173 79 lare
631 1379 130 79 ab
696 1379 304 79 hominibus:
934 1379 152 79 imo
1021 1379 130 79 hi
1086 1379 108 79 &
1129 1379 130 79 in
1195 1379 173 79 deum
1303 1379 108 79 &
1346 1379 130 79 in
1411 1379 195 79 diuos
1541 1379 260 79 peccant,
1737 1379 304 79 tribuentes
1975 1379 173 79 his,
2062 1379 130 79 quod

514 1433 189 92 nulli
640 1433 273 92 agnoscunt
851 1433 189 92 beati
977 1433 273 92 spiritus.
1187 1433 189 92 Dixit
1313 1433 210 92 beatus
1461 1433 316 92 Augustinus,
1713 1433 147 92 non
1797 1433 168 92 boni
1902 1433 147 92 dei
1987 1433 252 92 angelos,

515 1488 153 84 sed
603 1488 350 84 cacodaemones
887 1488 197 84 esse,
1018 1488 153 84 qui
1106 1488 153 84 non
1193 1488 175 84 unum
1302 1488 197 84 solum
1434 1488 131 84 ac
1499 1488 219 84 summum
1652 1488 197 84 deum,
1784 1488 153 84 sed
1871 1488 241 84 seipsos
2024 1488 175 84 sacri-

519 1551 206 77 ficijs
663 1551 165 77 coli
766 1551 226 77 uolund.
931 1551 247 77 Caeterum
1116 1551 185 77 beati
1239 1551 247 77 spiritus
1424 1551 144 77 dum
1506 1551 185 77 adhuc
1630 1551 288 77 corporibus
1856 1551 226 77 fuerunt
2000 1551 185 77 conexi,

523 1601 276 89 orauerunt:
740 1601 158 89 Fiat
839 1601 237 89 uoluntas
1016 1601 158 89 tua,
1115 1601 177 89 sicut
1233 1601 118 89 in
1292 1601 177 89 coelo
1410 1601 99 89 &
1450 1601 118 89 in
1509 1601 197 89 terra,
1647 1601 217 89 iccirco
1805 1601 237 89 liberati
1982 1601 158 89 modo
2081 1601 118 89 ab
2120 1601 79 89 om

521 1663 127 79 ni
584 1663 338 79 corruptione,
859 1663 190 79 multo
985 1663 232 79 plenius
1154 1663 148 79 imo
1238 1663 359 79 perfectissime
1534 1663 317 79 consentiunt
1787 1663 127 79 in
1850 1663 295 79 uoluntatem
2061 1663 127 79 dei-

521 1718 179 90 quae
633 1718 201 90 iubet
767 1718 201 90 omnes
901 1718 201 90 solum
1035 1718 246 90 adorare
1214 1718 112 90 &
1259 1718 269 90 inuocare
1460 1718 201 90 deum,

613 1765 221 81 Rursus
768 1765 287 81 inuocatur
989 1765 133 81 is
1055 1765 199 81 demum
1187 1765 265 81 legitime
1386 1765 110 81 &
1431 1765 155 81 cum
1519 1765 243 81 fructu,
1696 1765 155 81 qui
1784 1765 199 81 corda
1917 1765 265 81 inspicit
2094 1765 110 81 uo-

518 1822 272 92 cantium,
722 1822 181 92 uota
835 1822 204 92 audit
971 1822 113 92 &
1017 1822 294 92 desideria
1243 1822 249 92 explere
1424 1822 226 92 potest
1583 1822 226 92 omnium
1741 1822 317 92 uiuentium.
1990 1822 159 92 Eum
2058 1822 136 92 uero

523 1879 283 81 omniscium
741 1879 109 81 &
785 1879 349 81 omnipotentem
1068 1879 305 81 cordiumque
1308 1879 327 81 scrutatorem
1569 1879 174 81 esse
1678 1879 240 81 necesse
1852 1879 174 81 est.
1961 1879 196 81 Porro
2092 1879 153 81 cum

523 1934 186 81 solus
647 1934 165 81 deus
751 1934 124 81 is
813 1934 165 81 sit,
916 1934 310 81 proculdubio
1164 1934 186 81 solus
1288 1934 248 81 inuocari
1474 1934 207 81 debet.
1619 1934 145 81 Nam
1702 1934 165 81 deum
1805 1934 186 81 solum
1929 1934 227 81 cordium
2074 1934 124 81 esse

533 1989 334 85 scrutatorem,
804 1989 188 85 nulli
930 1989 271 85 conclusum
1138 1989 188 85 loco,
1264 1989 146 85 sed
1347 1989 209 85 ubique
1493 1989 292 85 praesentem
1723 1989 125 85 ac
1786 1989 355 85 omnipotentem,
2057 1989 146 85 Solo-

528 2054 146 80 mon
611 2054 187 80 hisce
736 2054 208 80 uerbis
882 2054 270 80 testatur:
1090 2054 166 80 Ecce
1194 2054 187 80 coeli
1319 2054 104 80 &
1360 2054 187 80 coeli
1485 2054 250 80 coelorum
1672 2054 146 80 non
1755 2054 229 80 capiunt
1922 2054 146 80 te,
2005 2054 104 80 &
2026 2054 166 80 quomo-

534 2098 122 91 do
595 2098 183 91 domus
716 2098 162 91 ista
818 2098 162 91 quam
919 2098 304 91 aedificaui?
1163 2098 122 91 Tu
1224 2098 203 91 itaque
1366 2098 244 91 exaudies
1549 2098 122 91 in
1609 2098 203 91 coelo,
1751 2098 122 91 in
1812 2098 284 91 habitaculo
2015 2098 183 91 mansio-

525 2157 139 89 nis
605 2157 179 89 tuae,
724 2157 100 89 &
764 2157 259 89 propitius
963 2157 179 89 eris.
1083 2157 199 89 Facies
1223 2157 100 89 &
1262 2157 179 89 dabis
1382 2157 259 89 unicuique
1581 2157 179 89 iuxta
1701 2157 179 89 omnes
1820 2157 159 89 uias
1920 2157 179 89 suas,
2040 2157 139 89 qui
2099 2157 100 89 co-

518 2214 241 95 gnoscis
694 2214 154 95 cer
781 2214 197 95 eius.
913 2214 132 95 Tu
979 2214 175 95 enim
1088 2214 197 95 solus
1220 2214 241 95 nouisti
1395 2214 197 95 corda
1527 2214 263 95 filiorum
1724 2214 263 95 hominum.
1922 2214 241 95 Patroni
2075 2214 132 95 uero

518 2278 274 83 coelites,
729 2278 169 83 quos
834 2278 169 83 isti
940 2278 211 83 uocant
1087 2278 148 83 nec
1172 2278 232 83 hominum
1340 2278 337 83 cogitationes
1615 2278 211 83 norunt
1762 2278 190 83 neque
1889 2278 148 83 per
1973 2278 211 83 coelum
2100 2278 105 83 per

530 2336 199 71 terras
669 2336 100 71 &
709 2336 139 71 per
789 2336 179 71 maria
908 2336 219 71 diffusi
1068 2336 259 71 omniscij,
1267 2336 279 71 praesentes
1486 2336 219 71 ubique,
1645 2336 100 71 &
1685 2336 319 71 omnipotentes
1944 2336 179 71 sunt.
2064 2336 179 71 Alio

522 2396 142 75 qui
603 2396 163 75 enim
705 2396 122 75 in
765 2396 223 75 diuinam
928 2396 305 75 transmutati
1172 2396 203 75 essent
1314 2396 244 75 naturam,
1497 2396 345 75 desinerentque
1781 2396 163 75 esse
1883 2396 264 75 creaturae
2086 2396 102 75 :
2106 2396 102 75 ue-

531 2445 168 83 rum,
636 2445 189 83 licet
763 2445 147 83 per
847 2445 253 83 Christum
1036 2445 253 83 fruantur
1226 2445 232 83 aeterna
1394 2445 337 83 beatitudine,
1668 2445 274 83 creaturae
1878 2445 189 83 tamen
2005 2445 232 83 manent,

530 2489 147 86 nec
614 2489 252 86 omniscij
803 2489 147 86 nec
887 2489 336 86 omnipotentes
1161 2489 189 86 sunt,
1287 2489 168 86 ergo
1392 2489 210 86 minime
1539 2489 273 86 inuocandi
1749 2489 189 86 sund.
1876 2489 189 86 Certe
2002 2489 126 86 in
2044 2489 147 86 eodem

529 2551 214 94 puncto
678 2551 193 94 atque
807 2551 235 94 momento
978 2551 278 94 innumerae
1192 2551 278 94 mortalium
1406 2551 257 94 myriades
1599 2551 171 94 uota
1706 2551 150 94 sua
1791 2551 257 94 offerunt
1984 2551 107 94 :
2027 2551 150 94 ubi
2091 2551 107 94 sa-

519 2616 129 71 ne
584 2616 237 71 oportet
757 2616 151 71 eum
843 2616 151 71 qui
929 2616 280 71 exaudiat,
1145 2616 129 71 in
1210 2616 216 71 puncto
1361 2616 108 71 &
1404 2616 129 71 in
1469 2616 259 71 momento,
1663 2616 108 71 &
1706 2616 151 71 non
1792 2616 151 71 per
1878 2616 324 71 interualla,
2116 2616 86 71 no

530 2662 202 85 uisse
664 2662 112 85 &
709 2662 202 85 posse
844 2662 225 85 omnia,
1002 2662 247 85 adeoque
1181 2662 112 85 &
1226 2662 135 85 in
1294 2662 247 85 momento
1474 2662 202 85 manum
1609 2662 315 85 auxiliarem
1856 2662 270 85 praebere
2036 2662 157 85 omni-

521 2730 171 74 bus.
627 2730 171 74 Quod
734 2730 128 74 ut
798 2730 214 74 nulla,
948 2730 299 74 quantumuis
1183 2730 278 74 excellens
1396 2730 256 74 creatura
1589 2730 235 74 potest,
1759 2730 150 74 ita
1845 2730 192 74 solus
1973 2730 171 74 deus
2058 2730 150 74 omni-

516 2790 181 73 scius
637 2790 101 73 &
677 2790 302 73 omnipotens,
918 2790 181 73 omnia
1039 2790 221 73 potest,
1200 2790 221 73 ideoque
1361 2790 181 73 solus
1482 2790 282 73 inuocandus
1703 2790 161 73 est.
1804 2790 161 73 Scio
1904 2790 161 73 quid
2005 2790 141 73 his
2065 2790 141 73 oppo-

525 2841 166 69 nant
629 2841 290 69 patronorum
856 2841 248 69 coelitum
1043 2841 248 69 patroni,
1229 2841 186 69 illos
1353 2841 124 69 ex
1415 2841 145 69 sua
1498 2841 207 69 natura
1642 2841 145 69 nec
1725 2841 207 69 uidere
1870 2841 145 69 nec
1953 2841 207 69 audire
2077 2841 124 69 quae

520 2884 99 98 a
560 2884 178 98 nobis
678 2884 178 98 fiunt
797 2884 119 98 in
857 2884 218 98 terris,
1015 2884 139 98 sed
1094 2884 119 98 in
1153 2884 178 98 uultu
1272 2884 139 98 dei
1351 2884 139 98 ceu
1430 2884 297 98 lucidissimo
1668 2884 218 98 speculo
1826 2884 218 98 cernere
1984 2884 178 98 omnia
2083 2884 119 98 quae
