2288 3632
77 244 162 108 deus
178 244 243 108 dignatur
360 244 263 108 reuelare,
562 244 182 108 atque
684 244 142 108 ita
765 244 223 108 rescire
926 244 142 108 res
1007 244 223 108 nostras
1169 244 101 108 &
1210 244 283 108 opitulari.
1432 244 142 108 Sed
1513 244 142 108 hoc
1574 244 182 108 figmen-

79 318 148 90 tum
163 318 148 90 per
248 318 190 90 omnia
374 318 232 90 dubium,
543 318 211 90 nullis
691 318 211 90 potest
839 318 296 90 scripturis
1071 318 232 90 sanctis
1240 318 317 90 comprobari.
1494 318 169 90 Quin
1578 318 169 90 potius

87 382 282 73 contrarium
309 382 222 73 asserit
470 382 262 73 scriptura
672 382 121 73 de
732 382 182 73 diuis
853 382 303 73 coelitibus.
1095 382 141 73 Nam
1176 382 121 73 in
1237 382 182 73 lsaia
1358 382 202 73 clamat
1499 382 141 73 dei
1559 382 202 73 populus?

84 427 121 95 Tu
144 427 121 95 es
205 427 182 95 pater
327 427 202 95 noster
468 427 101 95 o
509 427 182 95 deus:
630 427 243 95 siquidem
813 427 223 95 Abraham
974 427 142 95 non
1055 427 243 95 cognouit
1238 427 162 95 nos.
1339 427 182 95 neque
1460 427 202 95 lsrael
1582 427 182 95 agnouit

84 486 170 70 nos,
190 486 127 70 tu
254 486 170 70 uero
360 486 212 70 domine
508 486 106 70 &
551 486 191 70 pater
678 486 212 70 noster
826 486 106 70 &
869 486 276 70 redemptor
1081 486 233 70 noster.
1251 486 127 70 Si
1314 486 170 70 uero
1421 486 318 70 patriarchae
1654 486 106 70 po-

79 550 172 75 puli
186 550 150 75 sui
272 550 150 75 tam
357 550 257 75 studiosi
550 550 343 75 ignorauerunt
829 550 172 75 quid
936 550 236 75 ageret,
1108 550 172 75 quem
1215 550 236 75 obsecro
1386 550 257 75 beatorum
1558 550 193 75 dabimus

88 606 144 66 qui
171 606 165 66 quid
274 606 248 66 faciamus
460 606 206 66 norit,
604 606 330 66 uiuentiumque
873 606 186 66 rebus
996 606 289 66 misceatur?
1223 606 268 66 Profecto,
1430 606 165 66 quod
1533 606 186 66 sacer
1636 606 124 66 Psal

70 661 163 75 mus
163 661 303 75 personat,
396 661 210 75 uerum
536 661 186 75 est,
652 661 256 75 Quoniam
839 661 210 75 pater
979 661 186 75 meus
1095 661 117 75 &
1142 661 210 75 mater
1282 661 163 75 mea
1375 661 350 75 deliquerunt
1631 661 117 75 me,

71 706 240 89 dominus
246 706 197 89 autem
377 706 262 89 suscepit
574 706 153 89 me.
661 706 131 89 Si
727 706 350 89 derelinquunt
1011 706 153 89 nos
1098 706 262 89 parentes
1295 706 240 89 nostri,
1470 706 240 89 quomodo
1623 706 131 89 obse

82 774 146 69 cro
166 774 146 69 res
249 774 229 69 nostras
416 774 146 69 uel
499 774 209 69 norunt
645 774 146 69 uel
729 774 229 69 curant?
896 774 271 69 Sufficiat
1104 774 188 69 nobis
1229 774 167 69 quod
1334 774 209 69 Dauidi
1480 774 209 69 abunde
1605 774 146 69 satis

80 817 183 92 fuit,
202 817 245 92 dicenti:
385 817 224 92 Dominus
548 817 143 92 mei
630 817 183 92 curam
752 817 265 92 suscepit.
956 817 204 92 Iosiam
1099 817 224 92 legimus
1262 817 122 92 ex
1323 817 143 92 hac
1404 817 163 92 uita
1506 817 285 92 translatum

67 884 123 79 in
129 884 205 79 aliam,
273 884 123 79 ne
334 884 164 79 mala
437 884 246 79 uideret,
621 884 164 79 quae
724 884 226 79 dominus
888 884 226 79 inferre
1052 884 267 79 statuerat
1257 884 205 79 populo
1400 884 308 79 lsraelitico
1626 884 123 79 pro-

79 940 170 78 pter
185 940 467 78 consceleratissimam
589 940 212 78 uitam.
737 940 212 78 Beatae
886 940 170 78 ergo
992 940 212 78 animae
1141 940 149 78 dei
1226 940 276 78 conspectu
1438 940 276 78 fruuntur,
1651 940 106 78 &
1672 940 85 78 ex

76 991 145 94 hoc
159 991 311 94 participant
408 991 166 94 luce
512 991 104 94 &
553 991 207 94 gaudio
698 991 311 94 sempiterno,
947 991 207 94 nullas
1092 991 145 94 res
1175 991 228 94 nostras
1341 991 228 94 norunt,
1507 991 187 94 neque
1611 991 145 94 nosse

80 1044 235 66 necesse
250 1044 171 66 est,
357 1044 214 66 domino
507 1044 171 66 solo
614 1044 299 66 gubernante
827 1044 171 66 omnia.

148 1095 146 93 lam
231 1095 104 93 &
273 1095 187 93 illud
398 1095 229 93 constat
564 1095 333 93 inuocationem
834 1095 125 93 ex
897 1095 166 93 fide
1001 1095 187 93 uelut
1125 1095 229 93 fructum
1292 1095 125 93 ex
1354 1095 208 93 radice
1500 1095 208 93 oriri.
1624 1095 125 93 Pau-

76 1151 156 89 lus
165 1151 179 89 enim
277 1151 201 89 illud
411 1151 290 89 prophetae
634 1151 290 89 adducens:
857 1151 268 89 Quisquis
1059 1151 290 89 inuocarit
1282 1151 201 89 nomen
1416 1151 246 89 domini,
1572 1151 179 89 saluus

73 1215 200 79 erit,
206 1215 156 79 mox
295 1215 289 79 adiincit.
518 1215 245 79 Quomodo
696 1215 200 79 autem
829 1215 311 79 inuocabunt
1074 1215 178 79 eum,
1185 1215 133 79 in
1252 1215 178 79 quem
1363 1215 156 79 non
1430 1215 311 79 crediderunt?

80 1262 126 93 En
143 1262 126 93 ut
206 1262 231 93 alterum
374 1262 231 93 duxerit
543 1262 126 93 ex
606 1262 210 93 altero
753 1262 294 93 apostolus:
984 1262 147 93 Non
1068 1262 273 93 inuocatur
1278 1262 126 93 in
1342 1262 168 93 quem
1447 1262 147 93 non
1510 1262 231 93 creditur.

71 1317 256 90 Proinde
257 1317 140 90 in
327 1317 186 90 quem
443 1317 303 90 credimus,
676 1317 233 90 eundem
839 1317 116 90 &
886 1317 326 90 inuocamus.
1142 1317 140 90 In
1212 1317 210 90 solum
1351 1317 210 90 autem
1491 1317 186 90 deum
1584 1317 163 90 credi

78 1381 162 76 mus,
179 1381 223 76 iccirco
342 1381 203 76 eundem
484 1381 183 76 solum
605 1381 284 76 inuocamus.
829 1381 142 76 Nam
910 1381 264 76 ubicunque
1113 1381 183 76 fides
1235 1381 162 76 uera
1336 1381 162 76 est,
1438 1381 142 76 ibi
1519 1381 142 76 est
1600 1381 183 76 etiam

75 1436 189 78 donum
201 1436 210 78 sancti
348 1436 273 78 spiritus.
558 1436 147 78 Nam
642 1436 273 78 apostolus
852 1436 168 78 ait.
956 1436 168 78 Quod
1061 1436 126 78 si
1124 1436 168 78 quis
1229 1436 252 78 spiritum
1418 1436 231 78 Christi
1586 1436 147 78 non
1649 1436 105 78 ha-

65 1487 160 89 bet,
165 1487 140 89 hic
245 1487 140 89 non
326 1487 140 89 est
406 1487 180 89 eius.
526 1487 120 89 Et
586 1487 221 89 iterum,
747 1487 140 89 Non
827 1487 281 89 accepistis
1047 1487 200 89 iterum
1188 1487 241 89 spiritum
1368 1487 281 89 seruitutis
1589 1487 120 89 ad
1629 1487 120 89 timo

73 1549 168 77 rem,
178 1549 147 77 sed
262 1549 294 77 accepistis
493 1549 252 77 spiritum
682 1549 315 77 adoptionis,
934 1549 147 77 per
1018 1549 168 77 quem
1123 1549 273 77 clamamus,
1333 1549 168 77 Abba
1438 1549 210 77 pater.
1585 1549 168 77 Vera
1669 1549 84 77 er

74 1609 124 75 go
136 1609 228 75 fiducia
302 1609 124 75 in
365 1609 166 75 deum
468 1609 270 75 praediti,
676 1609 166 75 deum
779 1609 166 75 quem
883 1609 187 75 solum
1007 1609 207 75 patrem
1152 1609 207 75 omnium
1298 1609 290 75 agnoscunt,
1505 1609 228 75 inuocant.

73 1650 143 95 Nec
154 1650 225 95 poterit
318 1650 143 95 uel
400 1650 205 95 minima
543 1650 266 95 particula
748 1650 123 95 in
809 1650 164 95 illa
912 1650 225 95 solenni
1076 1650 328 95 inuocationis
1342 1650 246 95 formula,
1526 1650 225 95 tradita
1669 1650 82 95 no

71 1707 134 90 bis
147 1707 95 90 a
185 1707 172 90 filio
300 1707 153 90 dei,
395 1707 153 90 ullo
491 1707 172 90 pacto
605 1707 229 90 attribui
777 1707 248 90 patronis.
968 1707 210 90 Proinde
1121 1707 172 90 solus
1235 1707 153 90 deus
1331 1707 267 90 inuocandus
1540 1707 153 90 est.

140 1764 224 91 Horret
296 1764 179 91 sane
408 1764 224 91 animus
565 1764 246 91 hominis
744 1764 314 91 peccatoris
991 1764 224 91 tantam
1147 1764 269 91 accedere
1349 1764 336 91 maiestatem.
1618 1764 179 91 Quis

69 1832 164 77 enim
172 1832 164 77 sibi
275 1832 205 77 dignus
418 1832 267 77 uideatur,
623 1832 144 77 qui
705 1832 123 77 in
767 1832 287 77 conspectum
992 1832 226 77 prodeat
1156 1832 308 77 sanctissimi
1402 1832 287 77 iustissimi
1628 1832 103 77 &
1648 1832 103 77 tre

68 1884 201 71 mendi
202 1884 179 71 dei?
314 1884 157 71 Hic
403 1884 179 71 ergo
515 1884 291 71 suggerunt
739 1884 224 71 quidam
895 1884 335 71 patrocinium
1164 1884 157 71 uel
1253 1884 403 71 intercessionem
1566 1884 179 71 coeli-

62 1949 154 71 tum
150 1949 265 71 diuorum,
349 1949 154 71 per
437 1949 221 71 quorum
592 1949 331 71 interuentum
856 1949 221 71 aditus
1011 1949 199 71 nobis
1143 1949 221 71 pateat
1298 1949 132 71 ad
1364 1949 199 71 deum.
1496 1949 154 71 Sed
1585 1949 154 71 hoc
1651 1949 88 71 ci

64 1992 149 76 tra
149 1992 319 76 testimonium
404 1992 298 76 scripturae
638 1992 298 76 proserunt.
872 1992 277 76 Scriptura
1085 1992 191 76 sicut
1212 1992 191 76 legem
1340 1992 191 76 nobis
1468 1992 277 76 proposuit
1659 1992 85 76 de

69 2052 273 78 inuocando
279 2052 168 78 deo,
384 2052 378 78 promisionesque
700 2052 231 78 adiecit
868 2052 336 78 amplissimas:
1141 2052 147 78 sic
1225 2052 294 78 praeceptum
1457 2052 252 78 proponit
1625 2052 105 78 per

62 2111 183 73 quem
177 2111 298 73 inuocemus
406 2111 206 73 deum,
543 2111 229 73 addita
703 2111 321 73 promisione
955 2111 458 73 praestantissima,
1345 2111 160 73 per
1436 2111 229 73 unicum
1574 2111 160 73 Chri-

62 2165 174 76 stum
171 2165 195 76 Iesum
301 2165 260 76 aperiens
496 2165 195 76 nobis
626 2165 217 76 aditum
778 2165 130 76 ad
843 2165 239 76 patrem.
1017 2165 130 76 In
1082 2165 282 76 euangelio
1299 2165 174 76 enim
1408 2165 195 76 dicit
1516 2165 217 76 dominus:

74 2208 174 95 Amen
183 2208 174 95 amen
292 2208 174 95 dico
400 2208 217 95 uobis,
552 2208 304 95 quaecunque
791 2208 304 95 petieritis
1030 2208 217 95 patrem
1182 2208 152 95 sub
1269 2208 217 95 nomine
1421 2208 174 95 meo,
1530 2208 196 95 dabit
1638 2208 109 95 uo-

77 2266 166 78 bis.
181 2266 249 78 Hactenus
368 2266 145 78 non
450 2266 249 78 petistis
637 2266 249 78 quicquam
824 2266 145 78 sub
907 2266 207 78 nomine
1052 2266 166 78 meo.
1155 2266 207 78 Petite
1301 2266 104 78 &
1342 2266 311 78 accipietis,
1591 2266 124 78 ut
1632 2266 104 78 gau

70 2327 170 83 dium
176 2327 234 83 uestrum
346 2327 149 83 sit
431 2327 297 83 perfectum.
665 2327 127 83 Et
728 2327 255 83 quicquid
920 2327 297 83 petieritis
1153 2327 212 83 nomine
1302 2327 170 83 meo,
1408 2327 149 83 hoc
1493 2327 234 83 faciam,
1663 2327 127 83 ut

75 2385 325 82 glorificetur
339 2385 183 82 pater
461 2385 142 82 per
542 2385 223 82 filium.
704 2385 122 82 Si
765 2385 162 82 quid
867 2385 284 82 petieritis
1090 2385 142 82 per
1171 2385 183 82 nomen
1293 2385 183 82 meum,
1415 2385 142 82 ego
1496 2385 223 82 faciam.
1638 2385 102 82 His

67 2448 173 72 quid
176 2448 238 72 poterat
349 2448 173 72 dici
457 2448 238 72 plenius
630 2448 108 72 &
673 2448 238 72 clarius
847 2448 108 72 ?
890 2448 195 72 lubet
1020 2448 260 72 Christus
1215 2448 152 72 per
1301 2448 195 72 nomen
1431 2448 173 72 suum
1518 2448 216 72 inuocare

69 2494 175 88 deum
178 2494 240 88 patrem,
353 2494 109 88 &
397 2494 284 88 promittit
615 2494 131 88 se
681 2494 284 88 confectum
900 2494 284 88 fidelibus
1118 2494 262 88 daturum,
1315 2494 262 88 quicquid
1490 2494 240 88 postulent

62 2551 123 90 in
124 2551 205 90 nomine
268 2551 246 90 Christi.
453 2551 164 90 Quis
555 2551 185 90 autem
679 2551 226 90 dubitet
843 2551 144 90 uel
925 2551 267 90 tantillum
1130 2551 123 90 de
1192 2551 246 90 ueritate
1377 2551 103 90 &
1418 2551 288 90 constantia
1623 2551 103 90 pro

64 2604 300 87 mittentis?
299 2604 171 87 Quid
406 2604 171 87 ergo
513 2604 171 87 opus
620 2604 171 87 post
727 2604 150 87 hac
813 2604 214 87 fuerit
963 2604 364 87 intercessione
1263 2604 257 87 diuorum?
1456 2604 128 87 De
1520 2604 150 87 his
1584 2604 150 87 inuo-

57 2668 246 86 candis,
235 2668 156 86 aut
325 2668 156 86 per
414 2668 335 86 interuentum
682 2668 246 86 ipsorum
861 2668 335 86 perueniendi
1129 2668 134 86 ad
1196 2668 201 86 deum,
1330 2668 223 86 nullum
1486 2668 246 86 habemus
1643 2668 89 86 te

62 2717 296 89 stimonium
290 2717 341 89 scripturae,
563 2717 228 89 nullam
722 2717 364 89 promisionem.
1018 2717 228 89 Quibus
1177 2717 205 89 addo,
1314 2717 319 89 contemnere
1541 2717 182 89 manda-

71 2781 149 76 tum
156 2781 106 76 &
198 2781 297 76 praeceptum
432 2781 170 76 dei,
538 2781 276 76 quicunque
750 2781 276 76 contendit
962 2781 149 76 per
1047 2781 212 76 alios,
1195 2781 170 76 quam
1302 2781 149 76 per
1386 2781 255 76 Christum
1577 2781 106 76 &
1599 2781 127 76 eius

67 2832 382 72 intercessionem
385 2832 276 72 perueniri
598 2832 127 72 ad
662 2832 234 72 patrem.
832 2832 149 72 Qui
917 2832 297 72 obtemperat
1150 2832 234 72 Christi
1320 2832 255 72 mandato,
1512 2832 106 72 &
1554 2832 149 72 per
1618 2832 106 72 no-

65 2898 150 79 men
150 2898 235 79 Christi
321 2898 257 79 inuocat,
514 2898 128 79 ei
578 2898 193 79 nihil
706 2898 171 79 opus
813 2898 150 79 est
899 2898 235 79 diuorum
1070 2898 321 79 interuentu.
1327 2898 128 79 An
1391 2898 150 79 non
1476 2898 193 79 omnia
1583 2898 150 79 plene
