2288 3632
172 243 148 91 His
256 243 148 91 non
341 243 190 91 minus
467 243 274 91 euidentia
678 243 190 91 eaque
805 243 232 91 plurima
974 243 253 91 poterunt
1164 243 127 91 ex
1227 243 253 91 epistola
1417 243 127 91 ad
1481 243 253 91 Hebraeos
1649 243 127 91 col-

90 315 154 80 ligi
186 315 290 80 testimonia.
418 315 174 80 Inter
534 315 154 80 alia
630 315 232 80 excellit
804 315 154 80 hoc:
901 315 232 80 Christus
1074 315 135 80 cum
1152 315 193 80 maneat
1287 315 116 80 in
1345 315 251 80 aeternum,
1538 315 135 80 ait
1596 315 154 80 aposto

80 370 173 88 lus,
189 370 282 88 perpetuum
405 370 195 88 habet
535 370 347 88 sacerdotium.
817 370 173 88 Vnde
925 370 108 88 &
968 370 217 88 saluos
1120 370 217 88 facere
1272 370 130 88 ad
1337 370 217 88 plenum
1488 370 238 88 potest,
1640 370 108 88 qui

92 438 142 64 per
173 438 183 64 ipsum
295 438 203 64 adeunt
437 438 183 64 deum:
559 438 203 64 semper
701 438 203 64 uiuens
843 438 122 64 ad
904 438 142 64 hoc
985 438 122 64 ut
1046 438 305 64 interpellet
1290 438 142 64 pro
1371 438 203 64 illis.
1513 438 183 64 Talis
1635 438 162 64 enim

93 495 220 63 decebat
253 495 120 63 ut
313 495 180 63 esset
432 495 180 63 nobis
552 495 260 63 pontifex,
752 495 240 63 sanctus,
932 495 260 63 innocens,
1131 495 299 63 impollutus,
1371 495 279 63 segregatus
1590 495 100 63 a
1610 495 140 63 pecca

82 540 244 75 toribus,
265 540 102 75 &
305 540 264 75 sublimior
509 540 203 75 coelis
651 540 224 75 factus,
814 540 142 75 &c.
895 540 163 75 Vide
997 540 224 75 obsecro
1160 540 163 75 quot
1262 540 122 75 in
1323 540 142 75 hoc
1404 540 183 75 Pauli
1506 540 244 75 testimonio

78 597 261 86 habeamus
274 597 283 86 argumenta
491 597 283 86 probantia
709 597 261 86 Christum
904 597 196 86 solum
1035 597 130 86 in
1100 597 217 86 coelis
1252 597 174 86 apud
1361 597 217 86 patrem
1513 597 174 86 esse
1600 597 152 86 fide-

78 652 165 83 lium
182 652 372 83 intercessorem.
491 652 289 83 Sacerdotis
719 652 248 83 proprium
904 652 248 83 officium
1090 652 145 83 est
1173 652 330 83 intercedere.
1441 652 186 83 Solus
1545 652 207 83 Christus

85 722 186 67 autem
209 722 248 67 sacerdos
396 722 145 67 est
478 722 186 67 coram
603 722 166 67 deo:
706 722 186 67 solus
830 722 166 67 ergo
934 722 310 67 intercessor
1182 722 166 67 est.
1285 722 145 67 lam
1368 722 103 67 &
1409 722 310 67 sacerdotium
1637 722 124 67 Chri

87 765 147 82 sti
171 765 274 82 perpetuum
382 765 147 82 uel
466 765 295 82 immutabile
697 765 147 82 est
782 765 105 82 :
824 765 147 82 non
908 765 211 82 itaque
1055 765 147 82 nos
1140 765 189 82 semel
1266 765 274 82 immolando
1476 765 232 82 redemit
1624 765 126 82 tan-

83 820 144 89 tum
166 820 165 89 unus
269 820 248 89 effectus
455 820 268 89 mediator.
661 820 351 89 redemptionis,
950 820 144 89 sed
1033 820 268 89 perpetuus
1239 820 186 89 etiam
1363 820 248 89 mediator
1528 820 227 89 interces-

88 877 195 85 sionis
225 877 293 85 interpellat
459 877 137 85 pro
537 877 176 85 nobis
654 877 117 85 in
713 877 176 85 finem
830 877 195 85 usque.
967 877 176 85 Licet
1084 877 156 85 enim
1181 877 98 85 &
1220 877 176 85 iudex
1337 877 137 85 sit
1415 877 215 85 dominus
1571 877 215 85 noster,

88 933 296 74 infidelium
320 933 190 74 tamen
447 933 190 74 iudex
574 933 169 74 est,
679 933 253 74 patronus
869 933 275 74 fidelium,
1080 933 317 74 uniuersorum
1334 933 190 74 autem
1460 933 190 74 iudex
1587 933 211 74 tandem

88 992 124 77 in
150 992 166 77 fine
254 992 249 77 saeculi.
441 992 124 77 Et
503 992 124 77 si
565 992 270 77 perpetuum
773 992 187 77 habet
897 992 311 77 sacerdotium
1146 992 207 77 (eepem
1292 992 187 77 Saey)
1416 992 311 77 immigrabile
1644 992 104 77 in-

91 1060 191 75 quam,
218 1060 170 75 quod
324 1060 127 75 ad
388 1060 191 75 alium
515 1060 319 75 successione
770 1060 149 75 uel
855 1060 382 75 communicatione
1174 1060 255 75 transire
1365 1060 149 75 non
1450 1060 234 75 potest,
1598 1060 149 75 solus

79 1106 202 73 utique
220 1106 182 73 manet
342 1106 243 73 Christus
524 1106 303 73 intercessor
766 1106 263 73 fidelium.
968 1106 263 73 Praeterea
1171 1106 142 73 non
1252 1106 142 73 est
1332 1106 162 73 ulla
1433 1106 202 73 causa,
1575 1106 121 73 ob
1636 1106 162 73 quam

83 1164 185 65 alios
207 1164 164 65 post
309 1164 267 65 Christum,
515 1164 144 65 uel
597 1164 144 65 cum
679 1164 226 65 Christo
843 1164 349 65 intercessores
1131 1164 185 65 nobis
1254 1164 308 65 asciscamus.
1501 1164 246 65 Christus
1665 1164 82 65 e-

82 1213 143 83 nim
163 1213 122 83 ad
224 1213 204 83 plenum
367 1213 143 83 nos
448 1213 204 83 saluos
591 1213 204 83 facere
733 1213 224 83 potest:
896 1213 183 83 nihil
1018 1213 183 83 alijs
1140 1213 163 83 quod
1242 1213 163 83 ipsi
1344 1213 183 83 agant
1466 1213 285 83 relinques.
1670 1213 81 83 Ob

85 1272 248 84 seruemus
272 1272 186 84 autem
396 1272 186 84 illud
520 1272 124 84 in
582 1272 228 84 primis,
748 1272 166 84 quod
851 1272 228 84 diserte
1017 1272 207 84 addit.
1162 1272 145 84 Qui
1244 1272 145 84 per
1327 1272 186 84 ipsum
1451 1272 207 84 adeunt
1596 1272 186 84 deum,

85 1327 151 79 Per
172 1327 195 79 ipsum
302 1327 238 79 inquam,
475 1327 324 79 mediatorem,
734 1327 324 79 sacerdotem,
993 1327 108 79 &
1037 1327 368 79 intercessorem
1339 1327 281 79 Christum,
1555 1327 151 79 Per
1620 1327 130 79 hunc

86 1391 167 67 enim
190 1391 188 67 solum
315 1391 188 67 patet
440 1391 250 67 accessus
628 1391 125 67 ad
690 1391 229 67 patrem.
857 1391 208 67 Quibus
1003 1391 229 67 accedit
1170 1391 167 67 quod
1274 1391 146 67 hic
1357 1391 208 67 uiuit,
1503 1391 104 67 &
1545 1391 125 67 in
1607 1391 146 67 hoc
1670 1391 83 67 ui

84 1446 158 65 uit,
183 1446 119 65 ut
242 1446 297 65 interpellet
480 1446 138 65 pro
559 1446 198 65 nobis.
697 1446 198 65 Viuunt
836 1446 99 65 &
876 1446 158 65 diui
974 1446 237 65 coelites
1153 1446 119 65 in
1212 1446 178 65 regno
1331 1446 138 65 dei
1410 1446 138 65 cum
1489 1446 237 65 Christo:
1647 1446 99 65 sed

90 1493 158 88 sibi
189 1493 138 88 non
268 1493 178 88 nobis
387 1493 217 88 uiuunt.
545 1493 237 88 Christus
723 1493 178 88 nobis
841 1493 198 88 uiuit,
979 1493 119 88 ut
1039 1493 277 88 intercedat
1256 1493 138 88 pro
1335 1493 198 88 nobis:
1473 1493 178 88 solus
1592 1493 158 88 ergo
1671 1493 79 88 in

85 1557 264 79 tercedit,
287 1557 142 79 non
369 1557 162 79 diui
470 1557 324 79 intercedunt.
733 1557 365 79 Manifestissime
1037 1557 162 79 haec
1139 1557 264 79 euincunt,
1342 1557 223 79 opinor,
1504 1557 162 79 quod
1605 1557 122 79 de
1646 1557 101 79 in-

91 1616 336 74 tercessionis
364 1616 294 74 mediatione
595 1616 147 74 non
679 1616 336 74 redemptionis
953 1616 252 74 loquitur
1142 1616 294 74 apostolus.
1373 1616 252 74 Postremo
1562 1616 189 74 tales
1667 1616 84 74 re

96 1667 197 66 quirit
234 1667 118 66 in
293 1667 315 66 intercessore
549 1667 197 66 notas,
687 1667 197 66 quales
824 1667 138 66 non
903 1667 256 66 reperias,
1100 1667 157 66 nisi
1198 1667 118 66 in
1257 1667 138 66 uno
1336 1667 98 66 &
1375 1667 157 66 solo
1474 1667 216 66 Christo
1611 1667 138 66 domi-

89 1726 141 64 no.
169 1726 181 64 Licet
290 1726 161 64 enim
391 1726 201 64 angeli
532 1726 282 64 innocentes
753 1726 181 64 sint,
874 1726 181 64 tamen
995 1726 141 64 non
1075 1726 161 64 sunt
1176 1726 302 64 sublimiores
1418 1726 221 64 coelis.
1579 1726 161 64 Diui
1659 1726 101 64 coe

88 1771 180 79 lites
208 1771 220 79 tametsi
368 1771 140 79 iam
449 1771 220 79 purgati
609 1771 160 79 sint
709 1771 100 79 a
749 1771 260 79 peccatis,
950 1771 200 79 natura
1090 1771 180 79 tamen
1210 1771 100 79 a
1250 1771 321 79 peccatoribus
1511 1771 140 79 non
1591 1771 160 79 sunt
1671 1771 80 79 se

83 1839 224 76 gregati
245 1839 142 76 nec
327 1839 203 76 coelis
469 1839 305 76 sublimiores
713 1839 203 76 facti,
856 1839 203 76 domini
998 1839 264 76 uidelicet
1202 1839 264 76 angelorum
1405 1839 102 76 &
1446 1839 264 76 uniuersae
1629 1839 122 76 crea

89 1898 191 59 turae.
223 1898 172 59 Solus
338 1898 191 59 filius
471 1898 172 59 talis
586 1898 153 59 est,
682 1898 96 59 &
720 1898 153 59 huic
816 1898 153 59 haec
911 1898 268 59 reseruatur
1122 1898 191 59 gloria
1256 1898 96 59 :
1294 1898 172 59 solus
1409 1898 153 59 ergo
1504 1898 153 59 apud
1600 1898 191 59 patrem

76 1935 142 72 est
157 1935 305 72 intercessor
380 1935 224 72 fidelium.

161 1993 183 72 lstis
283 1993 244 72 Paulinis
466 1993 305 72 testimonijs
709 1993 305 72 adiinciemus
953 1993 183 72 adhuc
1075 1993 163 72 unum
1177 1993 122 72 S.
1238 1993 203 72 Petri,
1380 1993 102 72 &
1421 1993 224 72 alterum
1563 1993 183 72 beatis-

93 2049 155 74 simi
189 2049 232 74 apostoli
364 2049 97 74 &
402 2049 310 74 euangelistae
654 2049 252 74 Ioannis.,
848 2049 213 74 Sanctus
1003 2049 194 74 Petrus
1138 2049 174 74 docet
1255 2049 232 74 sanctos,
1429 2049 116 74 id
1487 2049 155 74 est,
1584 2049 136 74 nos
1642 2049 116 74 fide

90 2107 154 80 les,
186 2107 115 80 in
243 2107 134 80 hoc
320 2107 230 80 saeculo,
493 2107 211 80 Christo
646 2107 154 80 uiuo
742 2107 211 80 lapidi,
896 2107 173 80 uiuos
1011 2107 211 80 lapides
1164 2107 154 80 esse
1260 2107 249 80 impositos
1452 2107 134 80 per
1529 2107 192 80 fidem,
1644 2107 96 80 fa-

86 2166 241 68 ctosque
261 2166 197 68 domum
392 2166 350 68 spiritualem,
677 2166 109 68 &
721 2166 328 68 sacerdotium
983 2166 263 68 sanctum,
1180 2166 131 68 ad
1246 2166 306 68 offerendum
1465 2166 284 68 spirituales

84 2219 224 75 hostias
246 2219 325 75 acceptabiles
510 2219 142 75 deo
592 2219 142 75 per
673 2219 183 75 Iesum
795 2219 264 75 Christum.
998 2219 122 75 En
1059 2219 183 75 sumus
1181 2219 224 75 imposit
1344 2219 142 75 non
1425 2219 203 75 diuis,
1567 2219 142 75 sed
1628 2219 122 75 Chri

83 2275 141 80 sto
164 2275 202 80 lapidi
305 2275 182 80 uiuo:
426 2275 121 80 ex
487 2275 141 80 quo
567 2275 101 80 &
608 2275 323 80 uiuificamur,
870 2275 101 80 &
910 2275 121 80 in
971 2275 262 80 aedificio
1173 2275 323 80 conseruamur.
1435 2275 283 80 Constituti
1637 2275 101 80 su-

83 2336 145 72 mus
166 2336 187 72 domus
291 2336 311 72 spiritualis
539 2336 104 72 &
581 2336 311 72 sacerdotium
830 2336 249 72 sanctum,
1016 2336 124 72 in
1079 2336 145 72 hoc
1161 2336 124 72 ut
1224 2336 311 72 spirituales
1472 2336 145 72 non
1535 2336 207 72 pecuinas

87 2400 280 63 offeramus
303 2400 258 63 hostias,
496 2400 237 63 nimirum
669 2400 323 63 nosmetipsos
927 2400 108 63 &
970 2400 215 63 preces
1121 2400 237 63 nostras
1293 2400 172 63 deo,
1401 2400 151 63 per
1487 2400 194 63 Iesum
1594 2400 151 63 Chri-

89 2440 188 83 stum,
214 2440 146 83 non
298 2440 146 83 per
381 2440 208 83 diuos.
527 2440 167 83 Sunt
631 2440 167 83 enim
735 2440 104 83 &
777 2440 125 83 hi
840 2440 250 83 nobiscum
1027 2440 188 83 domus
1152 2440 334 83 spiritualis,
1423 2440 167 83 uiui
1528 2440 250 83 lapides,

92 2496 228 84 Christo
258 2496 249 84 imposit,
445 2496 104 84 &
486 2496 228 84 propter
652 2496 249 84 Christum
839 2496 270 84 uiuentes.
1046 2496 187 84 Porro
1170 2496 207 84 beatus
1316 2496 228 84 Ioannes
1481 2496 249 84 scribit:
1647 2496 104 84 Fi-

84 2557 179 81 lioli
204 2557 159 81 mei,
303 2557 159 81 baec
403 2557 199 81 scribo
542 2557 179 81 uobis
662 2557 120 81 ne
722 2557 259 81 peccetis:
921 2557 120 81 si
981 2557 159 81 quis
1080 2557 179 81 autem
1200 2557 299 81 peccauerit,
1439 2557 259 81 aduocatum
1618 2557 120 81 habe

84 2620 136 71 mus
161 2620 155 71 apud
258 2620 194 71 patrem
394 2620 175 71 Iesum
511 2620 233 71 Christum
686 2620 214 71 iustum.
841 2620 117 71 Et
899 2620 155 71 ipse
996 2620 136 71 est
1074 2620 291 71 propitiatio
1307 2620 136 71 pro
1385 2620 233 71 peccatis
1540 2620 194 71 nostris.

74 2674 145 67 non
157 2674 145 67 pro
240 2674 228 67 nostris
406 2674 186 67 autem
530 2674 228 67 tantum,
695 2674 145 67 sed
778 2674 186 67 etiam
902 2674 145 67 pro
985 2674 207 67 totius
1130 2674 207 67 mundi.
1275 2674 145 67 Non
1358 2674 248 67 arbitror
1544 2674 248 67 quicquam

85 2721 210 85 nostro
232 2721 273 85 proposito
442 2721 357 85 congruentius,
736 2721 294 85 euidentius
967 2721 105 85 &
1009 2721 231 85 firmius
1177 2721 252 85 meliusue
1366 2721 147 85 uel
1450 2721 252 85 confingi
1618 2721 126 85 pos-

80 2776 159 77 se.
171 2776 250 77 Audimus
353 2776 273 77 Christum
558 2776 205 77 Iesum
695 2776 341 77 constitutum
968 2776 205 77 nobis
1105 2776 114 77 a
1150 2776 182 77 deo,
1264 2776 159 77 non
1355 2776 228 77 tantum
1492 2776 250 77 redemptio

80 2844 143 73 nis
161 2844 307 73 mediatorem,
407 2844 143 73 qui
489 2844 184 73 semel
611 2844 245 73 redimat,
795 2844 143 73 sed
877 2844 143 73 qui
959 2844 143 73 sit
1041 2844 307 73 sempiternus
1286 2844 245 73 mediator
1470 2844 184 73 etiam
1572 2844 164 73 inter-

82 2899 296 73 cessionis,
314 2899 148 73 qui
399 2899 211 73 toties
547 2899 190 73 astet
674 2899 169 73 apud
779 2899 169 73 deum
885 2899 211 73 patrem
1033 2899 296 73 aduocatus,
1265 2899 232 73 quoties
1434 2899 169 73 homo
1519 2899 211 73 peccator
