2288 3632
488 265 109 89 &
532 265 284 89 adulterio
751 265 241 89 infames
926 265 197 89 sunt,
1057 265 284 89 quicunque
1276 265 153 89 non
1363 265 153 89 uni
1451 265 153 89 deo
1539 265 153 89 per
1626 265 197 89 fidem
1757 265 263 89 connexi,
1954 265 197 89 solum
2064 265 131 89 ado-

493 338 181 68 rant,
613 338 241 68 inuocant
794 338 141 68 per
875 338 261 68 Christum,
1075 338 100 68 &
1116 338 201 68 colunt
1256 338 181 68 prout
1377 338 161 68 ipse
1477 338 121 68 in
1537 338 181 68 uerbo
1658 338 141 68 suo
1738 338 161 68 coli
1838 338 221 68 uoluit.
1999 338 161 68 llli
2080 338 121 68 ipsi

500 390 320 77 nuncupantur
756 390 192 77 etiam
863 390 342 77 superstitiosi.

584 451 299 64 Superstitio
823 451 159 64 enim
923 451 179 64 falsa
1043 451 140 64 est
1122 451 239 64 religio,
1302 451 159 64 quae
1401 451 159 64 deum
1501 451 140 64 non
1581 451 199 64 colit,
1720 451 140 64 sed
1800 451 179 64 aliud
1920 451 140 64 pro
2000 451 159 64 deo,
2079 451 100 64 uel

491 502 147 80 non
575 502 210 80 solum,
722 502 147 80 uel
806 502 147 80 non
890 502 168 80 rite
995 502 147 80 aut
1079 502 252 80 legitime
1268 502 210 80 colit.
1414 502 252 80 Extendit
1603 502 126 80 se
1666 502 378 80 superstitionis
1960 502 231 80 uocabulum

495 564 129 67 ad
559 564 215 67 aniles
709 564 193 67 usque
838 564 236 67 fabulas
1010 564 107 67 &
1053 564 236 67 deliros
1225 564 258 67 errores.
1418 564 279 67 Germanice
1633 564 172 67 enim
1740 564 301 67 nuncupamus
1955 564 236 67 supersti-

493 625 240 56 tionem
661 625 743 56 abergloubenimisigloubenyono
1332 625 287 56 misbtuo.
1547 625 359 56 Exactissime
1835 625 192 56 uero
1954 625 144 56 de
2002 625 192 56 uocabu

493 676 115 64 lo
550 676 134 64 hoc
627 676 249 64 disputans
818 676 268 64 Lactantius
1028 676 153 64 lib.
1124 676 210 64 Instit.
1277 676 115 64 4.
1334 676 153 64 cap.
1430 676 134 64 28.
1507 676 134 64 sic
1583 676 210 64 scribit
1736 676 96 64 :
1774 676 210 64 Religio
1927 676 153 64 ueri
2023 676 134 64 dei
2080 676 115 64 cul-

498 734 135 63 tus
575 734 154 63 est:
671 734 288 63 superstitio
901 734 192 63 falsi.
1036 734 327 63 Superstitiosi
1305 734 250 63 uocantur,
1497 734 135 63 non
1574 734 135 63 qui
1651 734 192 63 filios
1785 734 154 63 suos
1882 734 288 63 superstites
2093 734 96 63 op-

490 778 173 68 tant
598 778 108 68 :
642 778 194 68 omnes
771 778 173 68 enim
879 778 259 68 optamus:
1074 778 151 68 sed
1160 778 151 68 aut
1246 778 130 68 ij
1311 778 151 68 qui
1398 778 324 68 superstitem
1657 778 259 68 memoriam
1851 778 324 68 defunctorum
2089 778 108 68 co-

493 846 191 61 lunt:
620 846 149 61 aut
705 846 149 61 qui
790 846 297 61 parentibus
1024 846 170 61 suis
1130 846 382 61 superstitibus,
1449 846 255 61 colebant
1640 846 255 61 imagines
1831 846 191 61 eorum
1958 846 191 61 domi,
2065 846 127 61 tan-

494 909 181 60 quam
607 909 181 60 deos
720 909 271 60 penates.
924 909 158 60 Nam
1014 909 158 60 qui
1104 909 203 60 nouos
1240 909 181 60 sibi
1353 909 203 60 ritus
1489 909 339 60 assumebant,
1760 909 136 60 ut
1827 909 136 60 in
1895 909 226 60 deorum
2031 909 158 60 uicem

494 963 240 63 mortuos
669 963 327 63 honorarent,
930 963 174 63 quos
1039 963 131 63 ex
1105 963 283 63 hominibus
1323 963 131 63 in
1388 963 218 63 coelum
1541 963 262 63 receptos
1737 963 283 63 putabant,
1955 963 153 63 hos
2021 963 174 63 super-

497 1011 269 65 stitiosos
704 1011 269 65 uocabant:
911 1011 145 65 eos
993 1011 165 65 uero
1097 1011 145 65 qui
1179 1011 248 65 publicos
1365 1011 103 65 &
1407 1011 248 65 antiquos
1593 1011 165 65 deos
1696 1011 269 65 colerent,
1903 1011 289 65 religiosos
2109 1011 83 65 no

502 1078 286 56 minabant.
722 1078 176 56 Vnde
832 1078 308 56 Vergilius:
1075 1078 176 56 Vana
1185 1078 330 56 superstitio
1449 1078 308 56 ueterumque
1691 1078 220 56 ignara
1846 1078 242 56 deorum.
2022 1078 154 56 Sed
2088 1078 110 56 cum

504 1127 233 65 ueteres
673 1127 211 65 quoque
821 1127 169 65 deos
927 1127 317 65 inueniamus,
1180 1127 190 65 eodem
1307 1127 169 65 modo
1413 1127 317 65 consecratos
1667 1127 169 65 esse
1772 1127 169 65 post
1878 1127 233 65 obitum,
2026 1127 169 65 super-

510 1180 244 64 stitiosi
693 1180 163 64 ergo
795 1180 143 64 qui
876 1180 204 64 multos
1019 1180 102 64 &
1060 1180 204 64 falsos
1202 1180 163 64 deos
1304 1180 224 64 colunt:
1467 1180 143 64 nos
1548 1180 183 64 autem
1670 1180 285 64 religiosi,
1895 1180 143 64 qui
1976 1180 143 64 uni
2057 1180 102 64 &
2078 1180 122 64 uero

499 1235 160 87 deo
591 1235 366 87 supplicamus,
865 1235 114 87 &c.

607 1287 252 68 Versatur
796 1287 315 68 superstitio
1049 1287 126 68 in
1112 1287 147 68 his
1196 1287 210 68 maxime
1343 1287 294 68 capitibus,
1574 1287 147 68 Vel
1658 1287 147 68 cum
1742 1287 147 68 non
1827 1287 231 68 colitur
1974 1287 210 68 dominus,

510 1324 144 98 sed
593 1324 164 98 alij
695 1324 144 98 dij
777 1324 144 98 pro
859 1324 185 98 ipso,
982 1324 226 98 relicto
1147 1324 144 98 uno
1229 1324 164 98 uero
1331 1324 103 98 &
1372 1324 164 98 uiuo
1475 1324 144 98 deo
1557 1324 103 98 :
1598 1324 144 98 uel
1680 1324 144 98 cum
1762 1324 226 98 colitur
1926 1324 205 98 quidem
2049 1324 144 98 domi-

516 1402 160 67 nus,
616 1402 140 67 sed
696 1402 140 67 non
775 1402 199 67 solus,
915 1402 179 67 uerum
1034 1402 160 67 alij
1134 1402 179 67 simul
1254 1402 140 67 cum
1334 1402 179 67 ipso:
1453 1402 140 67 uel
1533 1402 140 67 cum
1613 1402 160 67 ipse
1712 1402 199 67 quidem
1852 1402 239 67 colitur,
2031 1402 140 67 sed
2091 1402 100 67 non

511 1453 245 82 legitimo
694 1453 204 82 cultu.
837 1453 184 82 Primo
959 1453 367 82 superstitionis
1265 1453 204 82 genere
1408 1453 306 82 peccauerunt
1653 1453 163 82 fere
1755 1453 224 82 gentes,
1918 1453 163 82 quae
2020 1453 163 82 deum
2102 1453 102 82 ue-

510 1525 148 66 rum
595 1525 360 66 ignorauerunt,
891 1525 233 66 adeoque
1061 1525 106 66 &
1103 1525 148 66 pro
1188 1525 148 66 deo
1273 1525 170 66 uero
1379 1525 212 66 falsos
1528 1525 106 66 &
1570 1525 276 66 confictos
1782 1525 170 66 siue
1888 1525 233 66 alienos
2036 1525 170 66 colue-

509 1570 164 68 runt
612 1570 185 68 deos.
735 1570 185 68 Eadem
859 1570 226 68 insania
1023 1570 267 68 laborasse
1228 1570 103 68 &
1270 1570 288 68 lsraelitas
1496 1570 144 68 dei
1578 1570 226 68 populum
1742 1570 205 68 testis
1886 1570 144 68 est
1947 1570 247 68 sanctissi-

509 1637 156 52 mus
598 1637 268 52 propheta
799 1637 290 52 leremias,
1021 1637 334 52 expostulans
1289 1637 156 52 cum
1378 1637 223 52 populo
1534 1637 134 52 ac
1601 1637 245 52 dicens:
1779 1637 223 52 Audite
1935 1637 223 52 uerbum
2092 1637 156 52 do

511 1690 165 59 mini
614 1690 186 59 omnes
738 1690 206 59 tribus
882 1690 103 59 &
924 1690 247 59 familiae
1109 1690 268 59 lsraelis,
1315 1690 144 59 sic
1398 1690 186 59 dicit
1522 1690 247 59 dominus:
1707 1690 227 59 Quidnam
1872 1690 309 59 iniquitatis
2099 1690 103 59 de-

510 1746 330 64 prehenderunt
779 1746 206 64 patres
923 1746 206 64 uestri
1068 1746 124 64 in
1130 1746 144 64 me,
1212 1746 124 64 ut
1274 1746 144 64 tam
1357 1746 186 64 longe
1481 1746 103 64 a
1522 1746 124 64 me
1584 1746 310 64 recederent,
1831 1746 103 64 &
1873 1746 310 64 sectarentur
2100 1746 103 64 ua-

516 1797 244 67 nitatem,
699 1797 284 67 fierentque
922 1797 183 67 uani:
1044 1797 183 67 neque
1166 1797 264 67 dixerunt:
1369 1797 142 67 Vbi
1450 1797 244 67 dominus,
1633 1797 142 67 qui
1714 1797 203 67 eduxit
1857 1797 142 67 nos
1938 1797 122 67 de
1999 1797 183 67 terra
2100 1797 102 67 Ae-

508 1850 206 77 gypti,
653 1850 144 77 qui
735 1850 247 77 traduxit
921 1850 144 77 nos
1003 1850 144 77 per
1086 1850 268 77 desertum,
1292 1850 144 77 per
1374 1850 206 77 terram
1519 1850 206 77 uastam
1663 1850 103 77 &
1704 1850 227 77 inuiam,
1869 1850 144 77 per
1952 1850 206 77 terram
2075 1850 124 77 siti

508 1917 244 61 culosam
685 1917 111 61 &
730 1917 222 61 umbram
885 1917 244 61 mortis,
1062 1917 155 61 per
1151 1917 222 61 terram
1307 1917 155 61 per
1395 1917 177 61 quam
1506 1917 177 61 nemo
1617 1917 311 61 transibat,
1861 1917 133 61 in
1928 1917 155 61 qua
2017 1917 155 61 nec
2083 1917 111 61 ho-

514 1967 193 64 mines
642 1967 321 64 habitabant?
899 1967 128 64 Et
963 1967 214 64 induxi
1113 1967 150 64 uos
1198 1967 128 64 in
1263 1967 214 64 terram
1412 1967 214 64 cultam
1562 1967 107 64 &
1605 1967 278 64 fertilem,
1819 1967 128 64 ut
1883 1967 321 64 comederetis
2118 1967 86 64 bo

516 2017 132 73 na
582 2017 110 73 &
626 2017 241 73 fructum
801 2017 198 73 eius.
933 2017 263 73 Ingressi
1131 2017 198 73 autem
1262 2017 373 73 contaminastis
1570 2017 219 73 terram
1723 2017 198 73 meam,
1855 2017 110 73 &
1899 2017 351 73 haereditatem

515 2070 180 80 meam
627 2070 337 80 reddidistis
896 2070 359 80 abominandam.
1188 2070 314 80 Sacerdotes
1435 2070 157 80 non
1525 2070 292 80 dixerunt:
1750 2070 157 80 Vbi
1840 2070 157 80 est
1929 2070 270 80 dominus:
2132 2070 112 80 &

517 2131 151 67 qui
603 2131 215 67 tenere
753 2131 258 67 debebant
947 2131 215 67 legem,
1097 2131 151 67 non
1183 2131 323 67 cognouerunt
1441 2131 151 67 me,
1527 2131 108 67 &
1570 2131 258 67 pastores
1764 2131 344 67 praeuaricati
2043 2131 172 67 sunt
2129 2131 86 67 in

514 2181 148 64 me,
598 2181 275 64 prophetae
810 2181 381 64 prophetauerunt
1127 2181 127 64 in
1191 2181 190 64 Baal,
1318 2181 106 64 &
1360 2181 190 64 idola
1487 2181 233 64 sequuti
1656 2181 190 64 sunt.
1783 2181 275 64 Propterea
1994 2181 190 64 ultra
2100 2181 106 64 iu-

523 2248 187 67 dicio
648 2248 270 67 contendam
856 2248 270 67 uobiscum,
1063 2248 145 67 ait
1146 2248 249 67 dominus,
1333 2248 104 67 &
1375 2248 291 67 disceptabo
1604 2248 145 67 cum
1687 2248 208 67 filijs
1832 2248 249 67 uestris.
1998 2248 208 67 Transite

510 2299 166 67 enim
614 2299 125 67 ad
677 2299 229 67 insulas
843 2299 229 67 Chittim
1009 2299 104 67 &
1051 2299 229 67 uidete,
1217 2299 104 67 &
1259 2299 125 67 in
1321 2299 187 67 Kedar
1446 2299 250 67 mittite,
1633 2299 104 67 &
1675 2299 312 67 considerate
1925 2299 312 67 diligenter,

523 2355 122 68 ac
584 2355 263 68 inspicite
786 2355 142 68 num
867 2355 203 68 simile
1009 2355 162 68 quid
1110 2355 203 68 factum
1252 2355 162 68 sit,
1353 2355 142 68 num
1434 2355 162 68 ulla
1536 2355 162 68 gens
1637 2355 223 68 mutarit
1799 2355 162 68 deos
1900 2355 142 68 qui
1981 2355 182 68 tamen
2082 2355 122 68 dijn

517 2405 157 82 non
606 2405 179 82 sunt
718 2405 112 82 :
763 2405 246 82 populus
942 2405 202 82 autem
1077 2405 179 82 meus
1189 2405 246 82 mutauit
1368 2405 246 82 gloriam
1547 2405 179 82 suam
1659 2405 134 82 in
1726 2405 246 82 idolum.
1883 2405 314 82 Obstupescite

517 2464 194 73 coeli
647 2464 194 73 super
777 2464 173 73 hoc,
885 2464 346 73 exhorrescite
1166 2464 324 73 uehementer,
1425 2464 151 73 ait
1511 2464 259 73 dominus.
1706 2464 238 73 Quoniam
1879 2464 151 73 duo
1965 2464 173 73 mala
2052 2464 151 73 fecit

520 2525 229 66 populus
686 2525 187 66 meus:
811 2525 125 66 me
873 2525 353 66 dereliquerunt
1164 2525 208 66 fontem
1310 2525 187 66 aquae
1434 2525 208 66 uiuae,
1580 2525 104 66 &
1621 2525 249 66 foderunt
1808 2525 166 66 sibi
1912 2525 291 66 cisternas,
2120 2525 83 66 ci

523 2578 252 64 sternas,
712 2578 231 64 inquam,
880 2578 273 64 pertusas,
1090 2578 168 64 quae
1195 2578 273 64 continere
1404 2578 147 64 non
1488 2578 210 64 ualent
1635 2578 210 64 aquas.
1782 2578 189 64 Audis
1908 2578 231 64 populum
2055 2578 147 64 lsrae

524 2627 142 81 lis
605 2627 305 81 inexpiabili
849 2627 223 81 scelere
1011 2627 284 81 deseruisse
1235 2627 163 81 deum
1336 2627 183 81 uenam
1458 2627 203 81 uiuam,
1600 2627 122 81 ac
1661 2627 203 81 puteos
1804 2627 163 81 sibi
1905 2627 264 81 effodisse
2088 2627 122 81 per-

518 2687 218 67 tusos.
671 2687 196 67 Aquae
801 2687 327 67 significant
1063 2687 196 67 bonum
1194 2687 305 67 absolutum,
1433 2687 153 67 quo
1521 2687 305 67 desiderium
1760 2687 109 67 &
1804 2687 218 67 animae
1956 2687 109 67 &
1978 2687 218 67 corporis

526 2742 232 60 satiari
695 2742 232 60 potest.
864 2742 274 60 Scaturigo
1075 2742 190 60 talis
1201 2742 190 60 solus
1328 2742 169 60 deus
1433 2742 148 60 est
1518 2742 253 60 supremum
1708 2742 106 60 &
1750 2742 422 60 consummatissimum
2087 2742 106 60 bo-

514 2808 173 63 num.
622 2808 151 63 Hoc
709 2808 238 63 deserto
882 2808 281 63 foderunt,
1098 2808 130 63 id
1163 2808 173 63 est,
1271 2808 238 63 maximis
1444 2808 281 63 laboribus
1660 2808 108 63 &
1703 2808 259 63 impensis
1897 2808 259 63 pararunt
2070 2808 130 63 sibi

515 2862 259 69 Ilacunas,
714 2862 219 69 nimirum
873 2862 318 69 conuerterunt
1132 2862 119 69 se
1191 2862 119 69 ad
1251 2862 279 69 creaturas,
1470 2862 119 69 ad
1530 2862 139 69 eos
1609 2862 139 69 qui
1689 2862 139 69 non
1768 2862 159 69 sunt
1868 2862 159 69 dij,
1967 2862 179 69 neque
2067 2862 139 69 desi-

515 2923 197 69 deria
646 2923 197 69 eorum
778 2923 284 69 exaturare
996 2923 306 69 potuerunt.
1237 2923 153 69 Hoc
1324 2923 219 69 malum,
1477 2923 109 69 &
1521 2923 197 69 hodie
1652 2923 241 69 uulgare
1827 2923 175 69 est,
1937 2923 153 69 dum
2002 2923 197 69 relicto
