2288 3632
69 251 146 98 deo
153 251 188 98 multi
278 251 334 98 conuertuntur
549 251 125 98 ad
612 251 188 98 diuos
737 251 271 98 coelites,
946 251 104 98 a
988 251 209 98 quibus
1134 251 292 98 postulant,
1363 251 167 98 quod
1468 251 251 98 petendum
1635 251 125 98 erat

66 327 97 77 a
104 327 155 77 deo,
201 327 175 77 neque
318 327 155 77 dari
415 327 213 77 possunt
570 327 155 77 nisi
667 327 97 77 a
706 327 155 77 solo
803 327 155 77 deo.
900 327 136 77 Hic
977 327 175 77 locum
1094 327 175 77 habet
1210 327 310 77 idololatria,
1462 327 116 77 id
1520 327 155 77 est,
1598 327 155 77 cultus

77 375 347 85 simulachrorum
362 375 102 85 :
403 375 347 85 superstitiosi
689 375 163 85 enim
791 375 163 85 sunt
893 375 143 85 non
975 375 204 85 tantum
1117 375 143 85 qui
1199 375 224 85 fingunt
1362 375 163 85 sibi
1464 375 163 85 deos
1566 375 224 85 falsos,

76 438 219 78 relicto
236 438 140 78 deo
315 438 180 78 uero,
435 438 140 78 aut
515 438 239 78 fiduciam
695 438 200 78 figunt
834 438 120 78 in
894 438 140 78 res
974 438 219 78 nihili,
1133 438 140 78 sed
1213 438 180 78 etiam
1333 438 140 78 qui
1413 438 279 78 uenerantur
1612 438 140 78 simu-

70 490 212 74 sachra
218 490 149 74 uel
303 490 149 74 dei
388 490 149 74 uel
473 490 234 74 deorum.
643 490 149 74 Nam
728 490 255 74 imagines
920 490 149 74 uel
1004 490 297 74 simulachra
1238 490 297 74 statuuntur
1472 490 149 74 uel
1557 490 170 74 ipsi
1642 490 106 74 deo

79 542 175 91 uero,
195 542 136 91 uel
273 542 155 91 dijs
370 542 214 91 falsis,
526 542 194 91 ipsis,
662 542 214 91 inquam,
817 542 272 91 creaturis.
1031 542 136 91 Non
1109 542 175 91 licet
1225 542 175 91 autem
1342 542 155 91 ulla
1439 542 214 91 imagine
1575 542 175 91 reprae-

70 599 239 92 sentare
244 599 174 92 deum
352 599 282 92 immensum,
569 599 260 92 aeternum
765 599 108 92 &
808 599 260 92 uiuentem
1003 599 130 92 in
1068 599 239 92 saecula
1242 599 108 92 :
1285 599 152 92 nec
1372 599 195 92 licet
1502 599 239 92 imagine
1654 599 87 92 ex

80 663 224 73 pressum
242 663 142 73 uel
324 663 224 73 adorare
487 663 142 73 uel
568 663 224 73 colere:
731 663 163 73 ergo
832 663 183 73 multo
955 663 183 73 minus
1077 663 183 73 licet
1199 663 264 73 creaturis
1402 663 224 73 statuas
1565 663 142 73 uel
1626 663 122 73 simu

75 717 207 76 lachra
220 717 289 76 consecrare
447 717 124 76 ad
509 717 227 76 cultum.
675 717 227 76 Plurima
840 717 207 76 extant
985 717 289 76 scripturae
1212 717 289 76 testimonia
1440 717 207 76 contra
1564 717 186 76 idolola

74 774 180 72 triam,
200 774 108 72 ut
254 774 162 72 Exodi
362 774 126 72 20.
434 774 180 72 lsaiae
561 774 126 72 40.
633 774 126 72 44.
705 774 162 72 Psal.
813 774 144 72 113.
903 774 108 72 5.
957 774 216 72 Corinth.
1119 774 108 72 5.
1173 774 126 72 50.
1245 774 144 72 Rom.
1336 774 108 72 I.
1390 774 180 72 Galat.
1516 774 108 72 5.
1570 774 108 72 5.
1606 774 144 72 Thesse

80 830 157 78 1.I.
178 830 176 78 Petri
296 830 157 78 4.5.
394 830 176 78 Ioan.
511 830 117 78 5.
570 830 235 78 Ieremiae
746 830 137 78 10.
824 830 157 78 cap.
922 830 176 78 Porro
1039 830 274 78 diligenter
1255 830 137 78 hic
1333 830 215 78 admoneo
1470 830 274 78 simpliciores

71 892 126 78 ne
134 892 168 78 sibi
239 892 273 78 patiantur
449 892 231 78 imponi.
617 892 147 78 Nam
701 892 315 78 idololatrae
954 892 189 78 nomen
1080 892 336 78 subterfugere
1353 892 147 78 non
1437 892 210 78 potest
1584 892 147 78 qui
1647 892 105 78 si-

71 943 242 87 mulachra
253 943 283 87 ueneratur,
475 943 222 87 metuit,
636 943 182 87 illis
757 943 242 87 nonnihil
939 943 263 87 confidit,
1141 943 162 87 ante
1242 943 162 87 ipsa
1343 943 283 87 procumbit,
1565 943 162 87 dona
1646 943 101 87 eis

66 989 207 85 offert,
217 989 113 85 in
273 989 151 85 loco
367 989 207 85 celebri
518 989 94 85 &
555 989 226 85 honorato
725 989 226 85 retinet,
894 989 207 85 caereos
1045 989 94 85 &
1082 989 207 85 incensa
1233 989 132 85 eis
1308 989 226 85 affigit,
1478 989 169 85 amat,
1590 989 188 85 ornat,

79 1059 221 87 tuetur,
240 1059 242 87 excolit,
421 1059 101 87 &
461 1059 201 87 sacris
602 1059 362 87 qualibuscunque
904 1059 201 87 colit.
1045 1059 181 87 Verum
1166 1059 121 87 de
1227 1059 302 87 idololatria
1468 1059 221 87 diximus
1609 1059 141 87 alias

49 1100 313 78 copiosissime

148 1159 199 83 Porro
280 1159 287 83 coluerunt
501 1159 221 83 quidem
656 1159 177 83 deum
766 1159 287 83 lsraelis,
987 1159 155 83 sed
1075 1159 155 83 non
1164 1159 221 83 solum,
1318 1159 199 83 uerum
1451 1159 199 83 alios
1583 1159 221 83 quoque

76 1213 170 91 deos
182 1213 149 91 cum
267 1213 170 91 uero
374 1213 149 91 deo
459 1213 170 91 illi
566 1213 128 91 de
630 1213 213 91 quibus
779 1213 128 91 in
843 1213 256 91 historia
1035 1213 192 91 Regum
1162 1213 256 91 legimus,
1354 1213 128 91 Et
1418 1213 320 91 nihilominus
1652 1213 107 91 co-

76 1271 214 75 lebant
225 1271 257 75 dominum:
418 1271 257 75 fecerunt
611 1271 193 75 autem
739 1271 171 75 sibi
847 1271 128 75 de
911 1271 300 75 nouissimis
1146 1271 300 75 sacerdotes
1382 1271 321 75 excelsorum,
1639 1271 107 75 &
1660 1271 86 75 po

65 1333 211 72 nebant
212 1333 147 72 eos
297 1333 126 72 in
360 1333 211 72 phanis
507 1333 295 72 sublimibus
739 1333 105 72 :
781 1333 105 72 &
823 1333 147 72 cum
908 1333 232 72 dominum
1076 1333 274 72 colerent,
1287 1333 169 72 dijs
1392 1333 211 72 quoque
1539 1333 169 72 suis
1624 1333 105 72 ser

74 1395 231 72 uiebant
242 1395 189 72 iuxta
368 1395 189 72 ritum
495 1395 252 72 gentium,
684 1395 126 72 de
747 1395 210 72 quibus
894 1395 274 72 translati
1105 1395 231 72 fuerant
1273 1395 274 72 Samariam.
1484 1395 126 72 Et
1547 1395 231 72 iterum,

67 1442 207 75 Gentes
212 1442 207 75 itaque
357 1442 186 75 illae
481 1442 269 75 timuerunt
688 1442 248 75 dominum,
874 1442 103 75 &
915 1442 186 75 simul
1039 1442 289 75 seruierunt
1266 1442 331 75 sculptilibus
1535 1442 186 75 suis:
1639 1442 103 75 nec

70 1508 209 63 aliter
217 1508 251 63 fecerunt
405 1508 188 63 filij
530 1508 105 63 &
572 1508 230 63 nepotes
740 1508 209 63 eorum,
886 1508 167 63 quam
991 1508 209 63 patres
1137 1508 251 63 ipsorum,
1326 1508 188 63 usque
1451 1508 126 63 in
1493 1508 251 63 praesentem

69 1553 194 81 diem.
199 1553 151 81 Hoc
285 1553 194 81 autem
414 1553 194 81 malum
544 1553 194 81 hodie
673 1553 237 81 uulgare
846 1553 151 81 est
932 1553 259 81 prorsus.
1126 1553 259 81 Inuenias
1320 1553 173 81 enim
1428 1553 259 81 cultores
1601 1553 129 81 dei-

76 1603 216 81 quibus
228 1603 216 81 minime
379 1603 303 81 persuadeas
617 1603 195 81 solum
747 1603 173 81 deum
855 1603 173 81 esse
963 1603 281 81 colendum,
1179 1603 151 81 imo
1265 1603 346 81 asseuerantes
1525 1603 216 81 haeresim

75 1673 175 69 esse
184 1673 349 69 execrabilem,
468 1673 218 69 negare
621 1673 153 69 cum
708 1673 153 69 deo
795 1673 196 69 diuos
926 1673 109 69 &
970 1673 305 69 inuocandos
1209 1673 109 69 &
1253 1673 284 69 colendos.
1471 1673 218 69 Contra
1602 1673 131 69 quos

78 1714 182 77 satis
199 1714 283 77 disputatum
422 1714 142 77 est
503 1714 182 77 alias
624 1714 101 77 &
665 1714 121 77 in
725 1714 142 77 hoc
806 1714 202 77 nostro
928 1714 202 77 Sermone.

145 1775 145 82 Hic
228 1775 207 82 quoque
373 1775 311 82 obseruandus
622 1775 187 82 uenit
746 1775 187 82 modus
871 1775 104 82 &
912 1775 187 82 ratio
1036 1775 187 82 uaria
1161 1775 352 82 superstitiose
1451 1775 228 82 colendi
1596 1775 145 82 deum,

69 1826 182 90 Neque
190 1826 162 90 enim
291 1826 162 90 ille
392 1826 242 90 duntaxat
574 1826 343 90 superstitiose
856 1826 182 90 colit
978 1826 182 90 deum,
1099 1826 141 90 qui
1180 1826 121 90 in
1240 1826 182 90 animo
1361 1826 202 90 fingit
1503 1826 202 90 primum
1624 1826 121 90 qui-

62 1893 151 69 dem
149 1893 194 69 deum,
278 1893 215 69 deinde
429 1893 215 69 eundem
580 1893 302 69 simulachro
817 1893 280 69 exprimit,
1032 1893 151 69 cui
1118 1893 151 69 mox
1204 1893 302 69 sacrificia
1441 1893 108 69 &
1484 1893 237 69 incensa
1635 1893 108 69 of-

66 1941 152 87 fert
161 1941 324 87 prostratusque
428 1941 172 87 coram
542 1941 152 87 illo
638 1941 210 87 adorat,
790 1941 95 87 &
828 1941 286 87 suppliciter
1057 1941 267 87 ueneratur:
1267 1941 133 87 sed
1343 1941 152 87 ille
1438 1941 114 87 in
1495 1941 210 87 primis,
1648 1941 133 87 qui

61 2000 422 69 incommunicabiles
420 2000 148 69 dei
504 2000 338 69 proprietates
779 2000 274 69 creaturis
990 2000 317 69 communicat,
1243 2000 190 69 licet
1370 2000 190 69 nullo
1497 2000 253 69 exprimat
1666 2000 84 69 si

66 2058 264 66 mulachro:
269 2058 142 66 uel
350 2058 142 66 qui
431 2058 203 66 munera
573 2058 264 66 diuinitus
776 2058 223 66 accepta
938 2058 284 66 arbitratur
1162 2058 101 66 a
1202 2058 183 66 diuis
1324 2058 284 66 coelitibus
1547 2058 162 66 esse
1628 2058 122 66 col-

64 2108 179 90 lata.
183 2108 179 90 Porro
302 2108 377 90 incomunicabiles
620 2108 139 90 dei
699 2108 317 90 proprietates
957 2108 179 90 sunt,
1076 2108 179 90 omnia
1195 2108 198 90 posse,
1334 2108 179 90 omnia
1453 2108 198 90 scire,
1591 2108 198 90 ubique

67 2176 294 56 praesentem
298 2176 189 56 esse,
424 2176 189 56 omnia
550 2176 231 56 audire,
718 2176 252 56 auxilium
907 2176 210 56 ferre,
1055 2176 273 56 benignum,
1265 2176 231 56 iustum,
1433 2176 105 56 &
1454 2176 294 56 misericordem

58 2230 185 62 esse.
182 2230 185 62 Certe
306 2230 206 62 lsaias
450 2230 309 62 prophetarum
697 2230 350 62 eruditissimus
985 2230 103 62 &
1026 2230 329 62 authoritatis
1294 2230 247 62 maximae,
1479 2230 185 62 hisce
1582 2230 165 62 ueluti

66 2275 319 80 firmissimis
321 2275 298 80 argumentis
555 2275 234 80 euincit
725 2275 170 80 deos
832 2275 341 80 Babyloniorum
1109 2275 106 80 &
1151 2275 234 80 Gentium
1321 2275 149 80 non
1406 2275 170 80 esse
1513 2275 192 80 deos:
1619 2275 128 80 quia

59 2341 144 62 non
142 2341 227 62 possunt
307 2341 289 62 praedicere
533 2341 144 62 aut
616 2341 186 62 scire
740 2341 247 62 uentura:
925 2341 144 62 nec
1008 2341 227 62 possunt
1172 2341 165 62 bene
1276 2341 144 62 uel
1358 2341 165 62 male
1461 2341 227 62 facere.
1605 2341 124 62 Pro-

68 2388 165 80 inde
171 2388 185 80 posse
295 2388 267 80 omnigenis
501 2388 185 80 bonis
624 2388 329 80 locupletare,
891 2388 103 80 &
933 2388 206 80 iustis
1077 2388 206 80 poenis
1221 2388 288 80 cohercere,
1447 2388 144 80 ita
1509 2388 226 80 omniscium

70 2444 103 75 &
112 2444 331 75 omnipotentem
381 2444 186 75 esse,
505 2444 331 75 proprietates
774 2444 145 75 dei
857 2444 186 75 sunt,
981 2444 186 75 nulli
1105 2444 269 75 creaturae
1312 2444 393 75 communicabiles:
1623 2444 103 75 su-

63 2501 313 90 perstitiosus
318 2501 156 90 ergo
416 2501 156 90 est,
513 2501 137 90 qui
592 2501 137 90 has
670 2501 176 90 diuis
787 2501 274 90 coelitibus
1002 2501 235 90 tribuit,
1178 2501 98 90 &
1217 2501 156 90 ideo
1315 2501 137 90 eos
1393 2501 176 90 colit
1511 2501 98 90 &
1530 2501 196 90 inuocat.

73 2559 209 75 ODseas
219 2559 250 75 propheta
407 2559 250 75 grauiter
595 2559 271 75 inuehitur
804 2559 125 75 in
866 2559 250 75 ludaeos,
1054 2559 334 75 attribuentes
1326 2559 167 75 dijs
1430 2559 230 75 alienis
1576 2559 167 75 munera

60 2617 175 70 dei,
169 2617 240 70 adeoque
344 2617 284 70 synagogam
563 2617 218 70 talium
715 2617 262 70 nuncupat
912 2617 240 70 scortum
1087 2617 153 70 uel
1174 2617 328 70 meretricem,
1436 2617 284 70 Filiorum,
1633 2617 109 70 in-

63 2679 182 74 quit,
184 2679 162 74 eius
285 2679 142 74 non
366 2679 283 74 miserebor,
589 2679 223 74 quoniam
751 2679 182 74 filij
873 2679 162 74 sunt
974 2679 121 74 ex
1034 2679 304 74 scortatione
1277 2679 263 74 suscepti.
1480 2679 243 74 Siquidem
1642 2679 101 74 ma-

71 2730 139 71 fer
151 2730 179 71 eorum
270 2730 239 71 scortata
449 2730 159 71 est,
549 2730 159 71 quia
648 2730 199 71 dixit,
787 2730 159 71 Ibo,
887 2730 199 71 sequar
1026 2730 239 71 amatores
1205 2730 179 71 meos,
1324 2730 139 71 qui
1404 2730 159 71 dant
1503 2730 159 71 mihi
1603 2730 179 71 aquam

61 2788 217 62 meam,
205 2788 217 62 panem
350 2788 217 62 meum,
494 2788 217 62 lanam
639 2788 217 62 meam,
783 2788 120 62 &
831 2788 217 62 linum
976 2788 217 62 meum,
1120 2788 217 62 oleum
1265 2788 193 62 meum
1385 2788 120 62 &
1433 2788 241 62 pocula
1578 2788 144 62 mea-

60 2833 137 93 Et
129 2833 183 93 mox:
243 2833 160 93 Nec
335 2833 252 93 agnouit
518 2833 183 93 quod
633 2833 160 93 ego
724 2833 183 93 dedi
839 2833 137 93 ei
908 2833 298 93 frumentum
1137 2833 206 93 uinum
1274 2833 115 93 &
1320 2833 229 93 oleum,
1480 2833 252 93 quodque
1640 2833 92 93 ei

58 2899 207 93 multum
203 2899 228 93 argenti
369 2899 104 93 &
411 2899 166 93 auri
514 2899 249 93 contuli,
701 2899 166 93 quae
805 2899 249 93 fecerunt
991 2899 166 93 ipsi
1095 2899 187 93 Baal.
1220 2899 145 93 Nec
1303 2899 187 93 hodie
1427 2899 290 93 infrequens
1634 2899 104 93 est
