2288 3632
72 262 223 94 omnia,
228 262 312 94 coaeternum
473 262 112 94 &
518 262 468 94 consubstantialem.
919 262 201 94 Certe
1053 262 134 94 S.
1120 262 223 94 Paulus
1276 262 134 94 ad
1343 262 402 94 confirmationem
1655 262 112 94 hu-

83 316 137 69 ius
162 316 255 69 ueritatis
358 316 274 69 catholicae
573 316 215 69 profert
730 316 118 69 ex
789 316 196 69 ueteri
926 316 255 69 scriptura
1122 316 137 69 duo
1200 316 294 69 testimonia,
1435 316 157 69 Cui,
1533 316 196 69 inquit
1670 316 137 69 an¬

80 378 232 84 gelorum
249 378 190 84 dixit
375 378 211 84 unquam
523 378 190 84 deus,
650 378 211 84 Filius
797 378 169 84 meus
903 378 127 84 es
966 378 148 84 tu,
1051 378 148 84 ego
1135 378 190 84 hodie
1262 378 190 84 genui
1388 378 190 84 te?Et
1515 378 232 84 iterum,
1662 378 106 84 Ego

84 440 137 66 ero
163 440 118 66 ei
222 440 196 66 pater,
359 440 98 66 &
398 440 157 66 ille
496 440 157 66 erit
594 440 157 66 mihi
692 440 216 66 filius:
849 440 157 66 quae
947 440 176 66 omnia
1064 440 216 66 Christo
1221 440 157 66 Iesu
1319 440 176 66 filio
1436 440 137 66 dei
1495 440 255 66 accommodat:

79 482 122 78 de
140 482 142 78 quo
221 482 122 78 et
282 482 224 78 Micheas
445 482 244 78 testatus
628 482 163 78 est,
729 482 122 78 Et
790 482 122 78 tu
851 482 264 78 Bethlehem
1054 482 244 78 Ephrata,
1237 482 224 78 paruula
1400 482 203 78 quidem
1542 482 122 78 es
1603 482 122 78 in
1644 482 122 78 mili

72 531 142 97 bus
153 531 182 97 luda:
274 531 122 97 ex
335 531 122 97 te
396 531 243 97 prodibit
578 531 162 97 mihi
679 531 263 97 dominator
882 531 122 97 in
943 531 243 97 lsraele:
1125 531 101 97 &
1166 531 203 97 exitus
1307 531 162 97 eius
1409 531 182 97 (siue
1530 531 263 97 emanatio¬

65 608 141 78 nes
145 608 181 78 eius)
266 608 101 78 a
307 608 242 78 saeculo,
488 608 101 78 a
528 608 201 78 diebus
669 608 342 78 aeternitatis.
951 608 161 78 Vnde
1052 608 161 78 ipse
1153 608 121 78 in
1213 608 262 78 euangelio
1415 608 242 78 secundum
1576 608 181 78 Ioannem

74 654 190 78 dicit
201 654 212 78 filius
349 654 169 78 dei:
455 654 169 78 Amen
560 654 169 78 dico
666 654 212 78 uobis,
814 654 254 78 antequam
1005 654 233 78 Abraham
1174 654 212 78 fieret
1322 654 148 78 ego
1406 654 169 78 sum.
1512 654 127 78 Et
1554 654 212 78 Ioannes.

73 703 132 78 ln
139 703 308 78 principio,
381 703 242 78 inquit,
556 703 176 78 erat
666 703 242 78 uerbum,
842 703 110 78 &
886 703 220 78 uerbum
1040 703 176 78 erat
1150 703 176 78 apud
1260 703 198 78 deum,
1391 703 110 78 &
1435 703 176 78 deus
1545 703 176 78 erat
1633 703 132 78 uer-

67 759 168 92 bum.
172 759 295 92 Intelligit
404 759 189 92 autem
530 759 147 92 per
614 759 211 92 uerbum
762 759 147 92 non
846 759 211 92 uocale
993 759 189 92 illud
1119 759 295 92 transiens,
1351 759 147 92 non
1435 759 274 92 consilium
1625 759 126 92 dei,

63 819 152 87 sed
150 819 195 87 filij
280 819 282 87 personam.
497 819 152 87 Mox
584 819 173 87 enim
692 819 303 87 subiungit:
930 819 130 87 Et
995 819 217 87 uerbum
1147 819 173 87 caro
1255 819 217 87 factum
1407 819 173 87 est.
1516 819 217 87 Scimus
1646 819 108 87 au-

73 881 148 86 tem
157 881 211 86 filium
305 881 148 86 dei
389 881 148 86 non
474 881 338 86 cogitationem
748 881 148 86 aut
833 881 295 86 propositum
1065 881 148 86 dei
1149 881 106 86 (
1191 881 190 86 sicut
1318 881 253 86 nugantur
1487 881 253 86 haeretici-

68 941 167 80 esse
172 941 313 80 incarnatum.
422 941 188 80 Atqui
547 941 125 80 is
610 941 146 80 qui
693 941 125 80 in
756 941 229 80 tempore
923 941 292 80 incarnatus
1152 941 167 80 est,
1256 941 167 80 ante
1360 941 229 80 aeterna
1527 941 229 80 tempora
1673 941 83 80 e-

69 1003 153 74 rat
157 1003 175 74 apud
266 1003 240 74 patrem,
441 1003 240 74 adeoque
616 1003 175 74 deus
725 1003 197 74 uerus
856 1003 153 74 cum
943 1003 153 74 deo
1031 1003 197 74 uero.
1162 1003 153 74 Nam
1249 1003 219 74 Verbum
1402 1003 175 74 erat
1512 1003 175 74 apud
1621 1003 175 74 deum

68 1049 240 80 inquit,
243 1049 109 80 &
287 1049 175 80 deus
396 1049 175 80 erat
505 1049 240 80 uerbum.
680 1049 175 80 Quia
789 1049 131 80 in
854 1049 306 80 principio,
1095 1049 240 80 nimirum
1269 1049 131 80 ab
1335 1049 262 80 aeterno,
1532 1049 175 80 erat
1619 1049 131 80 apud

70 1105 174 74 deum.
186 1105 155 74 Haec
282 1105 252 74 simplicia
476 1105 271 74 scripturis
689 1105 232 74 tradita,
863 1105 213 74 ideoque
1018 1105 271 74 uerissima,
1231 1105 116 74 de
1289 1105 290 74 generatione
1521 1105 174 74 filij
1637 1105 116 74 ex
1676 1105 77 74 pa

61 1169 146 78 tre
145 1169 292 78 sempiterna
374 1169 209 78 minime
520 1169 250 78 curiosis
708 1169 271 78 sufficere
917 1169 271 78 arbitror.
1125 1169 271 78 Scriptura
1334 1169 167 78 enim
1438 1169 146 78 non
1522 1169 209 78 explet
1647 1169 104 78 hic

61 1229 278 58 curiosorum
279 1229 159 58 uana
378 1229 278 58 desideria,
596 1229 178 58 neque
715 1229 278 58 subtiliter
933 1229 119 58 de
993 1229 139 58 his
1072 1229 258 58 disserit,
1270 1229 139 58 imo
1350 1229 218 58 paucula
1508 1229 159 58 quae
1587 1229 159 58 creda-

70 1274 145 78 mus
153 1274 228 78 tradit.
319 1274 166 78 Quod
422 1274 186 78 autem
546 1274 166 78 illa
650 1274 145 78 uel
733 1274 145 78 non
816 1274 207 78 tradit
960 1274 145 78 uel
1043 1274 248 78 pauculis
1230 1274 269 78 adumbrat,
1437 1274 290 78 salubriter
1644 1274 104 78 uel

64 1330 276 68 ignoramus
276 1330 148 68 uel
361 1330 254 68 traditis
551 1330 318 68 inhaerentes
806 1330 191 68 plura
933 1330 148 68 non
1018 1330 318 68 inquirimus,
1272 1330 233 68 Sanctus
1442 1330 191 68 pater
1548 1330 212 68 Cyrillus

61 1386 177 87 illud
180 1386 217 87 Ioannis
337 1386 315 87 euangelistae
593 1386 256 87 exponens:
790 1386 118 87 In
849 1386 256 87 principio
1046 1386 158 87 erat
1145 1386 217 87 uerbum,
1303 1386 118 87 Ne
1362 1386 256 87 infinita,
1559 1386 217 87 inquit,

65 1448 307 76 quaerentes,
310 1448 368 76 inexplicabilis
617 1448 184 76 nobis
740 1448 164 76 fiat
842 1448 348 76 consideratio,
1128 1448 164 76 quae
1231 1448 225 76 nunquam
1394 1448 205 76 possit
1537 1448 123 76 in
1578 1448 164 76 exitum

65 1496 285 88 peruenire,
289 1496 143 88 nec
370 1496 285 88 principium
595 1496 265 88 principij
798 1496 245 88 dabimus,
982 1496 143 88 nec
1063 1496 204 88 filium
1206 1496 122 88 in
1267 1496 224 88 tempore
1430 1496 122 88 at
1491 1496 183 88 patre
1593 1496 143 88 geni-

60 1562 149 65 tum
145 1562 319 65 concedemus,
400 1562 149 65 sed
485 1562 341 65 aeternaliter
762 1562 149 65 cum
847 1562 192 65 patre
975 1562 192 65 ipsum
1103 1562 170 65 esse
1209 1562 362 65 confitebimur.
1507 1562 128 65 Si
1571 1562 170 65 enim
1656 1562 85 65 in

73 1610 272 80 principio
282 1610 188 80 erat,
408 1610 167 80 quae
512 1610 167 80 mens
617 1610 230 80 poterit
784 1610 209 80 unquam
930 1610 188 80 ultra
1056 1610 188 80 illud
1181 1610 167 80 Erat
1286 1610 293 80 conuolare:
1516 1610 146 80 aut
1579 1610 167 80 quando

59 1674 184 69 illud
181 1674 164 69 erat
284 1674 184 69 mente
407 1674 143 69 ita
488 1674 266 69 tenebimus
693 1674 123 69 ut
754 1674 328 69 cogitationes
1021 1674 225 69 nostras
1184 1674 143 69 non
1266 1674 287 69 antecedat?
1491 1674 205 69 Merito
1614 1674 123 69 igi-

61 1725 149 83 tur
146 1725 234 83 stupore
316 1725 276 83 perculsus
528 1725 212 83 clamat
676 1725 234 83 lsaias:
846 1725 340 83 Generationem
1122 1725 191 83 autem
1250 1725 170 83 eius
1356 1725 170 83 quis
1462 1725 297 83 enarrabit:
1674 1725 85 83 Om

60 1781 160 69 nem
151 1781 182 69 enim
265 1781 228 69 mentem
425 1781 296 69 excedens,
653 1781 274 69 omnemque
858 1781 274 69 rationem
1063 1781 251 69 humanam
1246 1781 296 69 superans,
1451 1781 296 69 ineffabilis

68 1833 164 79 est.
170 1833 123 79 Et
231 1833 164 79 mox:
334 1833 246 79 Quoniam,
518 1833 205 79 inquit
662 1833 164 79 ante
764 1833 225 79 saecula
928 1833 205 79 filius
1072 1833 164 79 est,
1174 1833 123 79 in
1236 1833 225 79 tempore
1400 1833 225 79 genitus
1564 1833 164 79 esse
1646 1833 102 79 non

60 1899 211 77 potest:
213 1899 134 77 sed
290 1899 134 77 est
366 1899 191 77 semper
500 1899 115 77 in
557 1899 172 77 patre
672 1899 172 77 quasi
787 1899 115 77 in
845 1899 191 77 fonte:
978 1899 191 77 sicuti
1112 1899 115 77 ab
1170 1899 153 77 ipso
1266 1899 191 77 dictum
1400 1899 153 77 est:
1495 1899 134 77 Ego
1572 1899 115 77 ex
1610 1899 134 77 patre

53 1961 195 70 exiui
183 1961 108 70 &
226 1961 195 70 ueni.
356 1961 195 70 Quasi
486 1961 173 70 enim
594 1961 216 70 fontem
745 1961 216 70 patrem
897 1961 368 70 intelligimus:
1199 1961 130 70 in
1264 1961 151 70 quo
1351 1961 216 70 uerbum
1502 1961 151 70 est
1567 1961 173 70 sapien

55 2011 166 65 tia,
159 2011 228 65 uirtus,
325 2011 291 65 character,
553 2011 270 65 splendor,
761 2011 104 65 &
802 2011 187 65 imago
927 2011 166 65 eius
1031 2011 270 65 existens.
1238 2011 187 65 Quare
1363 2011 125 65 si
1425 2011 208 65 nullum
1570 2011 208 65 unquam

65 2067 159 76 erat
164 2067 198 76 tempus
303 2067 198 76 quando
442 2067 198 76 absque
581 2067 278 76 sapientia,
799 2067 238 76 uirtute,
977 2067 297 76 charactere,
1215 2067 258 76 splendore
1414 2067 119 76 ac
1473 2067 218 76 denique
1612 2067 119 76 ima-

60 2123 158 71 gine
159 2123 138 71 sua
238 2123 158 71 erat
337 2123 198 71 pater,
475 2123 198 71 fateri
613 2123 217 71 necesse
771 2123 138 71 est
850 2123 277 71 coaeternum
1068 2123 99 71 &
1107 2123 158 71 esse
1206 2123 217 71 filium,
1364 2123 138 71 qui
1443 2123 257 71 sapientia
1621 2123 119 71 uir-

55 2179 170 72 tus,
161 2179 149 72 &c.
246 2179 213 72 patris
395 2179 234 72 aeterni
565 2179 170 72 est.
672 2179 234 72 Quomodo
842 2179 170 72 enim
948 2179 298 72 character,
1182 2179 149 72 aut
1267 2179 234 72 quomodo
1437 2179 191 72 imago
1544 2179 191 72 exquisi

66 2224 219 87 tissima
225 2224 199 87 patris
365 2224 159 87 est,
464 2224 159 87 nisi
564 2224 358 87 pulchritudinem
862 2224 199 87 illius
1002 2224 239 87 perfecte
1181 2224 299 87 consequutus
1420 2224 139 87 sit
1499 2224 179 87 cuius
1599 2224 139 87 imago

56 2282 181 82 est?
170 2282 159 82 Non
260 2282 159 82 est
351 2282 204 82 autem
487 2282 272 82 absurdum
691 2282 181 82 quod
804 2282 249 82 diximus
985 2282 136 82 in
1053 2282 204 82 patre
1189 2282 227 82 filium
1348 2282 249 82 tanquam
1529 2282 136 82 in
1574 2282 159 82 fonte

58 2340 364 81 intelligendum
357 2340 193 81 esse.
486 2340 193 81 Nihil
614 2340 171 81 enim
721 2340 193 81 aliud
850 2340 193 81 nobis
978 2340 193 81 nomen
1107 2340 214 81 fontis
1257 2340 300 81 significat
1492 2340 171 81 quam
1600 2340 128 81 ut
1642 2340 86 81 ex

61 2390 136 75 quo
138 2390 97 75 :
177 2390 194 75 filius
313 2390 155 75 uero
410 2390 117 75 in
469 2390 175 75 patre
585 2390 97 75 &
624 2390 117 75 ex
682 2390 175 75 patre
799 2390 136 75 est
877 2390 97 75 :
916 2390 136 75 non
993 2390 253 75 profluens
1188 2390 194 75 foras,
1324 2390 136 75 sed
1402 2390 136 75 aut
1479 2390 175 75 quasi
1596 2390 97 75 a
1615 2390 117 75 sole

61 2471 251 57 plendor,
249 2471 146 57 aut
333 2471 188 57 quasi
458 2471 125 57 ab
521 2471 167 57 igne
625 2471 209 57 insita
772 2471 167 57 sibi
876 2471 293 57 caliditas.
1106 2471 125 57 In
1169 2471 146 57 his
1252 2471 167 57 enim
1357 2471 251 57 exemplis
1545 2471 167 57 unum
1649 2471 125 57 ab

54 2518 154 71 uno
142 2518 242 71 produci
318 2518 110 71 &
362 2518 176 71 ambo
472 2518 374 71 consempiterna
779 2518 154 71 sic
867 2518 176 71 esse
977 2518 352 71 conspicimus,
1263 2518 132 71 ut
1328 2518 198 71 aliud
1460 2518 220 71 absque
1592 2518 132 71 alio

47 2571 146 62 nec
130 2571 166 62 esse
234 2571 208 62 possit
380 2571 146 62 nec
463 2571 229 62 naturae
630 2571 166 62 suae
734 2571 250 62 rationem
921 2571 270 62 retinere.
1129 2571 229 62 Quomodo
1295 2571 166 62 enim
1399 2571 166 62 erit
1503 2571 146 62 Sol
1566 2571 166 62 splen-

57 2618 164 69 dore
160 2618 246 69 priuatus
345 2618 103 69 :
386 2618 144 69 uel
468 2618 226 69 quomodo
632 2618 164 69 erit
735 2618 267 69 splendor,
940 2618 164 69 nisi
1043 2618 144 69 sol
1125 2618 144 69 sit
1207 2618 103 69 a
1248 2618 144 69 quo
1330 2618 246 69 defluat?
1515 2618 185 69 ignis
1617 2618 103 69 ue-

52 2673 124 83 ro
114 2673 227 83 quomodo
279 2673 165 83 erit
382 2673 206 83 calore
526 2673 227 83 carens?
691 2673 144 83 uel
774 2673 186 83 calor
898 2673 165 83 unde
1001 2673 247 83 prodeat,
1186 2673 165 83 nisi
1289 2673 124 83 ex
1351 2673 186 83 igne,
1475 2673 144 83 aut
1557 2673 124 83 ab
1598 2673 124 83 alio

60 2727 194 81 forsan
195 2727 136 81 non
273 2727 194 81 procul
408 2727 97 81 a
447 2727 310 81 substantiali
699 2727 252 81 qualitate
892 2727 174 81 ignis
1009 2727 252 81 disiecto?
1202 2727 174 81 Sicut
1318 2727 194 81 igitur
1454 2727 155 81 quae
1551 2727 116 81 ab
1589 2727 136 81 istis

60 2793 270 70 profsuunt
268 2793 187 70 simul
393 2793 146 70 cum
476 2793 187 70 illis
601 2793 166 70 sunt
705 2793 166 70 unde
809 2793 291 70 prossuunt,
1038 2793 125 70 ac
1100 2793 208 70 semper
1246 2793 166 70 unde
1350 2793 208 70 fluant
1474 2793 250 70 ostendunt:

48 2855 134 66 sic
125 2855 115 66 in
182 2855 249 66 unigenito
374 2855 326 66 intelligendum
643 2855 153 66 est.
738 2855 115 66 Ex
796 2855 173 66 patre
911 2855 153 66 enim
1007 2855 153 66 esse
1103 2855 326 66 intelligitur,
1372 2855 134 66 sed
1448 2855 115 66 in
1506 2855 173 66 patre
1602 2855 134 66 etiam

54 2899 160 100 esse
154 2899 260 100 creditur:
354 2899 140 100 non
434 2899 220 100 alienus
594 2899 100 100 a
634 2899 220 100 natura,
794 2899 180 100 neque
913 2899 160 100 post
1013 2899 200 100 patrem
1153 2899 200 100 natura
1293 2899 260 100 secundus:
1493 2899 140 100 sed
1573 2899 120 100 in
1613 2899 120 100 ipso
