<?xml version="1.0" encoding="UTF-8"?>
<alto xmlns:xsi="http://www.w3.org/2001/XMLSchema-instance"
      xmlns="http://www.loc.gov/standards/alto/ns-v2#"
      xmlns:page="http://schema.primaresearch.org/PAGE/gts/pagecontent/2013-07-15"
      xsi:schemaLocation="http://www.loc.gov/standards/alto/ns-v2# http://www.loc.gov/standards/alto/alto.xsd">
   <Description>
      <MeasurementUnit>pixel</MeasurementUnit>
      <OCRProcessing ID="IdOcr">
         <ocrProcessingStep>
            <processingDateTime>2020-08-08T18:23:37.704-04:00</processingDateTime>
            <processingSoftware>
               <softwareCreator>READ COOP</softwareCreator>
               <softwareName>Transkribus</softwareName>
            </processingSoftware>
         </ocrProcessingStep>
      </OCRProcessing>
   </Description>
   <Tags/>
   <Layout>
      <Page ID="Page1" PHYSICAL_IMG_NR="1" HEIGHT="3632" WIDTH="2288">
         <TopMargin HEIGHT="0" WIDTH="2288" VPOS="0" HPOS="0"/>
         <LeftMargin HEIGHT="3632" WIDTH="0" VPOS="0" HPOS="0"/>
         <RightMargin HEIGHT="3632" WIDTH="0" VPOS="0" HPOS="2288"/>
         <BottomMargin HEIGHT="0" WIDTH="2288" VPOS="3632" HPOS="0"/>
         <PrintSpace HEIGHT="3632" WIDTH="2288" VPOS="0" HPOS="0">
            <TextBlock ID="TextRegion_1593646593765_182"
                       HEIGHT="2835"
                       WIDTH="1707"
                       VPOS="220"
                       HPOS="93">
               <Shape>
                  <Polygon POINTS="93,220 1800,220 1799,289 1740,3055 93,3055"/>
               </Shape>
               <TextLine ID="r1l3"
                         BASELINE="373"
                         HEIGHT="144"
                         WIDTH="1657"
                         VPOS="229"
                         HPOS="121">
                  <String HEIGHT="144"
                          WIDTH="270"
                          VPOS="229"
                          HPOS="102"
                          CONTENT="utilitate."/>
                  <SP HEIGHT="144" WIDTH="19" VPOS="229" HPOS="371"/>
                  <String HEIGHT="144"
                          WIDTH="173"
                          VPOS="229"
                          HPOS="314"
                          CONTENT="Sicut"/>
                  <SP HEIGHT="144" WIDTH="19" VPOS="229" HPOS="487"/>
                  <String HEIGHT="144"
                          WIDTH="154"
                          VPOS="229"
                          HPOS="429"
                          CONTENT="enim"/>
                  <SP HEIGHT="144" WIDTH="19" VPOS="229" HPOS="583"/>
                  <String HEIGHT="144" WIDTH="116" VPOS="229" HPOS="526" CONTENT="ea"/>
                  <SP HEIGHT="144" WIDTH="19" VPOS="229" HPOS="641"/>
                  <String HEIGHT="144"
                          WIDTH="154"
                          VPOS="229"
                          HPOS="583"
                          CONTENT="quae"/>
                  <SP HEIGHT="144" WIDTH="19" VPOS="229" HPOS="738"/>
                  <String HEIGHT="144"
                          WIDTH="135"
                          VPOS="229"
                          HPOS="680"
                          CONTENT="dei"/>
                  <SP HEIGHT="144" WIDTH="19" VPOS="229" HPOS="815"/>
                  <String HEIGHT="144"
                          WIDTH="154"
                          VPOS="229"
                          HPOS="757"
                          CONTENT="sunt"/>
                  <SP HEIGHT="144" WIDTH="19" VPOS="229" HPOS="911"/>
                  <String HEIGHT="144"
                          WIDTH="154"
                          VPOS="229"
                          HPOS="853"
                          CONTENT="nemo"/>
                  <SP HEIGHT="144" WIDTH="19" VPOS="229" HPOS="1007"/>
                  <String HEIGHT="144"
                          WIDTH="173"
                          VPOS="229"
                          HPOS="950"
                          CONTENT="nouit"/>
                  <SP HEIGHT="144" WIDTH="19" VPOS="229" HPOS="1123"/>
                  <String HEIGHT="144"
                          WIDTH="154"
                          VPOS="229"
                          HPOS="1065"
                          CONTENT="nisi"/>
                  <SP HEIGHT="144" WIDTH="19" VPOS="229" HPOS="1219"/>
                  <String HEIGHT="144"
                          WIDTH="231"
                          VPOS="229"
                          HPOS="1161"
                          CONTENT="spiritus"/>
                  <SP HEIGHT="144" WIDTH="19" VPOS="229" HPOS="1393"/>
                  <String HEIGHT="144"
                          WIDTH="154"
                          VPOS="229"
                          HPOS="1335"
                          CONTENT="dei,"/>
                  <SP HEIGHT="144" WIDTH="19" VPOS="229" HPOS="1489"/>
                  <String HEIGHT="144"
                          WIDTH="135"
                          VPOS="229"
                          HPOS="1431"
                          CONTENT="ita"/>
                  <SP HEIGHT="144" WIDTH="19" VPOS="229" HPOS="1566"/>
                  <String HEIGHT="144"
                          WIDTH="212"
                          VPOS="229"
                          HPOS="1508"
                          CONTENT="homines"/>
                  <SP HEIGHT="144" WIDTH="19" VPOS="229" HPOS="1720"/>
                  <String HEIGHT="144"
                          WIDTH="135"
                          VPOS="229"
                          HPOS="1643"
                          CONTENT="scien"/>
               </TextLine>
               <TextLine ID="r1l4"
                         BASELINE="425"
                         HEIGHT="86"
                         WIDTH="1660"
                         VPOS="339"
                         HPOS="130">
                  <String HEIGHT="86"
                          WIDTH="170"
                          VPOS="339"
                          HPOS="109"
                          CONTENT="tiam"/>
                  <SP HEIGHT="86" WIDTH="21" VPOS="339" HPOS="279"/>
                  <String HEIGHT="86"
                          WIDTH="192"
                          VPOS="339"
                          HPOS="215"
                          CONTENT="rerum"/>
                  <SP HEIGHT="86" WIDTH="21" VPOS="339" HPOS="407"/>
                  <String HEIGHT="86"
                          WIDTH="277"
                          VPOS="339"
                          HPOS="343"
                          CONTENT="diuinarum"/>
                  <SP HEIGHT="86" WIDTH="21" VPOS="339" HPOS="619"/>
                  <String HEIGHT="86" WIDTH="106" VPOS="339" HPOS="556" CONTENT="&amp;"/>
                  <SP HEIGHT="86" WIDTH="21" VPOS="339" HPOS="662"/>
                  <String HEIGHT="86"
                          WIDTH="319"
                          VPOS="339"
                          HPOS="598"
                          CONTENT="cognitionem"/>
                  <SP HEIGHT="86" WIDTH="21" VPOS="339" HPOS="917"/>
                  <String HEIGHT="86"
                          WIDTH="213"
                          VPOS="339"
                          HPOS="854"
                          CONTENT="sancti"/>
                  <SP HEIGHT="86" WIDTH="21" VPOS="339" HPOS="1066"/>
                  <String HEIGHT="86"
                          WIDTH="255"
                          VPOS="339"
                          HPOS="1003"
                          CONTENT="spiritus"/>
                  <SP HEIGHT="86" WIDTH="21" VPOS="339" HPOS="1258"/>
                  <String HEIGHT="86"
                          WIDTH="149"
                          VPOS="339"
                          HPOS="1194"
                          CONTENT="non"/>
                  <SP HEIGHT="86" WIDTH="21" VPOS="339" HPOS="1343"/>
                  <String HEIGHT="86"
                          WIDTH="234"
                          VPOS="339"
                          HPOS="1279"
                          CONTENT="aliunde"/>
                  <SP HEIGHT="86" WIDTH="21" VPOS="339" HPOS="1513"/>
                  <String HEIGHT="86"
                          WIDTH="277"
                          VPOS="339"
                          HPOS="1449"
                          CONTENT="hauriunt,"/>
                  <SP HEIGHT="86" WIDTH="21" VPOS="339" HPOS="1726"/>
                  <String HEIGHT="86"
                          WIDTH="170"
                          VPOS="339"
                          HPOS="1662"
                          CONTENT="quam"/>
                  <SP HEIGHT="86" WIDTH="21" VPOS="339" HPOS="1833"/>
                  <String HEIGHT="86" WIDTH="43" VPOS="339" HPOS="1747" CONTENT=""/>
               </TextLine>
               <TextLine ID="r1l5"
                         BASELINE="477"
                         HEIGHT="80"
                         WIDTH="1668"
                         VPOS="397"
                         HPOS="115">
                  <String HEIGHT="80" WIDTH="133" VPOS="397" HPOS="93" CONTENT="ex"/>
                  <SP HEIGHT="80" WIDTH="22" VPOS="397" HPOS="226"/>
                  <String HEIGHT="80"
                          WIDTH="200"
                          VPOS="397"
                          HPOS="159"
                          CONTENT="eodem"/>
                  <SP HEIGHT="80" WIDTH="22" VPOS="397" HPOS="360"/>
                  <String HEIGHT="80" WIDTH="156" VPOS="397" HPOS="293" CONTENT="hoc"/>
                  <SP HEIGHT="80" WIDTH="22" VPOS="397" HPOS="449"/>
                  <String HEIGHT="80" WIDTH="156" VPOS="397" HPOS="382" CONTENT="dei"/>
                  <SP HEIGHT="80" WIDTH="22" VPOS="397" HPOS="538"/>
                  <String HEIGHT="80"
                          WIDTH="267"
                          VPOS="397"
                          HPOS="471"
                          CONTENT="spiritu."/>
                  <SP HEIGHT="80" WIDTH="22" VPOS="397" HPOS="738"/>
                  <String HEIGHT="80"
                          WIDTH="222"
                          VPOS="397"
                          HPOS="671"
                          CONTENT="Oremus"/>
                  <SP HEIGHT="80" WIDTH="22" VPOS="397" HPOS="893"/>
                  <String HEIGHT="80"
                          WIDTH="178"
                          VPOS="397"
                          HPOS="827"
                          CONTENT="ergo"/>
                  <SP HEIGHT="80" WIDTH="22" VPOS="397" HPOS="1005"/>
                  <String HEIGHT="80"
                          WIDTH="178"
                          VPOS="397"
                          HPOS="938"
                          CONTENT="deum"/>
                  <SP HEIGHT="80" WIDTH="22" VPOS="397" HPOS="1116"/>
                  <String HEIGHT="80"
                          WIDTH="245"
                          VPOS="397"
                          HPOS="1049"
                          CONTENT="patrem,"/>
                  <SP HEIGHT="80" WIDTH="22" VPOS="397" HPOS="1294"/>
                  <String HEIGHT="80" WIDTH="133" VPOS="397" HPOS="1227" CONTENT="ut"/>
                  <SP HEIGHT="80" WIDTH="22" VPOS="397" HPOS="1360"/>
                  <String HEIGHT="80"
                          WIDTH="156"
                          VPOS="397"
                          HPOS="1294"
                          CONTENT="per"/>
                  <SP HEIGHT="80" WIDTH="22" VPOS="397" HPOS="1449"/>
                  <String HEIGHT="80"
                          WIDTH="222"
                          VPOS="397"
                          HPOS="1383"
                          CONTENT="filium"/>
                  <SP HEIGHT="80" WIDTH="22" VPOS="397" HPOS="1605"/>
                  <String HEIGHT="80"
                          WIDTH="245"
                          VPOS="397"
                          HPOS="1538"
                          CONTENT="dominum"/>
                  <SP HEIGHT="80" WIDTH="22" VPOS="397" HPOS="1783"/>
                  <String HEIGHT="80" WIDTH="89" VPOS="397" HPOS="1694" CONTENT="no"/>
               </TextLine>
               <TextLine ID="r1l6"
                         BASELINE="540"
                         HEIGHT="105"
                         WIDTH="1650"
                         VPOS="435"
                         HPOS="128">
                  <String HEIGHT="105"
                          WIDTH="183"
                          VPOS="435"
                          HPOS="108"
                          CONTENT="strum"/>
                  <SP HEIGHT="105" WIDTH="20" VPOS="435" HPOS="291"/>
                  <String HEIGHT="105"
                          WIDTH="183"
                          VPOS="435"
                          HPOS="230"
                          CONTENT="Iesum"/>
                  <SP HEIGHT="105" WIDTH="20" VPOS="435" HPOS="413"/>
                  <String HEIGHT="105"
                          WIDTH="265"
                          VPOS="435"
                          HPOS="352"
                          CONTENT="Christum,"/>
                  <SP HEIGHT="105" WIDTH="20" VPOS="435" HPOS="617"/>
                  <String HEIGHT="105"
                          WIDTH="183"
                          VPOS="435"
                          HPOS="556"
                          CONTENT="misso"/>
                  <SP HEIGHT="105" WIDTH="20" VPOS="435" HPOS="739"/>
                  <String HEIGHT="105" WIDTH="122" VPOS="435" HPOS="678" CONTENT="in"/>
                  <SP HEIGHT="105" WIDTH="20" VPOS="435" HPOS="800"/>
                  <String HEIGHT="105"
                          WIDTH="183"
                          VPOS="435"
                          HPOS="739"
                          CONTENT="corda"/>
                  <SP HEIGHT="105" WIDTH="20" VPOS="435" HPOS="922"/>
                  <String HEIGHT="105"
                          WIDTH="204"
                          VPOS="435"
                          HPOS="861"
                          CONTENT="nostra"/>
                  <SP HEIGHT="105" WIDTH="20" VPOS="435" HPOS="1065"/>
                  <String HEIGHT="105"
                          WIDTH="143"
                          VPOS="435"
                          HPOS="1004"
                          CONTENT="hoc"/>
                  <SP HEIGHT="105" WIDTH="20" VPOS="435" HPOS="1147"/>
                  <String HEIGHT="105"
                          WIDTH="224"
                          VPOS="435"
                          HPOS="1085"
                          CONTENT="spiritu"/>
                  <SP HEIGHT="105" WIDTH="20" VPOS="435" HPOS="1309"/>
                  <String HEIGHT="105"
                          WIDTH="143"
                          VPOS="435"
                          HPOS="1248"
                          CONTENT="suo"/>
                  <SP HEIGHT="105" WIDTH="20" VPOS="435" HPOS="1391"/>
                  <String HEIGHT="105"
                          WIDTH="224"
                          VPOS="435"
                          HPOS="1330"
                          CONTENT="sancto,"/>
                  <SP HEIGHT="105" WIDTH="20" VPOS="435" HPOS="1554"/>
                  <String HEIGHT="105"
                          WIDTH="244"
                          VPOS="435"
                          HPOS="1493"
                          CONTENT="dignetur"/>
                  <SP HEIGHT="105" WIDTH="20" VPOS="435" HPOS="1737"/>
                  <String HEIGHT="105"
                          WIDTH="122"
                          VPOS="435"
                          HPOS="1656"
                          CONTENT="illu"/>
               </TextLine>
               <TextLine ID="r1l7"
                         BASELINE="604"
                         HEIGHT="109"
                         WIDTH="1660"
                         VPOS="495"
                         HPOS="122">
                  <String HEIGHT="109"
                          WIDTH="210"
                          VPOS="495"
                          HPOS="101"
                          CONTENT="strare"/>
                  <SP HEIGHT="109" WIDTH="21" VPOS="495" HPOS="311"/>
                  <String HEIGHT="109"
                          WIDTH="294"
                          VPOS="495"
                          HPOS="248"
                          CONTENT="tenebrosas"/>
                  <SP HEIGHT="109" WIDTH="21" VPOS="495" HPOS="542"/>
                  <String HEIGHT="109"
                          WIDTH="210"
                          VPOS="495"
                          HPOS="479"
                          CONTENT="mentes"/>
                  <SP HEIGHT="109" WIDTH="21" VPOS="495" HPOS="689"/>
                  <String HEIGHT="109"
                          WIDTH="252"
                          VPOS="495"
                          HPOS="626"
                          CONTENT="nostras,"/>
                  <SP HEIGHT="109" WIDTH="21" VPOS="495" HPOS="878"/>
                  <String HEIGHT="109" WIDTH="105" VPOS="495" HPOS="815" CONTENT="&amp;"/>
                  <SP HEIGHT="109" WIDTH="21" VPOS="495" HPOS="920"/>
                  <String HEIGHT="109"
                          WIDTH="252"
                          VPOS="495"
                          HPOS="857"
                          CONTENT="dirigere"/>
                  <SP HEIGHT="109" WIDTH="21" VPOS="495" HPOS="1110"/>
                  <String HEIGHT="109"
                          WIDTH="147"
                          VPOS="495"
                          HPOS="1047"
                          CONTENT="nos"/>
                  <SP HEIGHT="109" WIDTH="21" VPOS="495" HPOS="1194"/>
                  <String HEIGHT="109"
                          WIDTH="252"
                          VPOS="495"
                          HPOS="1131"
                          CONTENT="secundum"/>
                  <SP HEIGHT="109" WIDTH="21" VPOS="495" HPOS="1383"/>
                  <String HEIGHT="109"
                          WIDTH="294"
                          VPOS="495"
                          HPOS="1320"
                          CONTENT="scripturas"/>
                  <SP HEIGHT="109" WIDTH="21" VPOS="495" HPOS="1614"/>
                  <String HEIGHT="109"
                          WIDTH="231"
                          VPOS="495"
                          HPOS="1551"
                          CONTENT="sanctas"/>
                  <SP HEIGHT="109" WIDTH="21" VPOS="495" HPOS="1782"/>
                  <String HEIGHT="109" WIDTH="84" VPOS="495" HPOS="1698" CONTENT="in"/>
               </TextLine>
               <TextLine ID="r1l8"
                         BASELINE="625"
                         HEIGHT="76"
                         WIDTH="447"
                         VPOS="549"
                         HPOS="122">
                  <String HEIGHT="76" WIDTH="142" VPOS="549" HPOS="102" CONTENT="uia"/>
                  <SP HEIGHT="76" WIDTH="20" VPOS="549" HPOS="244"/>
                  <String HEIGHT="76"
                          WIDTH="264"
                          VPOS="549"
                          HPOS="183"
                          CONTENT="ueritatis"/>
                  <SP HEIGHT="76" WIDTH="20" VPOS="549" HPOS="447"/>
                  <String HEIGHT="76"
                          WIDTH="203"
                          VPOS="549"
                          HPOS="366"
                          CONTENT="syncera."/>
               </TextLine>
               <TextLine ID="line_1593646593829_185"
                         BASELINE="702"
                         HEIGHT="95"
                         WIDTH="1615"
                         VPOS="607"
                         HPOS="186">
                  <String HEIGHT="95"
                          WIDTH="218"
                          VPOS="607"
                          HPOS="164"
                          CONTENT="lnitio"/>
                  <SP HEIGHT="95" WIDTH="22" VPOS="607" HPOS="382"/>
                  <String HEIGHT="95"
                          WIDTH="196"
                          VPOS="607"
                          HPOS="317"
                          CONTENT="autem"/>
                  <SP HEIGHT="95" WIDTH="22" VPOS="607" HPOS="513"/>
                  <String HEIGHT="95"
                          WIDTH="240"
                          VPOS="607"
                          HPOS="448"
                          CONTENT="uidetur"/>
                  <SP HEIGHT="95" WIDTH="22" VPOS="607" HPOS="688"/>
                  <String HEIGHT="95"
                          WIDTH="196"
                          VPOS="607"
                          HPOS="622"
                          CONTENT="nobis"/>
                  <SP HEIGHT="95" WIDTH="22" VPOS="607" HPOS="819"/>
                  <String HEIGHT="95" WIDTH="153" VPOS="607" HPOS="753" CONTENT="non"/>
                  <SP HEIGHT="95" WIDTH="22" VPOS="607" HPOS="906"/>
                  <String HEIGHT="95"
                          WIDTH="306"
                          VPOS="607"
                          HPOS="841"
                          CONTENT="inutiliter"/>
                  <SP HEIGHT="95" WIDTH="22" VPOS="607" HPOS="1146"/>
                  <String HEIGHT="95"
                          WIDTH="327"
                          VPOS="607"
                          HPOS="1081"
                          CONTENT="explicandum"/>
                  <SP HEIGHT="95" WIDTH="22" VPOS="607" HPOS="1408"/>
                  <String HEIGHT="95"
                          WIDTH="262"
                          VPOS="607"
                          HPOS="1343"
                          CONTENT="Spiritus"/>
                  <SP HEIGHT="95" WIDTH="22" VPOS="607" HPOS="1605"/>
                  <String HEIGHT="95"
                          WIDTH="306"
                          VPOS="607"
                          HPOS="1539"
                          CONTENT="uocabulum,"/>
                  <SP HEIGHT="95" WIDTH="22" VPOS="607" HPOS="1845"/>
                  <String HEIGHT="95" WIDTH="44" VPOS="607" HPOS="1757" CONTENT=""/>
               </TextLine>
               <TextLine ID="line_1593646593830_187"
                         BASELINE="772"
                         HEIGHT="104"
                         WIDTH="1679"
                         VPOS="668"
                         HPOS="122">
                  <String HEIGHT="104"
                          WIDTH="170"
                          VPOS="668"
                          HPOS="101"
                          CONTENT="quod"/>
                  <SP HEIGHT="104" WIDTH="21" VPOS="668" HPOS="271"/>
                  <String HEIGHT="104" WIDTH="128" VPOS="668" HPOS="207" CONTENT="id"/>
                  <SP HEIGHT="104" WIDTH="21" VPOS="668" HPOS="335"/>
                  <String HEIGHT="104" WIDTH="128" VPOS="668" HPOS="271" CONTENT="in"/>
                  <SP HEIGHT="104" WIDTH="21" VPOS="668" HPOS="398"/>
                  <String HEIGHT="104"
                          WIDTH="298"
                          VPOS="668"
                          HPOS="335"
                          CONTENT="scripturis"/>
                  <SP HEIGHT="104" WIDTH="21" VPOS="668" HPOS="632"/>
                  <String HEIGHT="104"
                          WIDTH="191"
                          VPOS="668"
                          HPOS="568"
                          CONTENT="uarie"/>
                  <SP HEIGHT="104" WIDTH="21" VPOS="668" HPOS="760"/>
                  <String HEIGHT="104" WIDTH="106" VPOS="668" HPOS="696" CONTENT="&amp;"/>
                  <SP HEIGHT="104" WIDTH="21" VPOS="668" HPOS="802"/>
                  <String HEIGHT="104"
                          WIDTH="383"
                          VPOS="668"
                          HPOS="738"
                          CONTENT="frequentissime"/>
                  <SP HEIGHT="104" WIDTH="21" VPOS="668" HPOS="1121"/>
                  <String HEIGHT="104"
                          WIDTH="298"
                          VPOS="668"
                          HPOS="1057"
                          CONTENT="usurpetur:"/>
                  <SP HEIGHT="104" WIDTH="21" VPOS="668" HPOS="1355"/>
                  <String HEIGHT="104"
                          WIDTH="170"
                          VPOS="668"
                          HPOS="1291"
                          CONTENT="unde"/>
                  <SP HEIGHT="104" WIDTH="21" VPOS="668" HPOS="1461"/>
                  <String HEIGHT="104"
                          WIDTH="149"
                          VPOS="668"
                          HPOS="1397"
                          CONTENT="non"/>
                  <SP HEIGHT="104" WIDTH="21" VPOS="668" HPOS="1546"/>
                  <String HEIGHT="104"
                          WIDTH="170"
                          VPOS="668"
                          HPOS="1482"
                          CONTENT="raro"/>
                  <SP HEIGHT="104" WIDTH="21" VPOS="668" HPOS="1652"/>
                  <String HEIGHT="104"
                          WIDTH="255"
                          VPOS="668"
                          HPOS="1588"
                          CONTENT="impinget"/>
                  <SP HEIGHT="104" WIDTH="21" VPOS="668" HPOS="1844"/>
                  <String HEIGHT="104" WIDTH="43" VPOS="668" HPOS="1758" CONTENT=""/>
               </TextLine>
               <TextLine ID="line_1593646593831_189"
                         BASELINE="823"
                         HEIGHT="92"
                         WIDTH="1683"
                         VPOS="731"
                         HPOS="115">
                  <String HEIGHT="92"
                          WIDTH="246"
                          VPOS="731"
                          HPOS="94"
                          CONTENT="grauiter"/>
                  <SP HEIGHT="92" WIDTH="21" VPOS="731" HPOS="341"/>
                  <String HEIGHT="92"
                          WIDTH="246"
                          VPOS="731"
                          HPOS="279"
                          CONTENT="quisquis"/>
                  <SP HEIGHT="92" WIDTH="21" VPOS="731" HPOS="525"/>
                  <String HEIGHT="92" WIDTH="144" VPOS="731" HPOS="464" CONTENT="uim"/>
                  <SP HEIGHT="92" WIDTH="21" VPOS="731" HPOS="608"/>
                  <String HEIGHT="92"
                          WIDTH="164"
                          VPOS="731"
                          HPOS="546"
                          CONTENT="eius"/>
                  <SP HEIGHT="92" WIDTH="21" VPOS="731" HPOS="710"/>
                  <String HEIGHT="92"
                          WIDTH="185"
                          VPOS="731"
                          HPOS="649"
                          CONTENT="uocis"/>
                  <SP HEIGHT="92" WIDTH="21" VPOS="731" HPOS="833"/>
                  <String HEIGHT="92"
                          WIDTH="328"
                          VPOS="731"
                          HPOS="772"
                          CONTENT="ignorauerit."/>
                  <SP HEIGHT="92" WIDTH="21" VPOS="731" HPOS="1100"/>
                  <String HEIGHT="92"
                          WIDTH="246"
                          VPOS="731"
                          HPOS="1039"
                          CONTENT="Spiritus"/>
                  <SP HEIGHT="92" WIDTH="21" VPOS="731" HPOS="1285"/>
                  <String HEIGHT="92"
                          WIDTH="226"
                          VPOS="731"
                          HPOS="1223"
                          CONTENT="proprie"/>
                  <SP HEIGHT="92" WIDTH="21" VPOS="731" HPOS="1449"/>
                  <String HEIGHT="92"
                          WIDTH="164"
                          VPOS="731"
                          HPOS="1388"
                          CONTENT="nota"/>
                  <SP HEIGHT="92" WIDTH="21" VPOS="731" HPOS="1552"/>
                  <String HEIGHT="92"
                          WIDTH="144"
                          VPOS="731"
                          HPOS="1490"
                          CONTENT="est"/>
                  <SP HEIGHT="92" WIDTH="21" VPOS="731" HPOS="1634"/>
                  <String HEIGHT="92"
                          WIDTH="267"
                          VPOS="731"
                          HPOS="1572"
                          CONTENT="elementi,"/>
                  <SP HEIGHT="92" WIDTH="21" VPOS="731" HPOS="1839"/>
                  <String HEIGHT="92" WIDTH="41" VPOS="731" HPOS="1757" CONTENT=""/>
               </TextLine>
               <TextLine ID="line_1593646593833_191"
                         BASELINE="877"
                         HEIGHT="95"
                         WIDTH="1690"
                         VPOS="782"
                         HPOS="108">
                  <String HEIGHT="95"
                          WIDTH="313"
                          VPOS="782"
                          HPOS="87"
                          CONTENT="significans"/>
                  <SP HEIGHT="95" WIDTH="21" VPOS="782" HPOS="400"/>
                  <String HEIGHT="95"
                          WIDTH="209"
                          VPOS="782"
                          HPOS="338"
                          CONTENT="aerem,"/>
                  <SP HEIGHT="95" WIDTH="21" VPOS="782" HPOS="546"/>
                  <String HEIGHT="95"
                          WIDTH="230"
                          VPOS="782"
                          HPOS="484"
                          CONTENT="uentum,"/>
                  <SP HEIGHT="95" WIDTH="21" VPOS="782" HPOS="713"/>
                  <String HEIGHT="95"
                          WIDTH="250"
                          VPOS="782"
                          HPOS="650"
                          CONTENT="halitum."/>
                  <SP HEIGHT="95" WIDTH="21" VPOS="782" HPOS="901"/>
                  <String HEIGHT="95" WIDTH="125" VPOS="782" HPOS="838" CONTENT="Ea"/>
                  <SP HEIGHT="95" WIDTH="21" VPOS="782" HPOS="963"/>
                  <String HEIGHT="95"
                          WIDTH="376"
                          VPOS="782"
                          HPOS="901"
                          CONTENT="significatione"/>
                  <SP HEIGHT="95" WIDTH="21" VPOS="782" HPOS="1276"/>
                  <String HEIGHT="95"
                          WIDTH="209"
                          VPOS="782"
                          HPOS="1214"
                          CONTENT="dictum"/>
                  <SP HEIGHT="95" WIDTH="21" VPOS="782" HPOS="1422"/>
                  <String HEIGHT="95"
                          WIDTH="230"
                          VPOS="782"
                          HPOS="1360"
                          CONTENT="legimus"/>
                  <SP HEIGHT="95" WIDTH="21" VPOS="782" HPOS="1589"/>
                  <String HEIGHT="95" WIDTH="104" VPOS="782" HPOS="1527" CONTENT="a"/>
                  <SP HEIGHT="95" WIDTH="21" VPOS="782" HPOS="1631"/>
                  <String HEIGHT="95"
                          WIDTH="250"
                          VPOS="782"
                          HPOS="1548"
                          CONTENT="saluatore,"/>
               </TextLine>
               <TextLine ID="line_1593646593834_193"
                         BASELINE="945"
                         HEIGHT="114"
                         WIDTH="1677"
                         VPOS="831"
                         HPOS="120">
                  <String HEIGHT="114"
                          WIDTH="248"
                          VPOS="831"
                          HPOS="99"
                          CONTENT="Spiritus"/>
                  <SP HEIGHT="114" WIDTH="21" VPOS="831" HPOS="348"/>
                  <String HEIGHT="114"
                          WIDTH="145"
                          VPOS="831"
                          HPOS="286"
                          CONTENT="ubi"/>
                  <SP HEIGHT="114" WIDTH="21" VPOS="831" HPOS="431"/>
                  <String HEIGHT="114"
                          WIDTH="166"
                          VPOS="831"
                          HPOS="368"
                          CONTENT="uult"/>
                  <SP HEIGHT="114" WIDTH="21" VPOS="831" HPOS="534"/>
                  <String HEIGHT="114"
                          WIDTH="228"
                          VPOS="831"
                          HPOS="472"
                          CONTENT="spirat,"/>
                  <SP HEIGHT="114" WIDTH="21" VPOS="831" HPOS="700"/>
                  <String HEIGHT="114" WIDTH="104" VPOS="831" HPOS="638" CONTENT="&amp;"/>
                  <SP HEIGHT="114" WIDTH="21" VPOS="831" HPOS="741"/>
                  <String HEIGHT="114"
                          WIDTH="186"
                          VPOS="831"
                          HPOS="679"
                          CONTENT="uocem"/>
                  <SP HEIGHT="114" WIDTH="21" VPOS="831" HPOS="865"/>
                  <String HEIGHT="114"
                          WIDTH="166"
                          VPOS="831"
                          HPOS="803"
                          CONTENT="eius"/>
                  <SP HEIGHT="114" WIDTH="21" VPOS="831" HPOS="969"/>
                  <String HEIGHT="114"
                          WIDTH="207"
                          VPOS="831"
                          HPOS="907"
                          CONTENT="audis,"/>
                  <SP HEIGHT="114" WIDTH="21" VPOS="831" HPOS="1114"/>
                  <String HEIGHT="114"
                          WIDTH="145"
                          VPOS="831"
                          HPOS="1052"
                          CONTENT="sed"/>
                  <SP HEIGHT="114" WIDTH="21" VPOS="831" HPOS="1197"/>
                  <String HEIGHT="114"
                          WIDTH="207"
                          VPOS="831"
                          HPOS="1134"
                          CONTENT="nescis"/>
                  <SP HEIGHT="114" WIDTH="21" VPOS="831" HPOS="1342"/>
                  <String HEIGHT="114"
                          WIDTH="166"
                          VPOS="831"
                          HPOS="1279"
                          CONTENT="unde"/>
                  <SP HEIGHT="114" WIDTH="21" VPOS="831" HPOS="1445"/>
                  <String HEIGHT="114"
                          WIDTH="228"
                          VPOS="831"
                          HPOS="1383"
                          CONTENT="ueniat,"/>
                  <SP HEIGHT="114" WIDTH="21" VPOS="831" HPOS="1611"/>
                  <String HEIGHT="114"
                          WIDTH="145"
                          VPOS="831"
                          HPOS="1549"
                          CONTENT="aut"/>
                  <SP HEIGHT="114" WIDTH="21" VPOS="831" HPOS="1693"/>
                  <String HEIGHT="114"
                          WIDTH="145"
                          VPOS="831"
                          HPOS="1631"
                          CONTENT="quo"/>
                  <SP HEIGHT="114" WIDTH="21" VPOS="831" HPOS="1776"/>
                  <String HEIGHT="114"
                          WIDTH="104"
                          VPOS="831"
                          HPOS="1693"
                          CONTENT="ua"
                          SUBS_TYPE="HypPart1"
                          SUBS_CONTENT="uadat."/>
                  <HYP CONTENT="-"/>
               </TextLine>
               <TextLine ID="line_1593646593835_195"
                         BASELINE="991"
                         HEIGHT="96"
                         WIDTH="1684"
                         VPOS="895"
                         HPOS="111">
                  <String HEIGHT="96"
                          WIDTH="164"
                          VPOS="895"
                          HPOS="90"
                          CONTENT="dat."
                          SUBS_TYPE="HypPart2"
                          SUBS_CONTENT="uadat."/>
                  <SP HEIGHT="96" WIDTH="21" VPOS="895" HPOS="255"/>
                  <String HEIGHT="96" WIDTH="123" VPOS="895" HPOS="193" CONTENT="Et"/>
                  <SP HEIGHT="96" WIDTH="21" VPOS="895" HPOS="316"/>
                  <String HEIGHT="96"
                          WIDTH="226"
                          VPOS="895"
                          HPOS="255"
                          CONTENT="Paulus,"/>
                  <SP HEIGHT="96" WIDTH="21" VPOS="895" HPOS="481"/>
                  <String HEIGHT="96" WIDTH="123" VPOS="895" HPOS="419" CONTENT="Si"/>
                  <SP HEIGHT="96" WIDTH="21" VPOS="895" HPOS="542"/>
                  <String HEIGHT="96"
                          WIDTH="164"
                          VPOS="895"
                          HPOS="481"
                          CONTENT="orem"/>
                  <SP HEIGHT="96" WIDTH="21" VPOS="895" HPOS="645"/>
                  <String HEIGHT="96"
                          WIDTH="226"
                          VPOS="895"
                          HPOS="583"
                          CONTENT="lingua,"/>
                  <SP HEIGHT="96" WIDTH="21" VPOS="895" HPOS="809"/>
                  <String HEIGHT="96"
                          WIDTH="226"
                          VPOS="895"
                          HPOS="748"
                          CONTENT="inquit,"/>
                  <SP HEIGHT="96" WIDTH="21" VPOS="895" HPOS="974"/>
                  <String HEIGHT="96"
                          WIDTH="246"
                          VPOS="895"
                          HPOS="912"
                          CONTENT="spiritus"/>
                  <SP HEIGHT="96" WIDTH="21" VPOS="895" HPOS="1158"/>
                  <String HEIGHT="96"
                          WIDTH="164"
                          VPOS="895"
                          HPOS="1097"
                          CONTENT="meus"/>
                  <SP HEIGHT="96" WIDTH="21" VPOS="895" HPOS="1261"/>
                  <String HEIGHT="96"
                          WIDTH="185"
                          VPOS="895"
                          HPOS="1199"
                          CONTENT="orat,"/>
                  <SP HEIGHT="96" WIDTH="21" VPOS="895" HPOS="1384"/>
                  <String HEIGHT="96" WIDTH="123" VPOS="895" HPOS="1323" CONTENT="at"/>
                  <SP HEIGHT="96" WIDTH="21" VPOS="895" HPOS="1446"/>
                  <String HEIGHT="96"
                          WIDTH="164"
                          VPOS="895"
                          HPOS="1384"
                          CONTENT="mens"/>
                  <SP HEIGHT="96" WIDTH="21" VPOS="895" HPOS="1549"/>
                  <String HEIGHT="96"
                          WIDTH="144"
                          VPOS="895"
                          HPOS="1487"
                          CONTENT="mea"/>
                  <SP HEIGHT="96" WIDTH="21" VPOS="895" HPOS="1631"/>
                  <String HEIGHT="96"
                          WIDTH="205"
                          VPOS="895"
                          HPOS="1569"
                          CONTENT="fructu"/>
                  <SP HEIGHT="96" WIDTH="21" VPOS="895" HPOS="1774"/>
                  <String HEIGHT="96"
                          WIDTH="103"
                          VPOS="895"
                          HPOS="1692"
                          CONTENT="ua"
                          SUBS_TYPE="HypPart1"
                          SUBS_CONTENT="uacat."/>
                  <HYP CONTENT="-"/>
               </TextLine>
               <TextLine ID="r1l15"
                         BASELINE="1032"
                         HEIGHT="74"
                         WIDTH="1661"
                         VPOS="958"
                         HPOS="109">
                  <String HEIGHT="74"
                          WIDTH="170"
                          VPOS="958"
                          HPOS="88"
                          CONTENT="cat."
                          SUBS_TYPE="HypPart2"
                          SUBS_CONTENT="uacat."/>
                  <SP HEIGHT="74" WIDTH="21" VPOS="958" HPOS="258"/>
                  <String HEIGHT="74" WIDTH="128" VPOS="958" HPOS="194" CONTENT="En"/>
                  <SP HEIGHT="74" WIDTH="21" VPOS="958" HPOS="322"/>
                  <String HEIGHT="74"
                          WIDTH="256"
                          VPOS="958"
                          HPOS="258"
                          CONTENT="spiritum"/>
                  <SP HEIGHT="74" WIDTH="21" VPOS="958" HPOS="514"/>
                  <String HEIGHT="74"
                          WIDTH="234"
                          VPOS="958"
                          HPOS="450"
                          CONTENT="usurpat"/>
                  <SP HEIGHT="74" WIDTH="21" VPOS="958" HPOS="684"/>
                  <String HEIGHT="74"
                          WIDTH="277"
                          VPOS="958"
                          HPOS="620"
                          CONTENT="apostolus"/>
                  <SP HEIGHT="74" WIDTH="21" VPOS="958" HPOS="897"/>
                  <String HEIGHT="74" WIDTH="149" VPOS="958" HPOS="833" CONTENT="pro"/>
                  <SP HEIGHT="74" WIDTH="21" VPOS="958" HPOS="982"/>
                  <String HEIGHT="74"
                          WIDTH="192"
                          VPOS="958"
                          HPOS="918"
                          CONTENT="fsatu"/>
                  <SP HEIGHT="74" WIDTH="21" VPOS="958" HPOS="1110"/>
                  <String HEIGHT="74"
                          WIDTH="149"
                          VPOS="958"
                          HPOS="1046"
                          CONTENT="uel"/>
                  <SP HEIGHT="74" WIDTH="21" VPOS="958" HPOS="1195"/>
                  <String HEIGHT="74"
                          WIDTH="192"
                          VPOS="958"
                          HPOS="1131"
                          CONTENT="uoce."/>
                  <SP HEIGHT="74" WIDTH="21" VPOS="958" HPOS="1323"/>
                  <String HEIGHT="74"
                          WIDTH="149"
                          VPOS="958"
                          HPOS="1259"
                          CONTENT="Nam"/>
                  <SP HEIGHT="74" WIDTH="21" VPOS="958" HPOS="1408"/>
                  <String HEIGHT="74"
                          WIDTH="234"
                          VPOS="958"
                          HPOS="1344"
                          CONTENT="linguae"/>
                  <SP HEIGHT="74" WIDTH="21" VPOS="958" HPOS="1578"/>
                  <String HEIGHT="74"
                          WIDTH="277"
                          VPOS="958"
                          HPOS="1514"
                          CONTENT="subiungit"/>
                  <SP HEIGHT="74" WIDTH="21" VPOS="958" HPOS="1791"/>
                  <String HEIGHT="74" WIDTH="64" VPOS="958" HPOS="1706" CONTENT="&amp;"/>
               </TextLine>
               <TextLine ID="r1l16"
                         BASELINE="1099"
                         HEIGHT="91"
                         WIDTH="1650"
                         VPOS="1008"
                         HPOS="113">
                  <String HEIGHT="91"
                          WIDTH="201"
                          VPOS="1008"
                          HPOS="91"
                          CONTENT="menti"/>
                  <SP HEIGHT="91" WIDTH="22" VPOS="1008" HPOS="291"/>
                  <String HEIGHT="91"
                          WIDTH="268"
                          VPOS="1008"
                          HPOS="224"
                          CONTENT="opponit."/>
                  <SP HEIGHT="91" WIDTH="22" VPOS="1008" HPOS="492"/>
                  <String HEIGHT="91"
                          WIDTH="156"
                          VPOS="1008"
                          HPOS="425"
                          CONTENT="Per"/>
                  <SP HEIGHT="91" WIDTH="22" VPOS="1008" HPOS="581"/>
                  <String HEIGHT="91"
                          WIDTH="312"
                          VPOS="1008"
                          HPOS="514"
                          CONTENT="metaphoram"/>
                  <SP HEIGHT="91" WIDTH="22" VPOS="1008" HPOS="827"/>
                  <String HEIGHT="91"
                          WIDTH="334"
                          VPOS="1008"
                          HPOS="760"
                          CONTENT="transfertur"/>
                  <SP HEIGHT="91" WIDTH="22" VPOS="1008" HPOS="1094"/>
                  <String HEIGHT="91"
                          WIDTH="134"
                          VPOS="1008"
                          HPOS="1027"
                          CONTENT="ad"/>
                  <SP HEIGHT="91" WIDTH="22" VPOS="1008" HPOS="1161"/>
                  <String HEIGHT="91"
                          WIDTH="201"
                          VPOS="1008"
                          HPOS="1094"
                          CONTENT="omnem"/>
                  <SP HEIGHT="91" WIDTH="22" VPOS="1008" HPOS="1295"/>
                  <String HEIGHT="91"
                          WIDTH="334"
                          VPOS="1008"
                          HPOS="1228"
                          CONTENT="incorpoream"/>
                  <SP HEIGHT="91" WIDTH="22" VPOS="1008" HPOS="1562"/>
                  <String HEIGHT="91"
                          WIDTH="290"
                          VPOS="1008"
                          HPOS="1473"
                          CONTENT="substantiam"/>
               </TextLine>
               <TextLine ID="line_1593646593839_197"
                         BASELINE="1151"
                         HEIGHT="95"
                         WIDTH="1677"
                         VPOS="1056"
                         HPOS="115">
                  <String HEIGHT="95"
                          WIDTH="348"
                          VPOS="1056"
                          HPOS="93"
                          CONTENT="opponiturque"/>
                  <SP HEIGHT="95" WIDTH="22" VPOS="1056" HPOS="442"/>
                  <String HEIGHT="95"
                          WIDTH="261"
                          VPOS="1056"
                          HPOS="376"
                          CONTENT="corpori."/>
                  <SP HEIGHT="95" WIDTH="22" VPOS="1056" HPOS="638"/>
                  <String HEIGHT="95"
                          WIDTH="261"
                          VPOS="1056"
                          HPOS="572"
                          CONTENT="Spiritus"/>
                  <SP HEIGHT="95" WIDTH="22" VPOS="1056" HPOS="834"/>
                  <String HEIGHT="95"
                          WIDTH="174"
                          VPOS="1056"
                          HPOS="768"
                          CONTENT="ergo"/>
                  <SP HEIGHT="95" WIDTH="22" VPOS="1056" HPOS="943"/>
                  <String HEIGHT="95"
                          WIDTH="305"
                          VPOS="1056"
                          HPOS="877"
                          CONTENT="significat"/>
                  <SP HEIGHT="95" WIDTH="22" VPOS="1056" HPOS="1182"/>
                  <String HEIGHT="95"
                          WIDTH="240"
                          VPOS="1056"
                          HPOS="1117"
                          CONTENT="angelum"/>
                  <SP HEIGHT="95" WIDTH="22" VPOS="1056" HPOS="1356"/>
                  <String HEIGHT="95"
                          WIDTH="174"
                          VPOS="1056"
                          HPOS="1291"
                          CONTENT="siue"/>
                  <SP HEIGHT="95" WIDTH="22" VPOS="1056" HPOS="1465"/>
                  <String HEIGHT="95"
                          WIDTH="196"
                          VPOS="1056"
                          HPOS="1400"
                          CONTENT="bonum"/>
                  <SP HEIGHT="95" WIDTH="22" VPOS="1056" HPOS="1596"/>
                  <String HEIGHT="95"
                          WIDTH="174"
                          VPOS="1056"
                          HPOS="1531"
                          CONTENT="siue"/>
                  <SP HEIGHT="95" WIDTH="22" VPOS="1056" HPOS="1705"/>
                  <String HEIGHT="95"
                          WIDTH="174"
                          VPOS="1056"
                          HPOS="1618"
                          CONTENT="malum."/>
               </TextLine>
               <TextLine ID="r1l18"
                         BASELINE="1213"
                         HEIGHT="105"
                         WIDTH="1663"
                         VPOS="1108"
                         HPOS="109">
                  <String HEIGHT="105"
                          WIDTH="246"
                          VPOS="1108"
                          HPOS="88"
                          CONTENT="Propheta"/>
                  <SP HEIGHT="105" WIDTH="21" VPOS="1108" HPOS="335"/>
                  <String HEIGHT="105"
                          WIDTH="185"
                          VPOS="1108"
                          HPOS="273"
                          CONTENT="enim,"/>
                  <SP HEIGHT="105" WIDTH="21" VPOS="1108" HPOS="458"/>
                  <String HEIGHT="105"
                          WIDTH="164"
                          VPOS="1108"
                          HPOS="396"
                          CONTENT="quod"/>
                  <SP HEIGHT="105" WIDTH="21" VPOS="1108" HPOS="561"/>
                  <String HEIGHT="105" WIDTH="103" VPOS="1108" HPOS="499" CONTENT="&amp;"/>
                  <SP HEIGHT="105" WIDTH="21" VPOS="1108" HPOS="602"/>
                  <String HEIGHT="105"
                          WIDTH="205"
                          VPOS="1108"
                          HPOS="540"
                          CONTENT="Paulus"/>
                  <SP HEIGHT="105" WIDTH="21" VPOS="1108" HPOS="745"/>
                  <String HEIGHT="105"
                          WIDTH="267"
                          VPOS="1108"
                          HPOS="684"
                          CONTENT="repetijt,"/>
                  <SP HEIGHT="105" WIDTH="21" VPOS="1108" HPOS="951"/>
                  <String HEIGHT="105"
                          WIDTH="205"
                          VPOS="1108"
                          HPOS="889"
                          CONTENT="dixit:"/>
                  <SP HEIGHT="105" WIDTH="21" VPOS="1108" HPOS="1094"/>
                  <String HEIGHT="105"
                          WIDTH="144"
                          VPOS="1108"
                          HPOS="1033"
                          CONTENT="Qui"/>
                  <SP HEIGHT="105" WIDTH="21" VPOS="1108" HPOS="1177"/>
                  <String HEIGHT="105"
                          WIDTH="185"
                          VPOS="1108"
                          HPOS="1115"
                          CONTENT="facit"/>
                  <SP HEIGHT="105" WIDTH="21" VPOS="1108" HPOS="1300"/>
                  <String HEIGHT="105"
                          WIDTH="226"
                          VPOS="1108"
                          HPOS="1238"
                          CONTENT="angelos"/>
                  <SP HEIGHT="105" WIDTH="21" VPOS="1108" HPOS="1464"/>
                  <String HEIGHT="105"
                          WIDTH="164"
                          VPOS="1108"
                          HPOS="1402"
                          CONTENT="suos"/>
                  <SP HEIGHT="105" WIDTH="21" VPOS="1108" HPOS="1567"/>
                  <String HEIGHT="105"
                          WIDTH="267"
                          VPOS="1108"
                          HPOS="1505"
                          CONTENT="spiritus,"/>
                  <SP HEIGHT="105" WIDTH="21" VPOS="1108" HPOS="1772"/>
                  <String HEIGHT="105"
                          WIDTH="103"
                          VPOS="1108"
                          HPOS="1710"
                          CONTENT="&amp;"/>
                  <SP HEIGHT="105" WIDTH="21" VPOS="1108" HPOS="1813"/>
                  <String HEIGHT="105" WIDTH="41" VPOS="1108" HPOS="1731" CONTENT=""/>
               </TextLine>
               <TextLine ID="r1l20"
                         BASELINE="1271"
                         HEIGHT="94"
                         WIDTH="1662"
                         VPOS="1177"
                         HPOS="103">
                  <String HEIGHT="94"
                          WIDTH="273"
                          VPOS="1177"
                          HPOS="82"
                          CONTENT="ministros"/>
                  <SP HEIGHT="94" WIDTH="21" VPOS="1177" HPOS="355"/>
                  <String HEIGHT="94"
                          WIDTH="168"
                          VPOS="1177"
                          HPOS="292"
                          CONTENT="suos"/>
                  <SP HEIGHT="94" WIDTH="21" VPOS="1177" HPOS="461"/>
                  <String HEIGHT="94"
                          WIDTH="231"
                          VPOS="1177"
                          HPOS="398"
                          CONTENT="fiammam"/>
                  <SP HEIGHT="94" WIDTH="21" VPOS="1177" HPOS="629"/>
                  <String HEIGHT="94"
                          WIDTH="210"
                          VPOS="1177"
                          HPOS="566"
                          CONTENT="ignis."/>
                  <SP HEIGHT="94" WIDTH="21" VPOS="1177" HPOS="776"/>
                  <String HEIGHT="94"
                          WIDTH="189"
                          VPOS="1177"
                          HPOS="713"
                          CONTENT="Item,"/>
                  <SP HEIGHT="94" WIDTH="21" VPOS="1177" HPOS="902"/>
                  <String HEIGHT="94"
                          WIDTH="189"
                          VPOS="1177"
                          HPOS="839"
                          CONTENT="Nonne"/>
                  <SP HEIGHT="94" WIDTH="21" VPOS="1177" HPOS="1029"/>
                  <String HEIGHT="94"
                          WIDTH="168"
                          VPOS="1177"
                          HPOS="966"
                          CONTENT="sunt"/>
                  <SP HEIGHT="94" WIDTH="21" VPOS="1177" HPOS="1134"/>
                  <String HEIGHT="94"
                          WIDTH="189"
                          VPOS="1177"
                          HPOS="1071"
                          CONTENT="omnes"/>
                  <SP HEIGHT="94" WIDTH="21" VPOS="1177" HPOS="1260"/>
                  <String HEIGHT="94"
                          WIDTH="400"
                          VPOS="1177"
                          HPOS="1197"
                          CONTENT="administratorij"/>
                  <SP HEIGHT="94" WIDTH="21" VPOS="1177" HPOS="1597"/>
                  <String HEIGHT="94"
                          WIDTH="273"
                          VPOS="1177"
                          HPOS="1534"
                          CONTENT="spiritus?"/>
                  <SP HEIGHT="94" WIDTH="21" VPOS="1177" HPOS="1807"/>
                  <String HEIGHT="94" WIDTH="42" VPOS="1177" HPOS="1723" CONTENT=""/>
               </TextLine>
               <TextLine ID="r1l22"
                         BASELINE="1322"
                         HEIGHT="99"
                         WIDTH="1637"
                         VPOS="1223"
                         HPOS="116">
                  <String HEIGHT="99"
                          WIDTH="166"
                          VPOS="1223"
                          HPOS="95"
                          CONTENT="Haec"/>
                  <SP HEIGHT="99" WIDTH="21" VPOS="1223" HPOS="261"/>
                  <String HEIGHT="99"
                          WIDTH="290"
                          VPOS="1223"
                          HPOS="199"
                          CONTENT="testimonia"/>
                  <SP HEIGHT="99" WIDTH="21" VPOS="1223" HPOS="489"/>
                  <String HEIGHT="99" WIDTH="124" VPOS="1223" HPOS="427" CONTENT="de"/>
                  <SP HEIGHT="99" WIDTH="21" VPOS="1223" HPOS="551"/>
                  <String HEIGHT="99"
                          WIDTH="186"
                          VPOS="1223"
                          HPOS="489"
                          CONTENT="bonis"/>
                  <SP HEIGHT="99" WIDTH="21" VPOS="1223" HPOS="675"/>
                  <String HEIGHT="99"
                          WIDTH="373"
                          VPOS="1223"
                          HPOS="613"
                          CONTENT="intelliguntur:"/>
                  <SP HEIGHT="99" WIDTH="21" VPOS="1223" HPOS="986"/>
                  <String HEIGHT="99"
                          WIDTH="207"
                          VPOS="1223"
                          HPOS="924"
                          CONTENT="quando"/>
                  <SP HEIGHT="99" WIDTH="21" VPOS="1223" HPOS="1131"/>
                  <String HEIGHT="99"
                          WIDTH="124"
                          VPOS="1223"
                          HPOS="1069"
                          CONTENT="de"/>
                  <SP HEIGHT="99" WIDTH="21" VPOS="1223" HPOS="1194"/>
                  <String HEIGHT="99"
                          WIDTH="186"
                          VPOS="1223"
                          HPOS="1131"
                          CONTENT="malis"/>
                  <SP HEIGHT="99" WIDTH="21" VPOS="1223" HPOS="1318"/>
                  <String HEIGHT="99"
                          WIDTH="249"
                          VPOS="1223"
                          HPOS="1256"
                          CONTENT="loquitur"/>
                  <SP HEIGHT="99" WIDTH="21" VPOS="1223" HPOS="1504"/>
                  <String HEIGHT="99"
                          WIDTH="290"
                          VPOS="1223"
                          HPOS="1442"
                          CONTENT="scriptura,"/>
                  <SP HEIGHT="99" WIDTH="21" VPOS="1223" HPOS="1732"/>
                  <String HEIGHT="99"
                          WIDTH="104"
                          VPOS="1223"
                          HPOS="1649"
                          CONTENT="fer"/>
               </TextLine>
               <TextLine ID="r1l24"
                         BASELINE="1371"
                         HEIGHT="82"
                         WIDTH="1644"
                         VPOS="1289"
                         HPOS="113">
                  <String HEIGHT="82"
                          WIDTH="190"
                          VPOS="1289"
                          HPOS="92"
                          CONTENT="addit"/>
                  <SP HEIGHT="82" WIDTH="21" VPOS="1289" HPOS="282"/>
                  <String HEIGHT="82"
                          WIDTH="253"
                          VPOS="1289"
                          HPOS="218"
                          CONTENT="aliquid,"/>
                  <SP HEIGHT="82" WIDTH="21" VPOS="1289" HPOS="471"/>
                  <String HEIGHT="82" WIDTH="126" VPOS="1289" HPOS="408" CONTENT="ut"/>
                  <SP HEIGHT="82" WIDTH="21" VPOS="1289" HPOS="535"/>
                  <String HEIGHT="82"
                          WIDTH="253"
                          VPOS="1289"
                          HPOS="471"
                          CONTENT="spiritus"/>
                  <SP HEIGHT="82" WIDTH="21" VPOS="1289" HPOS="724"/>
                  <String HEIGHT="82"
                          WIDTH="211"
                          VPOS="1289"
                          HPOS="661"
                          CONTENT="malus,"/>
                  <SP HEIGHT="82" WIDTH="21" VPOS="1289" HPOS="872"/>
                  <String HEIGHT="82"
                          WIDTH="148"
                          VPOS="1289"
                          HPOS="809"
                          CONTENT="uel"/>
                  <SP HEIGHT="82" WIDTH="21" VPOS="1289" HPOS="956"/>
                  <String HEIGHT="82"
                          WIDTH="253"
                          VPOS="1289"
                          HPOS="893"
                          CONTENT="spiritus"/>
                  <SP HEIGHT="82" WIDTH="21" VPOS="1289" HPOS="1146"/>
                  <String HEIGHT="82"
                          WIDTH="274"
                          VPOS="1289"
                          HPOS="1083"
                          CONTENT="immundus."/>
                  <SP HEIGHT="82" WIDTH="21" VPOS="1289" HPOS="1357"/>
                  <String HEIGHT="82"
                          WIDTH="295"
                          VPOS="1289"
                          HPOS="1293"
                          CONTENT="Appellamus"/>
                  <SP HEIGHT="82" WIDTH="21" VPOS="1289" HPOS="1588"/>
                  <String HEIGHT="82" WIDTH="105" VPOS="1289" HPOS="1525" CONTENT="&amp;"/>
                  <SP HEIGHT="82" WIDTH="21" VPOS="1289" HPOS="1631"/>
                  <String HEIGHT="82"
                          WIDTH="211"
                          VPOS="1289"
                          HPOS="1546"
                          CONTENT="spectra"
                          SUBS_TYPE="HypPart1"
                          SUBS_CONTENT="spectrauel"/>
                  <HYP CONTENT="-"/>
               </TextLine>
               <TextLine ID="r1l26"
                         BASELINE="1444"
                         HEIGHT="101"
                         WIDTH="1650"
                         VPOS="1343"
                         HPOS="106">
                  <String HEIGHT="101"
                          WIDTH="141"
                          VPOS="1343"
                          HPOS="86"
                          CONTENT="uel"
                          SUBS_TYPE="HypPart2"
                          SUBS_CONTENT="spectrauel"/>
                  <SP HEIGHT="101" WIDTH="20" VPOS="1343" HPOS="227"/>
                  <String HEIGHT="101"
                          WIDTH="241"
                          VPOS="1343"
                          HPOS="166"
                          CONTENT="species,"/>
                  <SP HEIGHT="101" WIDTH="20" VPOS="1343" HPOS="408"/>
                  <String HEIGHT="101"
                          WIDTH="241"
                          VPOS="1343"
                          HPOS="347"
                          CONTENT="assumpta"/>
                  <SP HEIGHT="101" WIDTH="20" VPOS="1343" HPOS="589"/>
                  <String HEIGHT="101"
                          WIDTH="201"
                          VPOS="1343"
                          HPOS="529"
                          CONTENT="aliqua"/>
                  <SP HEIGHT="101" WIDTH="20" VPOS="1343" HPOS="730"/>
                  <String HEIGHT="101"
                          WIDTH="181"
                          VPOS="1343"
                          HPOS="669"
                          CONTENT="forma"/>
                  <SP HEIGHT="101" WIDTH="20" VPOS="1343" HPOS="851"/>
                  <String HEIGHT="101"
                          WIDTH="302"
                          VPOS="1343"
                          HPOS="790"
                          CONTENT="obscuriore,"/>
                  <SP HEIGHT="101" WIDTH="20" VPOS="1343" HPOS="1092"/>
                  <String HEIGHT="101"
                          WIDTH="262"
                          VPOS="1343"
                          HPOS="1032"
                          CONTENT="spiritus."/>
                  <SP HEIGHT="101" WIDTH="20" VPOS="1343" HPOS="1293"/>
                  <String HEIGHT="101"
                          WIDTH="141"
                          VPOS="1343"
                          HPOS="1233"
                          CONTENT="Sic"/>
                  <SP HEIGHT="101" WIDTH="20" VPOS="1343" HPOS="1374"/>
                  <String HEIGHT="101"
                          WIDTH="241"
                          VPOS="1343"
                          HPOS="1313"
                          CONTENT="apostoli"/>
                  <SP HEIGHT="101" WIDTH="20" VPOS="1343" HPOS="1555"/>
                  <String HEIGHT="101"
                          WIDTH="141"
                          VPOS="1343"
                          HPOS="1494"
                          CONTENT="non"/>
                  <SP HEIGHT="101" WIDTH="20" VPOS="1343" HPOS="1635"/>
                  <String HEIGHT="101"
                          WIDTH="201"
                          VPOS="1343"
                          HPOS="1555"
                          CONTENT="credente"/>
               </TextLine>
               <TextLine ID="line_1593646593841_199"
                         BASELINE="1481"
                         HEIGHT="88"
                         WIDTH="1677"
                         VPOS="1393"
                         HPOS="107">
                  <String HEIGHT="88"
                          WIDTH="358"
                          VPOS="1393"
                          HPOS="85"
                          CONTENT="resurrexisse"/>
                  <SP HEIGHT="88" WIDTH="22" VPOS="1393" HPOS="442"/>
                  <String HEIGHT="88"
                          WIDTH="179"
                          VPOS="1393"
                          HPOS="375"
                          CONTENT="uero"/>
                  <SP HEIGHT="88" WIDTH="22" VPOS="1393" HPOS="554"/>
                  <String HEIGHT="88"
                          WIDTH="157"
                          VPOS="1393"
                          HPOS="487"
                          CONTENT="suo"/>
                  <SP HEIGHT="88" WIDTH="22" VPOS="1393" HPOS="644"/>
                  <String HEIGHT="88"
                          WIDTH="246"
                          VPOS="1393"
                          HPOS="577"
                          CONTENT="corpore"/>
                  <SP HEIGHT="88" WIDTH="22" VPOS="1393" HPOS="823"/>
                  <String HEIGHT="88"
                          WIDTH="268"
                          VPOS="1393"
                          HPOS="755"
                          CONTENT="dominum,"/>
                  <SP HEIGHT="88" WIDTH="22" VPOS="1393" HPOS="1024"/>
                  <String HEIGHT="88"
                          WIDTH="201"
                          VPOS="1393"
                          HPOS="957"
                          CONTENT="ipsum"/>
                  <SP HEIGHT="88" WIDTH="22" VPOS="1393" HPOS="1158"/>
                  <String HEIGHT="88"
                          WIDTH="224"
                          VPOS="1393"
                          HPOS="1091"
                          CONTENT="quidem"/>
                  <SP HEIGHT="88" WIDTH="22" VPOS="1393" HPOS="1314"/>
                  <String HEIGHT="88"
                          WIDTH="291"
                          VPOS="1393"
                          HPOS="1247"
                          CONTENT="uidentes,"/>
                  <SP HEIGHT="88" WIDTH="22" VPOS="1393" HPOS="1538"/>
                  <String HEIGHT="88"
                          WIDTH="358"
                          VPOS="1393"
                          HPOS="1471"
                          CONTENT="existimarunt"/>
                  <SP HEIGHT="88" WIDTH="22" VPOS="1393" HPOS="1829"/>
                  <String HEIGHT="88" WIDTH="45" VPOS="1393" HPOS="1739" CONTENT=""/>
               </TextLine>
               <TextLine ID="r1l29"
                         BASELINE="1547"
                         HEIGHT="101"
                         WIDTH="1658"
                         VPOS="1446"
                         HPOS="106">
                  <String HEIGHT="101" WIDTH="124" VPOS="1446" HPOS="85" CONTENT="se"/>
                  <SP HEIGHT="101" WIDTH="21" VPOS="1446" HPOS="210"/>
                  <String HEIGHT="101"
                          WIDTH="207"
                          VPOS="1446"
                          HPOS="147"
                          CONTENT="uidere"/>
                  <SP HEIGHT="101" WIDTH="21" VPOS="1446" HPOS="355"/>
                  <String HEIGHT="101"
                          WIDTH="269"
                          VPOS="1446"
                          HPOS="293"
                          CONTENT="spiritum."/>
                  <SP HEIGHT="101" WIDTH="21" VPOS="1446" HPOS="562"/>
                  <String HEIGHT="101"
                          WIDTH="207"
                          VPOS="1446"
                          HPOS="500"
                          CONTENT="Quibus"/>
                  <SP HEIGHT="101" WIDTH="21" VPOS="1446" HPOS="707"/>
                  <String HEIGHT="101"
                          WIDTH="166"
                          VPOS="1446"
                          HPOS="645"
                          CONTENT="ille"/>
                  <SP HEIGHT="101" WIDTH="21" VPOS="1446" HPOS="811"/>
                  <String HEIGHT="101"
                          WIDTH="187"
                          VPOS="1446"
                          HPOS="748"
                          CONTENT="pedes"/>
                  <SP HEIGHT="101" WIDTH="21" VPOS="1446" HPOS="935"/>
                  <String HEIGHT="101" WIDTH="104" VPOS="1446" HPOS="873" CONTENT="&amp;"/>
                  <SP HEIGHT="101" WIDTH="21" VPOS="1446" HPOS="976"/>
                  <String HEIGHT="101"
                          WIDTH="187"
                          VPOS="1446"
                          HPOS="914"
                          CONTENT="manus"/>
                  <SP HEIGHT="101" WIDTH="21" VPOS="1446" HPOS="1101"/>
                  <String HEIGHT="101"
                          WIDTH="290"
                          VPOS="1446"
                          HPOS="1039"
                          CONTENT="ostendens,"/>
                  <SP HEIGHT="101" WIDTH="21" VPOS="1446" HPOS="1329"/>
                  <String HEIGHT="101"
                          WIDTH="207"
                          VPOS="1446"
                          HPOS="1267"
                          CONTENT="addit,"/>
                  <SP HEIGHT="101" WIDTH="21" VPOS="1446" HPOS="1474"/>
                  <String HEIGHT="101"
                          WIDTH="249"
                          VPOS="1446"
                          HPOS="1412"
                          CONTENT="Spiritus"/>
                  <SP HEIGHT="101" WIDTH="21" VPOS="1446" HPOS="1660"/>
                  <String HEIGHT="101"
                          WIDTH="207"
                          VPOS="1446"
                          HPOS="1598"
                          CONTENT="carnem"/>
                  <SP HEIGHT="101" WIDTH="21" VPOS="1446" HPOS="1805"/>
                  <String HEIGHT="101" WIDTH="41" VPOS="1446" HPOS="1723" CONTENT=""/>
               </TextLine>
               <TextLine ID="line_1593646593842_201"
                         BASELINE="1605"
                         HEIGHT="105"
                         WIDTH="1673"
                         VPOS="1500"
                         HPOS="109">
                  <String HEIGHT="105" WIDTH="106" VPOS="1500" HPOS="88" CONTENT="&amp;"/>
                  <SP HEIGHT="105" WIDTH="21" VPOS="1500" HPOS="194"/>
                  <String HEIGHT="105"
                          WIDTH="169"
                          VPOS="1500"
                          HPOS="130"
                          CONTENT="ossa"/>
                  <SP HEIGHT="105" WIDTH="21" VPOS="1500" HPOS="300"/>
                  <String HEIGHT="105"
                          WIDTH="148"
                          VPOS="1500"
                          HPOS="236"
                          CONTENT="non"/>
                  <SP HEIGHT="105" WIDTH="21" VPOS="1500" HPOS="384"/>
                  <String HEIGHT="105"
                          WIDTH="212"
                          VPOS="1500"
                          HPOS="321"
                          CONTENT="habet,"/>
                  <SP HEIGHT="105" WIDTH="21" VPOS="1500" HPOS="533"/>
                  <String HEIGHT="105"
                          WIDTH="191"
                          VPOS="1500"
                          HPOS="469"
                          CONTENT="sicut"/>
                  <SP HEIGHT="105" WIDTH="21" VPOS="1500" HPOS="660"/>
                  <String HEIGHT="105"
                          WIDTH="233"
                          VPOS="1500"
                          HPOS="596"
                          CONTENT="uidetis"/>
                  <SP HEIGHT="105" WIDTH="21" VPOS="1500" HPOS="829"/>
                  <String HEIGHT="105"
                          WIDTH="127"
                          VPOS="1500"
                          HPOS="765"
                          CONTENT="me"/>
                  <SP HEIGHT="105" WIDTH="21" VPOS="1500" HPOS="893"/>
                  <String HEIGHT="105"
                          WIDTH="233"
                          VPOS="1500"
                          HPOS="829"
                          CONTENT="habere,"/>
                  <SP HEIGHT="105" WIDTH="21" VPOS="1500" HPOS="1062"/>
                  <String HEIGHT="105"
                          WIDTH="212"
                          VPOS="1500"
                          HPOS="998"
                          CONTENT="Rursus"/>
                  <SP HEIGHT="105" WIDTH="21" VPOS="1500" HPOS="1210"/>
                  <String HEIGHT="105"
                          WIDTH="275"
                          VPOS="1500"
                          HPOS="1147"
                          CONTENT="usurpatur"/>
                  <SP HEIGHT="105" WIDTH="21" VPOS="1500" HPOS="1422"/>
                  <String HEIGHT="105"
                          WIDTH="254"
                          VPOS="1500"
                          HPOS="1358"
                          CONTENT="Spiritus"/>
                  <SP HEIGHT="105" WIDTH="21" VPOS="1500" HPOS="1613"/>
                  <String HEIGHT="105"
                          WIDTH="148"
                          VPOS="1500"
                          HPOS="1549"
                          CONTENT="pro"/>
                  <SP HEIGHT="105" WIDTH="21" VPOS="1500" HPOS="1697"/>
                  <String HEIGHT="105"
                          WIDTH="191"
                          VPOS="1500"
                          HPOS="1634"
                          CONTENT="anima"/>
                  <SP HEIGHT="105" WIDTH="21" VPOS="1500" HPOS="1824"/>
                  <String HEIGHT="105" WIDTH="42" VPOS="1500" HPOS="1740" CONTENT=""/>
               </TextLine>
               <TextLine ID="line_1593646593843_203"
                         BASELINE="1656"
                         HEIGHT="98"
                         WIDTH="1679"
                         VPOS="1558"
                         HPOS="103">
                  <String HEIGHT="98" WIDTH="120" VPOS="1558" HPOS="83" CONTENT="li"/>
                  <SP HEIGHT="98" WIDTH="20" VPOS="1558" HPOS="203"/>
                  <String HEIGHT="98"
                          WIDTH="180"
                          VPOS="1558"
                          HPOS="143"
                          CONTENT="uita,"/>
                  <SP HEIGHT="98" WIDTH="20" VPOS="1558" HPOS="323"/>
                  <String HEIGHT="98"
                          WIDTH="180"
                          VPOS="1558"
                          HPOS="263"
                          CONTENT="sicut"/>
                  <SP HEIGHT="98" WIDTH="20" VPOS="1558" HPOS="443"/>
                  <String HEIGHT="98" WIDTH="100" VPOS="1558" HPOS="383" CONTENT="&amp;"/>
                  <SP HEIGHT="98" WIDTH="20" VPOS="1558" HPOS="483"/>
                  <String HEIGHT="98"
                          WIDTH="220"
                          VPOS="1558"
                          HPOS="423"
                          CONTENT="Latinis"/>
                  <SP HEIGHT="98" WIDTH="20" VPOS="1558" HPOS="643"/>
                  <String HEIGHT="98"
                          WIDTH="220"
                          VPOS="1558"
                          HPOS="583"
                          CONTENT="spirare"/>
                  <SP HEIGHT="98" WIDTH="20" VPOS="1558" HPOS="803"/>
                  <String HEIGHT="98"
                          WIDTH="220"
                          VPOS="1558"
                          HPOS="743"
                          CONTENT="uiuere,"/>
                  <SP HEIGHT="98" WIDTH="20" VPOS="1558" HPOS="962"/>
                  <String HEIGHT="98"
                          WIDTH="240"
                          VPOS="1558"
                          HPOS="903"
                          CONTENT="expirare"/>
                  <SP HEIGHT="98" WIDTH="20" VPOS="1558" HPOS="1142"/>
                  <String HEIGHT="98"
                          WIDTH="160"
                          VPOS="1558"
                          HPOS="1082"
                          CONTENT="mori"/>
                  <SP HEIGHT="98" WIDTH="20" VPOS="1558" HPOS="1242"/>
                  <String HEIGHT="98"
                          WIDTH="160"
                          VPOS="1558"
                          HPOS="1182"
                          CONTENT="est."/>
                  <SP HEIGHT="98" WIDTH="20" VPOS="1558" HPOS="1342"/>
                  <String HEIGHT="98"
                          WIDTH="200"
                          VPOS="1558"
                          HPOS="1282"
                          CONTENT="Dauid,"/>
                  <SP HEIGHT="98" WIDTH="20" VPOS="1558" HPOS="1482"/>
                  <String HEIGHT="98"
                          WIDTH="140"
                          VPOS="1558"
                          HPOS="1422"
                          CONTENT="Cum"/>
                  <SP HEIGHT="98" WIDTH="20" VPOS="1558" HPOS="1562"/>
                  <String HEIGHT="98"
                          WIDTH="220"
                          VPOS="1558"
                          HPOS="1502"
                          CONTENT="dederis"/>
                  <SP HEIGHT="98" WIDTH="20" VPOS="1558" HPOS="1722"/>
                  <String HEIGHT="98"
                          WIDTH="140"
                          VPOS="1558"
                          HPOS="1642"
                          CONTENT="colli"/>
               </TextLine>
               <TextLine ID="line_1593646593844_205"
                         BASELINE="1715"
                         HEIGHT="96"
                         WIDTH="1673"
                         VPOS="1619"
                         HPOS="107">
                  <String HEIGHT="96"
                          WIDTH="191"
                          VPOS="1619"
                          HPOS="86"
                          CONTENT="gunt,"/>
                  <SP HEIGHT="96" WIDTH="21" VPOS="1619" HPOS="276"/>
                  <String HEIGHT="96"
                          WIDTH="212"
                          VPOS="1619"
                          HPOS="213"
                          CONTENT="inquit"/>
                  <SP HEIGHT="96" WIDTH="21" VPOS="1619" HPOS="425"/>
                  <String HEIGHT="96" WIDTH="106" VPOS="1619" HPOS="361" CONTENT=":"/>
                  <SP HEIGHT="96" WIDTH="21" VPOS="1619" HPOS="467"/>
                  <String HEIGHT="96" WIDTH="106" VPOS="1619" HPOS="403" CONTENT="&amp;"/>
                  <SP HEIGHT="96" WIDTH="21" VPOS="1619" HPOS="509"/>
                  <String HEIGHT="96"
                          WIDTH="148"
                          VPOS="1619"
                          HPOS="446"
                          CONTENT="cum"/>
                  <SP HEIGHT="96" WIDTH="21" VPOS="1619" HPOS="594"/>
                  <String HEIGHT="96"
                          WIDTH="212"
                          VPOS="1619"
                          HPOS="531"
                          CONTENT="aperis"/>
                  <SP HEIGHT="96" WIDTH="21" VPOS="1619" HPOS="742"/>
                  <String HEIGHT="96"
                          WIDTH="191"
                          VPOS="1619"
                          HPOS="679"
                          CONTENT="manum"/>
                  <SP HEIGHT="96" WIDTH="21" VPOS="1619" HPOS="869"/>
                  <String HEIGHT="96"
                          WIDTH="191"
                          VPOS="1619"
                          HPOS="806"
                          CONTENT="tuam,"/>
                  <SP HEIGHT="96" WIDTH="21" VPOS="1619" HPOS="996"/>
                  <String HEIGHT="96"
                          WIDTH="275"
                          VPOS="1619"
                          HPOS="933"
                          CONTENT="satiantur"/>
                  <SP HEIGHT="96" WIDTH="21" VPOS="1619" HPOS="1208"/>
                  <String HEIGHT="96"
                          WIDTH="191"
                          VPOS="1619"
                          HPOS="1145"
                          CONTENT="bonis"/>
                  <SP HEIGHT="96" WIDTH="21" VPOS="1619" HPOS="1335"/>
                  <String HEIGHT="96" WIDTH="106" VPOS="1619" HPOS="1272" CONTENT=":"/>
                  <SP HEIGHT="96" WIDTH="21" VPOS="1619" HPOS="1378"/>
                  <String HEIGHT="96"
                          WIDTH="148"
                          VPOS="1619"
                          HPOS="1314"
                          CONTENT="cum"/>
                  <SP HEIGHT="96" WIDTH="21" VPOS="1619" HPOS="1462"/>
                  <String HEIGHT="96"
                          WIDTH="169"
                          VPOS="1619"
                          HPOS="1399"
                          CONTENT="uero"/>
                  <SP HEIGHT="96" WIDTH="21" VPOS="1619" HPOS="1568"/>
                  <String HEIGHT="96"
                          WIDTH="275"
                          VPOS="1619"
                          HPOS="1505"
                          CONTENT="abscondis"/>
                  <SP HEIGHT="96" WIDTH="21" VPOS="1619" HPOS="1780"/>
                  <String HEIGHT="96" WIDTH="85" VPOS="1619" HPOS="1695" CONTENT="fa"/>
               </TextLine>
               <TextLine ID="r1l33"
                         BASELINE="1761"
                         HEIGHT="78"
                         WIDTH="1665"
                         VPOS="1683"
                         HPOS="100">
                  <String HEIGHT="78"
                          WIDTH="167"
                          VPOS="1683"
                          HPOS="79"
                          CONTENT="ciem"/>
                  <SP HEIGHT="78" WIDTH="21" VPOS="1683" HPOS="246"/>
                  <String HEIGHT="78"
                          WIDTH="167"
                          VPOS="1683"
                          HPOS="183"
                          CONTENT="tuam"/>
                  <SP HEIGHT="78" WIDTH="21" VPOS="1683" HPOS="350"/>
                  <String HEIGHT="78"
                          WIDTH="354"
                          VPOS="1683"
                          HPOS="287"
                          CONTENT="conturbantur,"/>
                  <SP HEIGHT="78" WIDTH="21" VPOS="1683" HPOS="641"/>
                  <String HEIGHT="78"
                          WIDTH="146"
                          VPOS="1683"
                          HPOS="579"
                          CONTENT="cum"/>
                  <SP HEIGHT="78" WIDTH="21" VPOS="1683" HPOS="724"/>
                  <String HEIGHT="78"
                          WIDTH="250"
                          VPOS="1683"
                          HPOS="662"
                          CONTENT="colligis"/>
                  <SP HEIGHT="78" WIDTH="21" VPOS="1683" HPOS="912"/>
                  <String HEIGHT="78"
                          WIDTH="229"
                          VPOS="1683"
                          HPOS="849"
                          CONTENT="spiritu"/>
                  <SP HEIGHT="78" WIDTH="21" VPOS="1683" HPOS="1078"/>
                  <String HEIGHT="78"
                          WIDTH="187"
                          VPOS="1683"
                          HPOS="1016"
                          CONTENT="eorum"/>
                  <SP HEIGHT="78" WIDTH="21" VPOS="1683" HPOS="1203"/>
                  <String HEIGHT="78"
                          WIDTH="291"
                          VPOS="1683"
                          HPOS="1141"
                          CONTENT="deficiunt,"/>
                  <SP HEIGHT="78" WIDTH="21" VPOS="1683" HPOS="1432"/>
                  <String HEIGHT="78" WIDTH="104" VPOS="1683" HPOS="1370" CONTENT="&amp;"/>
                  <SP HEIGHT="78" WIDTH="21" VPOS="1683" HPOS="1474"/>
                  <String HEIGHT="78"
                          WIDTH="125"
                          VPOS="1683"
                          HPOS="1411"
                          CONTENT="in"/>
                  <SP HEIGHT="78" WIDTH="21" VPOS="1683" HPOS="1536"/>
                  <String HEIGHT="78"
                          WIDTH="250"
                          VPOS="1683"
                          HPOS="1474"
                          CONTENT="puluerem"/>
                  <SP HEIGHT="78" WIDTH="21" VPOS="1683" HPOS="1723"/>
                  <String HEIGHT="78"
                          WIDTH="125"
                          VPOS="1683"
                          HPOS="1640"
                          CONTENT="suum"/>
               </TextLine>
               <TextLine ID="line_1593646593846_207"
                         BASELINE="1827"
                         HEIGHT="90"
                         WIDTH="1675"
                         VPOS="1737"
                         HPOS="103">
                  <String HEIGHT="90"
                          WIDTH="348"
                          VPOS="1737"
                          HPOS="81"
                          CONTENT="reuertuntur."/>
                  <SP HEIGHT="90" WIDTH="22" VPOS="1737" HPOS="429"/>
                  <String HEIGHT="90" WIDTH="131" VPOS="1737" HPOS="364" CONTENT="Et"/>
                  <SP HEIGHT="90" WIDTH="22" VPOS="1737" HPOS="495"/>
                  <String HEIGHT="90"
                          WIDTH="239"
                          VPOS="1737"
                          HPOS="429"
                          CONTENT="dominus"/>
                  <SP HEIGHT="90" WIDTH="22" VPOS="1737" HPOS="669"/>
                  <String HEIGHT="90"
                          WIDTH="174"
                          VPOS="1737"
                          HPOS="603"
                          CONTENT="apud"/>
                  <SP HEIGHT="90" WIDTH="22" VPOS="1737" HPOS="777"/>
                  <String HEIGHT="90"
                          WIDTH="218"
                          VPOS="1737"
                          HPOS="712"
                          CONTENT="Mosen,"/>
                  <SP HEIGHT="90" WIDTH="22" VPOS="1737" HPOS="930"/>
                  <String HEIGHT="90"
                          WIDTH="239"
                          VPOS="1737"
                          HPOS="864"
                          CONTENT="Perdam,"/>
                  <SP HEIGHT="90" WIDTH="22" VPOS="1737" HPOS="1104"/>
                  <String HEIGHT="90"
                          WIDTH="239"
                          VPOS="1737"
                          HPOS="1038"
                          CONTENT="inquit,"/>
                  <SP HEIGHT="90" WIDTH="22" VPOS="1737" HPOS="1278"/>
                  <String HEIGHT="90"
                          WIDTH="283"
                          VPOS="1737"
                          HPOS="1212"
                          CONTENT="uniuersam"/>
                  <SP HEIGHT="90" WIDTH="22" VPOS="1737" HPOS="1495"/>
                  <String HEIGHT="90"
                          WIDTH="239"
                          VPOS="1737"
                          HPOS="1430"
                          CONTENT="carnem,"/>
                  <SP HEIGHT="90" WIDTH="22" VPOS="1737" HPOS="1669"/>
                  <String HEIGHT="90"
                          WIDTH="131"
                          VPOS="1737"
                          HPOS="1604"
                          CONTENT="in"/>
                  <SP HEIGHT="90" WIDTH="22" VPOS="1737" HPOS="1734"/>
                  <String HEIGHT="90"
                          WIDTH="152"
                          VPOS="1737"
                          HPOS="1669"
                          CONTENT="qua"/>
                  <SP HEIGHT="90" WIDTH="22" VPOS="1737" HPOS="1822"/>
                  <String HEIGHT="90" WIDTH="44" VPOS="1737" HPOS="1734" CONTENT=""/>
               </TextLine>
               <TextLine ID="line_1593646593847_209"
                         BASELINE="1874"
                         HEIGHT="83"
                         WIDTH="1681"
                         VPOS="1791"
                         HPOS="96">
                  <String HEIGHT="83" WIDTH="140" VPOS="1791" HPOS="76" CONTENT="est"/>
                  <SP HEIGHT="83" WIDTH="20" VPOS="1791" HPOS="216"/>
                  <String HEIGHT="83"
                          WIDTH="240"
                          VPOS="1791"
                          HPOS="156"
                          CONTENT="spiritus"/>
                  <SP HEIGHT="83" WIDTH="20" VPOS="1791" HPOS="396"/>
                  <String HEIGHT="83"
                          WIDTH="200"
                          VPOS="1791"
                          HPOS="336"
                          CONTENT="uitae."/>
                  <SP HEIGHT="83" WIDTH="20" VPOS="1791" HPOS="536"/>
                  <String HEIGHT="83"
                          WIDTH="320"
                          VPOS="1791"
                          HPOS="476"
                          CONTENT="Peculiariter"/>
                  <SP HEIGHT="83" WIDTH="20" VPOS="1791" HPOS="796"/>
                  <String HEIGHT="83"
                          WIDTH="160"
                          VPOS="1791"
                          HPOS="736"
                          CONTENT="item"/>
                  <SP HEIGHT="83" WIDTH="20" VPOS="1791" HPOS="896"/>
                  <String HEIGHT="83"
                          WIDTH="280"
                          VPOS="1791"
                          HPOS="836"
                          CONTENT="rationalis"/>
                  <SP HEIGHT="83" WIDTH="20" VPOS="1791" HPOS="1117"/>
                  <String HEIGHT="83"
                          WIDTH="180"
                          VPOS="1791"
                          HPOS="1057"
                          CONTENT="anima"/>
                  <SP HEIGHT="83" WIDTH="20" VPOS="1791" HPOS="1237"/>
                  <String HEIGHT="83"
                          WIDTH="220"
                          VPOS="1791"
                          HPOS="1177"
                          CONTENT="hominis"/>
                  <SP HEIGHT="83" WIDTH="20" VPOS="1791" HPOS="1397"/>
                  <String HEIGHT="83"
                          WIDTH="280"
                          VPOS="1791"
                          HPOS="1337"
                          CONTENT="nuncupatur"/>
                  <SP HEIGHT="83" WIDTH="20" VPOS="1791" HPOS="1617"/>
                  <String HEIGHT="83"
                          WIDTH="260"
                          VPOS="1791"
                          HPOS="1557"
                          CONTENT="spiritus,"/>
                  <SP HEIGHT="83" WIDTH="20" VPOS="1791" HPOS="1817"/>
                  <String HEIGHT="83" WIDTH="40" VPOS="1791" HPOS="1737" CONTENT=""/>
               </TextLine>
               <TextLine ID="line_1593646593848_211"
                         BASELINE="1918"
                         HEIGHT="77"
                         WIDTH="1682"
                         VPOS="1841"
                         HPOS="93">
                  <String HEIGHT="77"
                          WIDTH="218"
                          VPOS="1841"
                          HPOS="73"
                          CONTENT="adeoque"/>
                  <SP HEIGHT="77" WIDTH="20" VPOS="1841" HPOS="291"/>
                  <String HEIGHT="77"
                          WIDTH="237"
                          VPOS="1841"
                          HPOS="232"
                          CONTENT="spiritus"/>
                  <SP HEIGHT="77" WIDTH="20" VPOS="1841" HPOS="469"/>
                  <String HEIGHT="77"
                          WIDTH="277"
                          VPOS="1841"
                          HPOS="410"
                          CONTENT="saepissime"/>
                  <SP HEIGHT="77" WIDTH="20" VPOS="1841" HPOS="687"/>
                  <String HEIGHT="77"
                          WIDTH="218"
                          VPOS="1841"
                          HPOS="627"
                          CONTENT="ponitur"/>
                  <SP HEIGHT="77" WIDTH="20" VPOS="1841" HPOS="845"/>
                  <String HEIGHT="77" WIDTH="119" VPOS="1841" HPOS="786" CONTENT="in"/>
                  <SP HEIGHT="77" WIDTH="20" VPOS="1841" HPOS="904"/>
                  <String HEIGHT="77"
                          WIDTH="198"
                          VPOS="1841"
                          HPOS="845"
                          CONTENT="sacris"/>
                  <SP HEIGHT="77" WIDTH="20" VPOS="1841" HPOS="1043"/>
                  <String HEIGHT="77"
                          WIDTH="218"
                          VPOS="1841"
                          HPOS="983"
                          CONTENT="literis"/>
                  <SP HEIGHT="77" WIDTH="20" VPOS="1841" HPOS="1201"/>
                  <String HEIGHT="77"
                          WIDTH="139"
                          VPOS="1841"
                          HPOS="1142"
                          CONTENT="pro"/>
                  <SP HEIGHT="77" WIDTH="20" VPOS="1841" HPOS="1280"/>
                  <String HEIGHT="77"
                          WIDTH="178"
                          VPOS="1841"
                          HPOS="1221"
                          CONTENT="anima"/>
                  <SP HEIGHT="77" WIDTH="20" VPOS="1841" HPOS="1399"/>
                  <String HEIGHT="77"
                          WIDTH="257"
                          VPOS="1841"
                          HPOS="1340"
                          CONTENT="rationali"/>
                  <SP HEIGHT="77" WIDTH="20" VPOS="1841" HPOS="1597"/>
                  <String HEIGHT="77"
                          WIDTH="237"
                          VPOS="1841"
                          HPOS="1538"
                          CONTENT="hominis."/>
                  <SP HEIGHT="77" WIDTH="20" VPOS="1841" HPOS="1775"/>
                  <String HEIGHT="77" WIDTH="79" VPOS="1841" HPOS="1696" CONTENT="In"/>
               </TextLine>
               <TextLine ID="line_1593646593849_213"
                         BASELINE="2002"
                         HEIGHT="104"
                         WIDTH="1670"
                         VPOS="1898"
                         HPOS="103">
                  <String HEIGHT="104"
                          WIDTH="262"
                          VPOS="1898"
                          HPOS="83"
                          CONTENT="euangelio"/>
                  <SP HEIGHT="104" WIDTH="20" VPOS="1898" HPOS="344"/>
                  <String HEIGHT="104"
                          WIDTH="161"
                          VPOS="1898"
                          HPOS="284"
                          CONTENT="enim"/>
                  <SP HEIGHT="104" WIDTH="20" VPOS="1898" HPOS="445"/>
                  <String HEIGHT="104"
                          WIDTH="201"
                          VPOS="1898"
                          HPOS="385"
                          CONTENT="legis:"/>
                  <SP HEIGHT="104" WIDTH="20" VPOS="1898" HPOS="586"/>
                  <String HEIGHT="104"
                          WIDTH="181"
                          VPOS="1898"
                          HPOS="526"
                          CONTENT="Iesus"/>
                  <SP HEIGHT="104" WIDTH="20" VPOS="1898" HPOS="707"/>
                  <String HEIGHT="104"
                          WIDTH="262"
                          VPOS="1898"
                          HPOS="646"
                          CONTENT="inclinato"/>
                  <SP HEIGHT="104" WIDTH="20" VPOS="1898" HPOS="908"/>
                  <String HEIGHT="104"
                          WIDTH="201"
                          VPOS="1898"
                          HPOS="847"
                          CONTENT="capite"/>
                  <SP HEIGHT="104" WIDTH="20" VPOS="1898" HPOS="1049"/>
                  <String HEIGHT="104"
                          WIDTH="241"
                          VPOS="1898"
                          HPOS="988"
                          CONTENT="tradidit"/>
                  <SP HEIGHT="104" WIDTH="20" VPOS="1898" HPOS="1230"/>
                  <String HEIGHT="104"
                          WIDTH="262"
                          VPOS="1898"
                          HPOS="1169"
                          CONTENT="spiritum."/>
                  <SP HEIGHT="104" WIDTH="20" VPOS="1898" HPOS="1431"/>
                  <String HEIGHT="104"
                          WIDTH="121"
                          VPOS="1898"
                          HPOS="1371"
                          CONTENT="Et"/>
                  <SP HEIGHT="104" WIDTH="20" VPOS="1898" HPOS="1491"/>
                  <String HEIGHT="104"
                          WIDTH="121"
                          VPOS="1898"
                          HPOS="1431"
                          CONTENT="de"/>
                  <SP HEIGHT="104" WIDTH="20" VPOS="1898" HPOS="1552"/>
                  <String HEIGHT="104"
                          WIDTH="201"
                          VPOS="1898"
                          HPOS="1491"
                          CONTENT="sancto"/>
                  <SP HEIGHT="104" WIDTH="20" VPOS="1898" HPOS="1693"/>
                  <String HEIGHT="104"
                          WIDTH="161"
                          VPOS="1898"
                          HPOS="1612"
                          CONTENT="marty"
                          SUBS_TYPE="HypPart1"
                          SUBS_CONTENT="martyre"/>
                  <HYP CONTENT="-"/>
               </TextLine>
               <TextLine ID="line_1593646593850_215"
                         BASELINE="2044"
                         HEIGHT="86"
                         WIDTH="1670"
                         VPOS="1958"
                         HPOS="101">
                  <String HEIGHT="86"
                          WIDTH="137"
                          VPOS="1958"
                          HPOS="78"
                          CONTENT="re"
                          SUBS_TYPE="HypPart2"
                          SUBS_CONTENT="martyre"/>
                  <SP HEIGHT="86" WIDTH="23" VPOS="1958" HPOS="215"/>
                  <String HEIGHT="86"
                          WIDTH="275"
                          VPOS="1958"
                          HPOS="147"
                          CONTENT="Stephano"/>
                  <SP HEIGHT="86" WIDTH="23" VPOS="1958" HPOS="421"/>
                  <String HEIGHT="86"
                          WIDTH="229"
                          VPOS="1958"
                          HPOS="353"
                          CONTENT="legis:"/>
                  <SP HEIGHT="86" WIDTH="23" VPOS="1958" HPOS="581"/>
                  <String HEIGHT="86" WIDTH="137" VPOS="1958" HPOS="513" CONTENT="Et"/>
                  <SP HEIGHT="86" WIDTH="23" VPOS="1958" HPOS="650"/>
                  <String HEIGHT="86"
                          WIDTH="320"
                          VPOS="1958"
                          HPOS="581"
                          CONTENT="lapidabant"/>
                  <SP HEIGHT="86" WIDTH="23" VPOS="1958" HPOS="902"/>
                  <String HEIGHT="86"
                          WIDTH="297"
                          VPOS="1958"
                          HPOS="833"
                          CONTENT="Stephanum"/>
                  <SP HEIGHT="86" WIDTH="23" VPOS="1958" HPOS="1130"/>
                  <String HEIGHT="86"
                          WIDTH="320"
                          VPOS="1958"
                          HPOS="1062"
                          CONTENT="inuocantem"/>
                  <SP HEIGHT="86" WIDTH="23" VPOS="1958" HPOS="1382"/>
                  <String HEIGHT="86" WIDTH="114" VPOS="1958" HPOS="1313" CONTENT="&amp;"/>
                  <SP HEIGHT="86" WIDTH="23" VPOS="1958" HPOS="1428"/>
                  <String HEIGHT="86"
                          WIDTH="275"
                          VPOS="1958"
                          HPOS="1359"
                          CONTENT="dicentem"/>
                  <SP HEIGHT="86" WIDTH="23" VPOS="1958" HPOS="1634"/>
                  <String HEIGHT="86" WIDTH="114" VPOS="1958" HPOS="1565" CONTENT=":"/>
                  <SP HEIGHT="86" WIDTH="23" VPOS="1958" HPOS="1679"/>
                  <String HEIGHT="86"
                          WIDTH="183"
                          VPOS="1958"
                          HPOS="1588"
                          CONTENT="Domine"/>
               </TextLine>
               <TextLine ID="line_1593646593851_217"
                         BASELINE="2089"
                         HEIGHT="83"
                         WIDTH="1676"
                         VPOS="2006"
                         HPOS="94">
                  <String HEIGHT="83"
                          WIDTH="170"
                          VPOS="2006"
                          HPOS="73"
                          CONTENT="Iesu"/>
                  <SP HEIGHT="83" WIDTH="21" VPOS="2006" HPOS="243"/>
                  <String HEIGHT="83"
                          WIDTH="233"
                          VPOS="2006"
                          HPOS="179"
                          CONTENT="suscipe"/>
                  <SP HEIGHT="83" WIDTH="21" VPOS="2006" HPOS="412"/>
                  <String HEIGHT="83"
                          WIDTH="255"
                          VPOS="2006"
                          HPOS="349"
                          CONTENT="spiritum"/>
                  <SP HEIGHT="83" WIDTH="21" VPOS="2006" HPOS="603"/>
                  <String HEIGHT="83"
                          WIDTH="191"
                          VPOS="2006"
                          HPOS="540"
                          CONTENT="meum."/>
                  <SP HEIGHT="83" WIDTH="21" VPOS="2006" HPOS="730"/>
                  <String HEIGHT="83"
                          WIDTH="233"
                          VPOS="2006"
                          HPOS="667"
                          CONTENT="Solomon"/>
                  <SP HEIGHT="83" WIDTH="21" VPOS="2006" HPOS="900"/>
                  <String HEIGHT="83"
                          WIDTH="170"
                          VPOS="2006"
                          HPOS="837"
                          CONTENT="enim"/>
                  <SP HEIGHT="83" WIDTH="21" VPOS="2006" HPOS="1006"/>
                  <String HEIGHT="83"
                          WIDTH="191"
                          VPOS="2006"
                          HPOS="943"
                          CONTENT="prior"/>
                  <SP HEIGHT="83" WIDTH="21" VPOS="2006" HPOS="1134"/>
                  <String HEIGHT="83"
                          WIDTH="212"
                          VPOS="2006"
                          HPOS="1070"
                          CONTENT="dixit:"/>
                  <SP HEIGHT="83" WIDTH="21" VPOS="2006" HPOS="1282"/>
                  <String HEIGHT="83"
                          WIDTH="297"
                          VPOS="2006"
                          HPOS="1218"
                          CONTENT="Reuertetur"/>
                  <SP HEIGHT="83" WIDTH="21" VPOS="2006" HPOS="1515"/>
                  <String HEIGHT="83"
                          WIDTH="212"
                          VPOS="2006"
                          HPOS="1452"
                          CONTENT="puluis"/>
                  <SP HEIGHT="83" WIDTH="21" VPOS="2006" HPOS="1664"/>
                  <String HEIGHT="83"
                          WIDTH="127"
                          VPOS="2006"
                          HPOS="1600"
                          CONTENT="in"/>
                  <SP HEIGHT="83" WIDTH="21" VPOS="2006" HPOS="1728"/>
                  <String HEIGHT="83"
                          WIDTH="127"
                          VPOS="2006"
                          HPOS="1643"
                          CONTENT="ter"
                          SUBS_TYPE="HypPart1"
                          SUBS_CONTENT="terram,"/>
                  <HYP CONTENT="-"/>
               </TextLine>
               <TextLine ID="line_1593646593853_219"
                         BASELINE="2168"
                         HEIGHT="95"
                         WIDTH="1679"
                         VPOS="2073"
                         HPOS="91">
                  <String HEIGHT="95"
                          WIDTH="158"
                          VPOS="2073"
                          HPOS="71"
                          CONTENT="ram,"
                          SUBS_TYPE="HypPart2"
                          SUBS_CONTENT="terram,"/>
                  <SP HEIGHT="95" WIDTH="20" VPOS="2073" HPOS="229"/>
                  <String HEIGHT="95"
                          WIDTH="178"
                          VPOS="2073"
                          HPOS="170"
                          CONTENT="sicut"/>
                  <SP HEIGHT="95" WIDTH="20" VPOS="2073" HPOS="348"/>
                  <String HEIGHT="95"
                          WIDTH="178"
                          VPOS="2073"
                          HPOS="289"
                          CONTENT="fuit,"/>
                  <SP HEIGHT="95" WIDTH="20" VPOS="2073" HPOS="466"/>
                  <String HEIGHT="95" WIDTH="99" VPOS="2073" HPOS="407" CONTENT="&amp;"/>
                  <SP HEIGHT="95" WIDTH="20" VPOS="2073" HPOS="506"/>
                  <String HEIGHT="95"
                          WIDTH="237"
                          VPOS="2073"
                          HPOS="447"
                          CONTENT="spiritus"/>
                  <SP HEIGHT="95" WIDTH="20" VPOS="2073" HPOS="684"/>
                  <String HEIGHT="95"
                          WIDTH="217"
                          VPOS="2073"
                          HPOS="624"
                          CONTENT="redibit"/>
                  <SP HEIGHT="95" WIDTH="20" VPOS="2073" HPOS="842"/>
                  <String HEIGHT="95" WIDTH="119" VPOS="2073" HPOS="782" CONTENT="ad"/>
                  <SP HEIGHT="95" WIDTH="20" VPOS="2073" HPOS="901"/>
                  <String HEIGHT="95"
                          WIDTH="178"
                          VPOS="2073"
                          HPOS="842"
                          CONTENT="deum,"/>
                  <SP HEIGHT="95" WIDTH="20" VPOS="2073" HPOS="1019"/>
                  <String HEIGHT="95"
                          WIDTH="138"
                          VPOS="2073"
                          HPOS="960"
                          CONTENT="qui"/>
                  <SP HEIGHT="95" WIDTH="20" VPOS="2073" HPOS="1098"/>
                  <String HEIGHT="95"
                          WIDTH="178"
                          VPOS="2073"
                          HPOS="1039"
                          CONTENT="dedit"/>
                  <SP HEIGHT="95" WIDTH="20" VPOS="2073" HPOS="1217"/>
                  <String HEIGHT="95"
                          WIDTH="198"
                          VPOS="2073"
                          HPOS="1158"
                          CONTENT="illum."/>
                  <SP HEIGHT="95" WIDTH="20" VPOS="2073" HPOS="1355"/>
                  <String HEIGHT="95"
                          WIDTH="138"
                          VPOS="2073"
                          HPOS="1296"
                          CONTENT="lam"/>
                  <SP HEIGHT="95" WIDTH="20" VPOS="2073" HPOS="1434"/>
                  <String HEIGHT="95"
                          WIDTH="158"
                          VPOS="2073"
                          HPOS="1375"
                          CONTENT="uero"/>
                  <SP HEIGHT="95" WIDTH="20" VPOS="2073" HPOS="1533"/>
                  <String HEIGHT="95"
                          WIDTH="277"
                          VPOS="2073"
                          HPOS="1474"
                          CONTENT="significat"/>
                  <SP HEIGHT="95" WIDTH="20" VPOS="2073" HPOS="1750"/>
                  <String HEIGHT="95"
                          WIDTH="99"
                          VPOS="2073"
                          HPOS="1671"
                          CONTENT="Spi"/>
               </TextLine>
               <TextLine ID="line_1593646593855_221"
                         BASELINE="2213"
                         HEIGHT="82"
                         WIDTH="1681"
                         VPOS="2131"
                         HPOS="88">
                  <String HEIGHT="82"
                          WIDTH="196"
                          VPOS="2131"
                          HPOS="66"
                          CONTENT="ritus"/>
                  <SP HEIGHT="82" WIDTH="22" VPOS="2131" HPOS="263"/>
                  <String HEIGHT="82"
                          WIDTH="284"
                          VPOS="2131"
                          HPOS="197"
                          CONTENT="affectum,"/>
                  <SP HEIGHT="82" WIDTH="22" VPOS="2131" HPOS="481"/>
                  <String HEIGHT="82"
                          WIDTH="327"
                          VPOS="2131"
                          HPOS="415"
                          CONTENT="agitationem"/>
                  <SP HEIGHT="82" WIDTH="22" VPOS="2131" HPOS="743"/>
                  <String HEIGHT="82"
                          WIDTH="218"
                          VPOS="2131"
                          HPOS="677"
                          CONTENT="animi,"/>
                  <SP HEIGHT="82" WIDTH="22" VPOS="2131" HPOS="896"/>
                  <String HEIGHT="82"
                          WIDTH="349"
                          VPOS="2131"
                          HPOS="830"
                          CONTENT="propensionem"/>
                  <SP HEIGHT="82" WIDTH="22" VPOS="2131" HPOS="1180"/>
                  <String HEIGHT="82"
                          WIDTH="196"
                          VPOS="2131"
                          HPOS="1114"
                          CONTENT="atque"/>
                  <SP HEIGHT="82" WIDTH="22" VPOS="2131" HPOS="1311"/>
                  <String HEIGHT="82"
                          WIDTH="284"
                          VPOS="2131"
                          HPOS="1245"
                          CONTENT="impulsum."/>
                  <SP HEIGHT="82" WIDTH="22" VPOS="2131" HPOS="1529"/>
                  <String HEIGHT="82"
                          WIDTH="240"
                          VPOS="2131"
                          HPOS="1463"
                          CONTENT="Solomon"/>
                  <SP HEIGHT="82" WIDTH="22" VPOS="2131" HPOS="1704"/>
                  <String HEIGHT="82"
                          WIDTH="153"
                          VPOS="2131"
                          HPOS="1616"
                          CONTENT="enim,"/>
               </TextLine>
               <TextLine ID="line_1593646593856_223"
                         BASELINE="2267"
                         HEIGHT="96"
                         WIDTH="1667"
                         VPOS="2171"
                         HPOS="102">
                  <String HEIGHT="96"
                          WIDTH="153"
                          VPOS="2171"
                          HPOS="83"
                          CONTENT="Vrbi"/>
                  <SP HEIGHT="96" WIDTH="19" VPOS="2171" HPOS="236"/>
                  <String HEIGHT="96"
                          WIDTH="268"
                          VPOS="2171"
                          HPOS="179"
                          CONTENT="dissipatae"/>
                  <SP HEIGHT="96" WIDTH="19" VPOS="2171" HPOS="447"/>
                  <String HEIGHT="96"
                          WIDTH="211"
                          VPOS="2171"
                          HPOS="389"
                          CONTENT="similis"/>
                  <SP HEIGHT="96" WIDTH="19" VPOS="2171" HPOS="600"/>
                  <String HEIGHT="96"
                          WIDTH="153"
                          VPOS="2171"
                          HPOS="543"
                          CONTENT="est,"/>
                  <SP HEIGHT="96" WIDTH="19" VPOS="2171" HPOS="696"/>
                  <String HEIGHT="96"
                          WIDTH="211"
                          VPOS="2171"
                          HPOS="639"
                          CONTENT="inquit,"/>
                  <SP HEIGHT="96" WIDTH="19" VPOS="2171" HPOS="849"/>
                  <String HEIGHT="96"
                          WIDTH="172"
                          VPOS="2171"
                          HPOS="792"
                          CONTENT="cuius"/>
                  <SP HEIGHT="96" WIDTH="19" VPOS="2171" HPOS="964"/>
                  <String HEIGHT="96"
                          WIDTH="230"
                          VPOS="2171"
                          HPOS="907"
                          CONTENT="spiritus"/>
                  <SP HEIGHT="96" WIDTH="19" VPOS="2171" HPOS="1137"/>
                  <String HEIGHT="96"
                          WIDTH="172"
                          VPOS="2171"
                          HPOS="1079"
                          CONTENT="caret"/>
                  <SP HEIGHT="96" WIDTH="19" VPOS="2171" HPOS="1252"/>
                  <String HEIGHT="96"
                          WIDTH="287"
                          VPOS="2171"
                          HPOS="1194"
                          CONTENT="retinaculo."/>
                  <SP HEIGHT="96" WIDTH="19" VPOS="2171" HPOS="1482"/>
                  <String HEIGHT="96"
                          WIDTH="172"
                          VPOS="2171"
                          HPOS="1424"
                          CONTENT="Saepe"/>
                  <SP HEIGHT="96" WIDTH="19" VPOS="2171" HPOS="1597"/>
                  <String HEIGHT="96"
                          WIDTH="230"
                          VPOS="2171"
                          HPOS="1539"
                          CONTENT="reperias"/>
                  <SP HEIGHT="96" WIDTH="19" VPOS="2171" HPOS="1769"/>
                  <String HEIGHT="96" WIDTH="77" VPOS="2171" HPOS="1692" CONTENT="po"/>
               </TextLine>
               <TextLine ID="r1l43"
                         BASELINE="2333"
                         HEIGHT="93"
                         WIDTH="1658"
                         VPOS="2240"
                         HPOS="91">
                  <String HEIGHT="93" WIDTH="113" VPOS="2240" HPOS="72" CONTENT="ni"/>
                  <SP HEIGHT="93" WIDTH="19" VPOS="2240" HPOS="185"/>
                  <String HEIGHT="93" WIDTH="113" VPOS="2240" HPOS="129" CONTENT="in"/>
                  <SP HEIGHT="93" WIDTH="19" VPOS="2240" HPOS="242"/>
                  <String HEIGHT="93"
                          WIDTH="264"
                          VPOS="2240"
                          HPOS="185"
                          CONTENT="scripturis"/>
                  <SP HEIGHT="93" WIDTH="19" VPOS="2240" HPOS="449"/>
                  <String HEIGHT="93"
                          WIDTH="226"
                          VPOS="2240"
                          HPOS="392"
                          CONTENT="spiritum"/>
                  <SP HEIGHT="93" WIDTH="19" VPOS="2240" HPOS="619"/>
                  <String HEIGHT="93"
                          WIDTH="264"
                          VPOS="2240"
                          HPOS="562"
                          CONTENT="superbiae,"/>
                  <SP HEIGHT="93" WIDTH="19" VPOS="2240" HPOS="826"/>
                  <String HEIGHT="93"
                          WIDTH="170"
                          VPOS="2240"
                          HPOS="769"
                          CONTENT="irae,"/>
                  <SP HEIGHT="93" WIDTH="19" VPOS="2240" HPOS="939"/>
                  <String HEIGHT="93"
                          WIDTH="245"
                          VPOS="2240"
                          HPOS="882"
                          CONTENT="libidinis"/>
                  <SP HEIGHT="93" WIDTH="19" VPOS="2240" HPOS="1127"/>
                  <String HEIGHT="93"
                          WIDTH="132"
                          VPOS="2240"
                          HPOS="1071"
                          CONTENT="aut"/>
                  <SP HEIGHT="93" WIDTH="19" VPOS="2240" HPOS="1203"/>
                  <String HEIGHT="93"
                          WIDTH="245"
                          VPOS="2240"
                          HPOS="1146"
                          CONTENT="inuidiae,"/>
                  <SP HEIGHT="93" WIDTH="19" VPOS="2240" HPOS="1391"/>
                  <String HEIGHT="93"
                          WIDTH="132"
                          VPOS="2240"
                          HPOS="1335"
                          CONTENT="pro"/>
                  <SP HEIGHT="93" WIDTH="19" VPOS="2240" HPOS="1466"/>
                  <String HEIGHT="93"
                          WIDTH="264"
                          VPOS="2240"
                          HPOS="1410"
                          CONTENT="affectione"/>
                  <SP HEIGHT="93" WIDTH="19" VPOS="2240" HPOS="1674"/>
                  <String HEIGHT="93"
                          WIDTH="151"
                          VPOS="2240"
                          HPOS="1598"
                          CONTENT="super"
                          SUBS_TYPE="HypPart1"
                          SUBS_CONTENT="superba,"/>
                  <HYP CONTENT="-"/>
               </TextLine>
               <TextLine ID="line_1593646593857_225"
                         BASELINE="2373"
                         HEIGHT="89"
                         WIDTH="1664"
                         VPOS="2284"
                         HPOS="102">
                  <String HEIGHT="89"
                          WIDTH="139"
                          VPOS="2284"
                          HPOS="82"
                          CONTENT="ba,"
                          SUBS_TYPE="HypPart2"
                          SUBS_CONTENT="superba,"/>
                  <SP HEIGHT="89" WIDTH="20" VPOS="2284" HPOS="221"/>
                  <String HEIGHT="89"
                          WIDTH="258"
                          VPOS="2284"
                          HPOS="161"
                          CONTENT="iracunda,"/>
                  <SP HEIGHT="89" WIDTH="20" VPOS="2284" HPOS="419"/>
                  <String HEIGHT="89"
                          WIDTH="277"
                          VPOS="2284"
                          HPOS="360"
                          CONTENT="libidinosa"/>
                  <SP HEIGHT="89" WIDTH="20" VPOS="2284" HPOS="637"/>
                  <String HEIGHT="89"
                          WIDTH="139"
                          VPOS="2284"
                          HPOS="577"
                          CONTENT="aut"/>
                  <SP HEIGHT="89" WIDTH="20" VPOS="2284" HPOS="716"/>
                  <String HEIGHT="89"
                          WIDTH="218"
                          VPOS="2284"
                          HPOS="657"
                          CONTENT="inuida."/>
                  <SP HEIGHT="89" WIDTH="20" VPOS="2284" HPOS="875"/>
                  <String HEIGHT="89"
                          WIDTH="218"
                          VPOS="2284"
                          HPOS="815"
                          CONTENT="Dicitur"/>
                  <SP HEIGHT="89" WIDTH="20" VPOS="2284" HPOS="1033"/>
                  <String HEIGHT="89" WIDTH="99" VPOS="2284" HPOS="974" CONTENT="&amp;"/>
                  <SP HEIGHT="89" WIDTH="20" VPOS="2284" HPOS="1073"/>
                  <String HEIGHT="89"
                          WIDTH="238"
                          VPOS="2284"
                          HPOS="1013"
                          CONTENT="spiritus"/>
                  <SP HEIGHT="89" WIDTH="20" VPOS="2284" HPOS="1251"/>
                  <String HEIGHT="89"
                          WIDTH="317"
                          VPOS="2284"
                          HPOS="1192"
                          CONTENT="infirmitatis"/>
                  <SP HEIGHT="89" WIDTH="20" VPOS="2284" HPOS="1508"/>
                  <String HEIGHT="89"
                          WIDTH="178"
                          VPOS="2284"
                          HPOS="1449"
                          CONTENT="Lucae"/>
                  <SP HEIGHT="89" WIDTH="20" VPOS="2284" HPOS="1627"/>
                  <String HEIGHT="89"
                          WIDTH="139"
                          VPOS="2284"
                          HPOS="1568"
                          CONTENT="13."/>
                  <SP HEIGHT="89" WIDTH="20" VPOS="2284" HPOS="1707"/>
                  <String HEIGHT="89"
                          WIDTH="139"
                          VPOS="2284"
                          HPOS="1627"
                          CONTENT="ipsa,"/>
               </TextLine>
               <TextLine ID="line_1593646593858_227"
                         BASELINE="2448"
                         HEIGHT="108"
                         WIDTH="1665"
                         VPOS="2340"
                         HPOS="100">
                  <String HEIGHT="108"
                          WIDTH="223"
                          VPOS="2340"
                          HPOS="80"
                          CONTENT="inquam,"/>
                  <SP HEIGHT="108" WIDTH="20" VPOS="2340" HPOS="303"/>
                  <String HEIGHT="108"
                          WIDTH="244"
                          VPOS="2340"
                          HPOS="242"
                          CONTENT="affectio"/>
                  <SP HEIGHT="108" WIDTH="20" VPOS="2340" HPOS="486"/>
                  <String HEIGHT="108"
                          WIDTH="183"
                          VPOS="2340"
                          HPOS="425"
                          CONTENT="aegra"/>
                  <SP HEIGHT="108" WIDTH="20" VPOS="2340" HPOS="608"/>
                  <String HEIGHT="108" WIDTH="102" VPOS="2340" HPOS="547" CONTENT="&amp;"/>
                  <SP HEIGHT="108" WIDTH="20" VPOS="2340" HPOS="648"/>
                  <String HEIGHT="108"
                          WIDTH="183"
                          VPOS="2340"
                          HPOS="587"
                          CONTENT="morbi"/>
                  <SP HEIGHT="108" WIDTH="20" VPOS="2340" HPOS="770"/>
                  <String HEIGHT="108"
                          WIDTH="162"
                          VPOS="2340"
                          HPOS="709"
                          CONTENT="uis."/>
                  <SP HEIGHT="108" WIDTH="20" VPOS="2340" HPOS="872"/>
                  <String HEIGHT="108"
                          WIDTH="284"
                          VPOS="2340"
                          HPOS="811"
                          CONTENT="Significat"/>
                  <SP HEIGHT="108" WIDTH="20" VPOS="2340" HPOS="1095"/>
                  <String HEIGHT="108"
                          WIDTH="244"
                          VPOS="2340"
                          HPOS="1034"
                          CONTENT="spiritus"/>
                  <SP HEIGHT="108" WIDTH="20" VPOS="2340" HPOS="1278"/>
                  <String HEIGHT="108"
                          WIDTH="102"
                          VPOS="2340"
                          HPOS="1217"
                          CONTENT="&amp;"/>
                  <SP HEIGHT="108" WIDTH="20" VPOS="2340" HPOS="1318"/>
                  <String HEIGHT="108"
                          WIDTH="305"
                          VPOS="2340"
                          HPOS="1257"
                          CONTENT="spirituales"/>
                  <SP HEIGHT="108" WIDTH="20" VPOS="2340" HPOS="1562"/>
                  <String HEIGHT="108"
                          WIDTH="203"
                          VPOS="2340"
                          HPOS="1501"
                          CONTENT="motus,"/>
                  <SP HEIGHT="108" WIDTH="20" VPOS="2340" HPOS="1704"/>
                  <String HEIGHT="108"
                          WIDTH="162"
                          VPOS="2340"
                          HPOS="1643"
                          CONTENT="quos"/>
                  <SP HEIGHT="108" WIDTH="20" VPOS="2340" HPOS="1806"/>
                  <String HEIGHT="108" WIDTH="41" VPOS="2340" HPOS="1724" CONTENT=""/>
               </TextLine>
               <TextLine ID="line_1593646593859_229"
                         BASELINE="2499"
                         HEIGHT="94"
                         WIDTH="1667"
                         VPOS="2405"
                         HPOS="97">
                  <String HEIGHT="94"
                          WIDTH="226"
                          VPOS="2405"
                          HPOS="76"
                          CONTENT="excitat"/>
                  <SP HEIGHT="94" WIDTH="21" VPOS="2405" HPOS="303"/>
                  <String HEIGHT="94" WIDTH="123" VPOS="2405" HPOS="241" CONTENT="in"/>
                  <SP HEIGHT="94" WIDTH="21" VPOS="2405" HPOS="365"/>
                  <String HEIGHT="94"
                          WIDTH="247"
                          VPOS="2405"
                          HPOS="303"
                          CONTENT="cordibus"/>
                  <SP HEIGHT="94" WIDTH="21" VPOS="2405" HPOS="550"/>
                  <String HEIGHT="94"
                          WIDTH="268"
                          VPOS="2405"
                          HPOS="488"
                          CONTENT="sanctorum"/>
                  <SP HEIGHT="94" WIDTH="21" VPOS="2405" HPOS="756"/>
                  <String HEIGHT="94"
                          WIDTH="226"
                          VPOS="2405"
                          HPOS="694"
                          CONTENT="sanctus"/>
                  <SP HEIGHT="94" WIDTH="21" VPOS="2405" HPOS="920"/>
                  <String HEIGHT="94"
                          WIDTH="268"
                          VPOS="2405"
                          HPOS="858"
                          CONTENT="spiritus,"/>
                  <SP HEIGHT="94" WIDTH="21" VPOS="2405" HPOS="1126"/>
                  <String HEIGHT="94"
                          WIDTH="226"
                          VPOS="2405"
                          HPOS="1064"
                          CONTENT="adeoque"/>
                  <SP HEIGHT="94" WIDTH="21" VPOS="2405" HPOS="1291"/>
                  <String HEIGHT="94"
                          WIDTH="165"
                          VPOS="2405"
                          HPOS="1229"
                          CONTENT="ipsa"/>
                  <SP HEIGHT="94" WIDTH="21" VPOS="2405" HPOS="1394"/>
                  <String HEIGHT="94"
                          WIDTH="165"
                          VPOS="2405"
                          HPOS="1332"
                          CONTENT="dona"/>
                  <SP HEIGHT="94" WIDTH="21" VPOS="2405" HPOS="1496"/>
                  <String HEIGHT="94"
                          WIDTH="144"
                          VPOS="2405"
                          HPOS="1435"
                          CONTENT="per"/>
                  <SP HEIGHT="94" WIDTH="21" VPOS="2405" HPOS="1579"/>
                  <String HEIGHT="94"
                          WIDTH="247"
                          VPOS="2405"
                          HPOS="1517"
                          CONTENT="spiritum"/>
                  <SP HEIGHT="94" WIDTH="21" VPOS="2405" HPOS="1764"/>
                  <String HEIGHT="94" WIDTH="82" VPOS="2405" HPOS="1682" CONTENT="in"/>
               </TextLine>
               <TextLine ID="line_1593646593861_231"
                         BASELINE="2558"
                         HEIGHT="97"
                         WIDTH="1671"
                         VPOS="2461"
                         HPOS="91">
                  <String HEIGHT="97"
                          WIDTH="193"
                          VPOS="2461"
                          HPOS="70"
                          CONTENT="corda"/>
                  <SP HEIGHT="97" WIDTH="21" VPOS="2461" HPOS="262"/>
                  <String HEIGHT="97"
                          WIDTH="236"
                          VPOS="2461"
                          HPOS="198"
                          CONTENT="hominum"/>
                  <SP HEIGHT="97" WIDTH="21" VPOS="2461" HPOS="434"/>
                  <String HEIGHT="97"
                          WIDTH="300"
                          VPOS="2461"
                          HPOS="370"
                          CONTENT="transfusa."/>
                  <SP HEIGHT="97" WIDTH="21" VPOS="2461" HPOS="669"/>
                  <String HEIGHT="97" WIDTH="129" VPOS="2461" HPOS="605" CONTENT="Id"/>
                  <SP HEIGHT="97" WIDTH="21" VPOS="2461" HPOS="734"/>
                  <String HEIGHT="97"
                          WIDTH="171"
                          VPOS="2461"
                          HPOS="669"
                          CONTENT="quod"/>
                  <SP HEIGHT="97" WIDTH="21" VPOS="2461" HPOS="841"/>
                  <String HEIGHT="97" WIDTH="129" VPOS="2461" HPOS="777" CONTENT="in"/>
                  <SP HEIGHT="97" WIDTH="21" VPOS="2461" HPOS="905"/>
                  <String HEIGHT="97"
                          WIDTH="193"
                          VPOS="2461"
                          HPOS="841"
                          CONTENT="Paulo"/>
                  <SP HEIGHT="97" WIDTH="21" VPOS="2461" HPOS="1034"/>
                  <String HEIGHT="97"
                          WIDTH="214"
                          VPOS="2461"
                          HPOS="969"
                          CONTENT="ubique"/>
                  <SP HEIGHT="97" WIDTH="21" VPOS="2461" HPOS="1184"/>
                  <String HEIGHT="97"
                          WIDTH="214"
                          VPOS="2461"
                          HPOS="1119"
                          CONTENT="obuium"/>
                  <SP HEIGHT="97" WIDTH="21" VPOS="2461" HPOS="1334"/>
                  <String HEIGHT="97"
                          WIDTH="171"
                          VPOS="2461"
                          HPOS="1269"
                          CONTENT="est."/>
                  <SP HEIGHT="97" WIDTH="21" VPOS="2461" HPOS="1441"/>
                  <String HEIGHT="97"
                          WIDTH="236"
                          VPOS="2461"
                          HPOS="1376"
                          CONTENT="Alicubi"/>
                  <SP HEIGHT="97" WIDTH="21" VPOS="2461" HPOS="1612"/>
                  <String HEIGHT="97"
                          WIDTH="236"
                          VPOS="2461"
                          HPOS="1526"
                          CONTENT="opponitur"/>
               </TextLine>
               <TextLine ID="line_1593646593862_233"
                         BASELINE="2618"
                         HEIGHT="109"
                         WIDTH="1666"
                         VPOS="2509"
                         HPOS="94">
                  <String HEIGHT="109"
                          WIDTH="227"
                          VPOS="2509"
                          HPOS="75"
                          CONTENT="spiritus"/>
                  <SP HEIGHT="109" WIDTH="19" VPOS="2509" HPOS="302"/>
                  <String HEIGHT="109"
                          WIDTH="227"
                          VPOS="2509"
                          HPOS="245"
                          CONTENT="literae,"/>
                  <SP HEIGHT="109" WIDTH="19" VPOS="2509" HPOS="473"/>
                  <String HEIGHT="109"
                          WIDTH="227"
                          VPOS="2509"
                          HPOS="416"
                          CONTENT="corpori,"/>
                  <SP HEIGHT="109" WIDTH="19" VPOS="2509" HPOS="643"/>
                  <String HEIGHT="109"
                          WIDTH="227"
                          VPOS="2509"
                          HPOS="586"
                          CONTENT="figurae,"/>
                  <SP HEIGHT="109" WIDTH="19" VPOS="2509" HPOS="813"/>
                  <String HEIGHT="109"
                          WIDTH="151"
                          VPOS="2509"
                          HPOS="757"
                          CONTENT="typo"/>
                  <SP HEIGHT="109" WIDTH="19" VPOS="2509" HPOS="908"/>
                  <String HEIGHT="109"
                          WIDTH="133"
                          VPOS="2509"
                          HPOS="851"
                          CONTENT="uel"/>
                  <SP HEIGHT="109" WIDTH="19" VPOS="2509" HPOS="984"/>
                  <String HEIGHT="109"
                          WIDTH="208"
                          VPOS="2509"
                          HPOS="927"
                          CONTENT="umbrae,"/>
                  <SP HEIGHT="109" WIDTH="19" VPOS="2509" HPOS="1135"/>
                  <String HEIGHT="109"
                          WIDTH="303"
                          VPOS="2509"
                          HPOS="1078"
                          CONTENT="usurpaturque"/>
                  <SP HEIGHT="109" WIDTH="19" VPOS="2509" HPOS="1381"/>
                  <String HEIGHT="109"
                          WIDTH="133"
                          VPOS="2509"
                          HPOS="1325"
                          CONTENT="pro"/>
                  <SP HEIGHT="109" WIDTH="19" VPOS="2509" HPOS="1457"/>
                  <String HEIGHT="109"
                          WIDTH="208"
                          VPOS="2509"
                          HPOS="1400"
                          CONTENT="altiore"/>
                  <SP HEIGHT="109" WIDTH="19" VPOS="2509" HPOS="1609"/>
                  <String HEIGHT="109"
                          WIDTH="133"
                          VPOS="2509"
                          HPOS="1552"
                          CONTENT="seu"/>
                  <SP HEIGHT="109" WIDTH="19" VPOS="2509" HPOS="1684"/>
                  <String HEIGHT="109"
                          WIDTH="151"
                          VPOS="2509"
                          HPOS="1609"
                          CONTENT="mysti"
                          SUBS_TYPE="HypPart1"
                          SUBS_CONTENT="mystico"/>
                  <HYP CONTENT="-"/>
               </TextLine>
               <TextLine ID="line_1593646593863_235"
                         BASELINE="2659"
                         HEIGHT="81"
                         WIDTH="1661"
                         VPOS="2578"
                         HPOS="98">
                  <String HEIGHT="81"
                          WIDTH="111"
                          VPOS="2578"
                          HPOS="80"
                          CONTENT="co"
                          SUBS_TYPE="HypPart2"
                          SUBS_CONTENT="mystico"/>
                  <SP HEIGHT="81" WIDTH="18" VPOS="2578" HPOS="190"/>
                  <String HEIGHT="81"
                          WIDTH="166"
                          VPOS="2578"
                          HPOS="135"
                          CONTENT="sensu"/>
                  <SP HEIGHT="81" WIDTH="18" VPOS="2578" HPOS="301"/>
                  <String HEIGHT="81"
                          WIDTH="203"
                          VPOS="2578"
                          HPOS="246"
                          CONTENT="ipsoque"/>
                  <SP HEIGHT="81" WIDTH="18" VPOS="2578" HPOS="449"/>
                  <String HEIGHT="81"
                          WIDTH="129"
                          VPOS="2578"
                          HPOS="393"
                          CONTENT="rei"/>
                  <SP HEIGHT="81" WIDTH="18" VPOS="2578" HPOS="522"/>
                  <String HEIGHT="81"
                          WIDTH="203"
                          VPOS="2578"
                          HPOS="467"
                          CONTENT="nucleo:"/>
                  <SP HEIGHT="81" WIDTH="18" VPOS="2578" HPOS="670"/>
                  <String HEIGHT="81" WIDTH="111" VPOS="2578" HPOS="615" CONTENT="ut"/>
                  <SP HEIGHT="81" WIDTH="18" VPOS="2578" HPOS="725"/>
                  <String HEIGHT="81"
                          WIDTH="129"
                          VPOS="2578"
                          HPOS="670"
                          CONTENT="cum"/>
                  <SP HEIGHT="81" WIDTH="18" VPOS="2578" HPOS="799"/>
                  <String HEIGHT="81"
                          WIDTH="185"
                          VPOS="2578"
                          HPOS="744"
                          CONTENT="Paulus"/>
                  <SP HEIGHT="81" WIDTH="18" VPOS="2578" HPOS="929"/>
                  <String HEIGHT="81"
                          WIDTH="185"
                          VPOS="2578"
                          HPOS="873"
                          CONTENT="dicit."/>
                  <SP HEIGHT="81" WIDTH="18" VPOS="2578" HPOS="1058"/>
                  <String HEIGHT="81"
                          WIDTH="277"
                          VPOS="2578"
                          HPOS="1002"
                          CONTENT="Circuncisio"/>
                  <SP HEIGHT="81" WIDTH="18" VPOS="2578" HPOS="1279"/>
                  <String HEIGHT="81"
                          WIDTH="203"
                          VPOS="2578"
                          HPOS="1224"
                          CONTENT="cordis,"/>
                  <SP HEIGHT="81" WIDTH="18" VPOS="2578" HPOS="1427"/>
                  <String HEIGHT="81"
                          WIDTH="277"
                          VPOS="2578"
                          HPOS="1371"
                          CONTENT="circuncisio"/>
                  <SP HEIGHT="81" WIDTH="18" VPOS="2578" HPOS="1648"/>
                  <String HEIGHT="81"
                          WIDTH="129"
                          VPOS="2578"
                          HPOS="1593"
                          CONTENT="est"/>
                  <SP HEIGHT="81" WIDTH="18" VPOS="2578" HPOS="1722"/>
                  <String HEIGHT="81"
                          WIDTH="111"
                          VPOS="2578"
                          HPOS="1648"
                          CONTENT="quae"/>
               </TextLine>
               <TextLine ID="line_1593646593864_237"
                         BASELINE="2718"
                         HEIGHT="99"
                         WIDTH="1667"
                         VPOS="2619"
                         HPOS="91">
                  <String HEIGHT="99"
                          WIDTH="224"
                          VPOS="2619"
                          HPOS="71"
                          CONTENT="spiritu"/>
                  <SP HEIGHT="99" WIDTH="20" VPOS="2619" HPOS="294"/>
                  <String HEIGHT="99"
                          WIDTH="224"
                          VPOS="2619"
                          HPOS="233"
                          CONTENT="constat"/>
                  <SP HEIGHT="99" WIDTH="20" VPOS="2619" HPOS="457"/>
                  <String HEIGHT="99"
                          WIDTH="142"
                          VPOS="2619"
                          HPOS="396"
                          CONTENT="non"/>
                  <SP HEIGHT="99" WIDTH="20" VPOS="2619" HPOS="538"/>
                  <String HEIGHT="99"
                          WIDTH="224"
                          VPOS="2619"
                          HPOS="477"
                          CONTENT="litera."/>
                  <SP HEIGHT="99" WIDTH="20" VPOS="2619" HPOS="701"/>
                  <String HEIGHT="99" WIDTH="122" VPOS="2619" HPOS="640" CONTENT="Et"/>
                  <SP HEIGHT="99" WIDTH="20" VPOS="2619" HPOS="762"/>
                  <String HEIGHT="99"
                          WIDTH="224"
                          VPOS="2619"
                          HPOS="701"
                          CONTENT="iterum,"/>
                  <SP HEIGHT="99" WIDTH="20" VPOS="2619" HPOS="925"/>
                  <String HEIGHT="99"
                          WIDTH="224"
                          VPOS="2619"
                          HPOS="864"
                          CONTENT="Dominus"/>
                  <SP HEIGHT="99" WIDTH="20" VPOS="2619" HPOS="1087"/>
                  <String HEIGHT="99"
                          WIDTH="183"
                          VPOS="2619"
                          HPOS="1026"
                          CONTENT="fecit"/>
                  <SP HEIGHT="99" WIDTH="20" VPOS="2619" HPOS="1209"/>
                  <String HEIGHT="99"
                          WIDTH="142"
                          VPOS="2619"
                          HPOS="1148"
                          CONTENT="nos"/>
                  <SP HEIGHT="99" WIDTH="20" VPOS="2619" HPOS="1290"/>
                  <String HEIGHT="99"
                          WIDTH="224"
                          VPOS="2619"
                          HPOS="1229"
                          CONTENT="idoneos"/>
                  <SP HEIGHT="99" WIDTH="20" VPOS="2619" HPOS="1453"/>
                  <String HEIGHT="99"
                          WIDTH="264"
                          VPOS="2619"
                          HPOS="1392"
                          CONTENT="ministros"/>
                  <SP HEIGHT="99" WIDTH="20" VPOS="2619" HPOS="1656"/>
                  <String HEIGHT="99"
                          WIDTH="163"
                          VPOS="2619"
                          HPOS="1595"
                          CONTENT="noui"/>
                  <SP HEIGHT="99" WIDTH="20" VPOS="2619" HPOS="1758"/>
                  <String HEIGHT="99" WIDTH="81" VPOS="2619" HPOS="1677" CONTENT="Te"/>
               </TextLine>
               <TextLine ID="line_1593646593865_239"
                         BASELINE="2770"
                         HEIGHT="94"
                         WIDTH="1663"
                         VPOS="2676"
                         HPOS="94">
                  <String HEIGHT="94"
                          WIDTH="248"
                          VPOS="2676"
                          HPOS="75"
                          CONTENT="stamenti,"/>
                  <SP HEIGHT="94" WIDTH="19" VPOS="2676" HPOS="323"/>
                  <String HEIGHT="94"
                          WIDTH="134"
                          VPOS="2676"
                          HPOS="266"
                          CONTENT="non"/>
                  <SP HEIGHT="94" WIDTH="19" VPOS="2676" HPOS="400"/>
                  <String HEIGHT="94"
                          WIDTH="229"
                          VPOS="2676"
                          HPOS="342"
                          CONTENT="literae,"/>
                  <SP HEIGHT="94" WIDTH="19" VPOS="2676" HPOS="572"/>
                  <String HEIGHT="94"
                          WIDTH="134"
                          VPOS="2676"
                          HPOS="515"
                          CONTENT="sed"/>
                  <SP HEIGHT="94" WIDTH="19" VPOS="2676" HPOS="648"/>
                  <String HEIGHT="94"
                          WIDTH="248"
                          VPOS="2676"
                          HPOS="591"
                          CONTENT="spiritus."/>
                  <SP HEIGHT="94" WIDTH="19" VPOS="2676" HPOS="839"/>
                  <String HEIGHT="94"
                          WIDTH="134"
                          VPOS="2676"
                          HPOS="782"
                          CONTENT="Nam"/>
                  <SP HEIGHT="94" WIDTH="19" VPOS="2676" HPOS="916"/>
                  <String HEIGHT="94"
                          WIDTH="191"
                          VPOS="2676"
                          HPOS="859"
                          CONTENT="litera"/>
                  <SP HEIGHT="94" WIDTH="19" VPOS="2676" HPOS="1050"/>
                  <String HEIGHT="94"
                          WIDTH="229"
                          VPOS="2676"
                          HPOS="992"
                          CONTENT="occidit:"/>
                  <SP HEIGHT="94" WIDTH="19" VPOS="2676" HPOS="1222"/>
                  <String HEIGHT="94"
                          WIDTH="229"
                          VPOS="2676"
                          HPOS="1164"
                          CONTENT="spiritus"/>
                  <SP HEIGHT="94" WIDTH="19" VPOS="2676" HPOS="1394"/>
                  <String HEIGHT="94"
                          WIDTH="268"
                          VPOS="2676"
                          HPOS="1336"
                          CONTENT="uiuificat."/>
                  <SP HEIGHT="94" WIDTH="19" VPOS="2676" HPOS="1604"/>
                  <String HEIGHT="94"
                          WIDTH="153"
                          VPOS="2676"
                          HPOS="1547"
                          CONTENT="Ergo"/>
                  <SP HEIGHT="94" WIDTH="19" VPOS="2676" HPOS="1700"/>
                  <String HEIGHT="94"
                          WIDTH="134"
                          VPOS="2676"
                          HPOS="1623"
                          CONTENT="inue"
                          SUBS_TYPE="HypPart1"
                          SUBS_CONTENT="inuenias"/>
                  <HYP CONTENT="-"/>
               </TextLine>
               <TextLine ID="line_1593646593867_241"
                         BASELINE="2834"
                         HEIGHT="102"
                         WIDTH="1669"
                         VPOS="2732"
                         HPOS="88">
                  <String HEIGHT="102"
                          WIDTH="167"
                          VPOS="2732"
                          HPOS="67"
                          CONTENT="nias"
                          SUBS_TYPE="HypPart2"
                          SUBS_CONTENT="inuenias"/>
                  <SP HEIGHT="102" WIDTH="21" VPOS="2732" HPOS="234"/>
                  <String HEIGHT="102"
                          WIDTH="250"
                          VPOS="2732"
                          HPOS="171"
                          CONTENT="spiritum"/>
                  <SP HEIGHT="102" WIDTH="21" VPOS="2732" HPOS="422"/>
                  <String HEIGHT="102"
                          WIDTH="167"
                          VPOS="2732"
                          HPOS="359"
                          CONTENT="poni"/>
                  <SP HEIGHT="102" WIDTH="21" VPOS="2732" HPOS="526"/>
                  <String HEIGHT="102"
                          WIDTH="146"
                          VPOS="2732"
                          HPOS="464"
                          CONTENT="pro"/>
                  <SP HEIGHT="102" WIDTH="21" VPOS="2732" HPOS="610"/>
                  <String HEIGHT="102"
                          WIDTH="334"
                          VPOS="2732"
                          HPOS="547"
                          CONTENT="inspiratione"/>
                  <SP HEIGHT="102" WIDTH="21" VPOS="2732" HPOS="881"/>
                  <String HEIGHT="102"
                          WIDTH="313"
                          VPOS="2732"
                          HPOS="818"
                          CONTENT="reuelatione"/>
                  <SP HEIGHT="102" WIDTH="21" VPOS="2732" HPOS="1131"/>
                  <String HEIGHT="102"
                          WIDTH="188"
                          VPOS="2732"
                          HPOS="1069"
                          CONTENT="atque"/>
                  <SP HEIGHT="102" WIDTH="21" VPOS="2732" HPOS="1256"/>
                  <String HEIGHT="102"
                          WIDTH="271"
                          VPOS="2732"
                          HPOS="1194"
                          CONTENT="doctrina."/>
                  <SP HEIGHT="102" WIDTH="21" VPOS="2732" HPOS="1465"/>
                  <String HEIGHT="102"
                          WIDTH="229"
                          VPOS="2732"
                          HPOS="1402"
                          CONTENT="Ioannes"/>
                  <SP HEIGHT="102" WIDTH="21" VPOS="2732" HPOS="1632"/>
                  <String HEIGHT="102"
                          WIDTH="188"
                          VPOS="2732"
                          HPOS="1569"
                          CONTENT="enim,"/>
                  <SP HEIGHT="102" WIDTH="21" VPOS="2732" HPOS="1757"/>
                  <String HEIGHT="102"
                          WIDTH="83"
                          VPOS="2732"
                          HPOS="1674"
                          CONTENT="Ne"/>
               </TextLine>
               <TextLine ID="line_1593646593868_243"
                         BASELINE="2895"
                         HEIGHT="92"
                         WIDTH="1664"
                         VPOS="2803"
                         HPOS="91">
                  <String HEIGHT="92"
                          WIDTH="249"
                          VPOS="2803"
                          HPOS="72"
                          CONTENT="credatis,"/>
                  <SP HEIGHT="92" WIDTH="19" VPOS="2803" HPOS="321"/>
                  <String HEIGHT="92"
                          WIDTH="210"
                          VPOS="2803"
                          HPOS="263"
                          CONTENT="inquit,"/>
                  <SP HEIGHT="92" WIDTH="19" VPOS="2803" HPOS="474"/>
                  <String HEIGHT="92"
                          WIDTH="191"
                          VPOS="2803"
                          HPOS="416"
                          CONTENT="cuiuis"/>
                  <SP HEIGHT="92" WIDTH="19" VPOS="2803" HPOS="607"/>
                  <String HEIGHT="92"
                          WIDTH="249"
                          VPOS="2803"
                          HPOS="550"
                          CONTENT="spiritui,"/>
                  <SP HEIGHT="92" WIDTH="19" VPOS="2803" HPOS="799"/>
                  <String HEIGHT="92"
                          WIDTH="134"
                          VPOS="2803"
                          HPOS="741"
                          CONTENT="sed"/>
                  <SP HEIGHT="92" WIDTH="19" VPOS="2803" HPOS="875"/>
                  <String HEIGHT="92"
                          WIDTH="210"
                          VPOS="2803"
                          HPOS="818"
                          CONTENT="probate"/>
                  <SP HEIGHT="92" WIDTH="19" VPOS="2803" HPOS="1028"/>
                  <String HEIGHT="92"
                          WIDTH="230"
                          VPOS="2803"
                          HPOS="971"
                          CONTENT="spiritus"/>
                  <SP HEIGHT="92" WIDTH="19" VPOS="2803" HPOS="1200"/>
                  <String HEIGHT="92"
                          WIDTH="115"
                          VPOS="2803"
                          HPOS="1143"
                          CONTENT="an"/>
                  <SP HEIGHT="92" WIDTH="19" VPOS="2803" HPOS="1258"/>
                  <String HEIGHT="92"
                          WIDTH="115"
                          VPOS="2803"
                          HPOS="1200"
                          CONTENT="ex"/>
                  <SP HEIGHT="92" WIDTH="19" VPOS="2803" HPOS="1315"/>
                  <String HEIGHT="92"
                          WIDTH="134"
                          VPOS="2803"
                          HPOS="1258"
                          CONTENT="deo"/>
                  <SP HEIGHT="92" WIDTH="19" VPOS="2803" HPOS="1392"/>
                  <String HEIGHT="92"
                          WIDTH="172"
                          VPOS="2803"
                          HPOS="1334"
                          CONTENT="sint."/>
                  <SP HEIGHT="92" WIDTH="19" VPOS="2803" HPOS="1506"/>
                  <String HEIGHT="92"
                          WIDTH="172"
                          VPOS="2803"
                          HPOS="1449"
                          CONTENT="Item,"/>
                  <SP HEIGHT="92" WIDTH="19" VPOS="2803" HPOS="1621"/>
                  <String HEIGHT="92"
                          WIDTH="230"
                          VPOS="2803"
                          HPOS="1564"
                          CONTENT="Spiritum"/>
                  <SP HEIGHT="92" WIDTH="19" VPOS="2803" HPOS="1793"/>
                  <String HEIGHT="92" WIDTH="38" VPOS="2803" HPOS="1717" CONTENT=""/>
               </TextLine>
               <TextLine ID="line_1593646593870_245"
                         BASELINE="2949"
                         HEIGHT="90"
                         WIDTH="1673"
                         VPOS="2859"
                         HPOS="82">
                  <String HEIGHT="90" WIDTH="129" VPOS="2859" HPOS="61" CONTENT="ne"/>
                  <SP HEIGHT="90" WIDTH="21" VPOS="2859" HPOS="189"/>
                  <String HEIGHT="90"
                          WIDTH="343"
                          VPOS="2859"
                          HPOS="125"
                          CONTENT="extinguatis,"/>
                  <SP HEIGHT="90" WIDTH="21" VPOS="2859" HPOS="468"/>
                  <String HEIGHT="90"
                          WIDTH="300"
                          VPOS="2859"
                          HPOS="404"
                          CONTENT="prophetias"/>
                  <SP HEIGHT="90" WIDTH="21" VPOS="2859" HPOS="704"/>
                  <String HEIGHT="90" WIDTH="129" VPOS="2859" HPOS="640" CONTENT="ne"/>
                  <SP HEIGHT="90" WIDTH="21" VPOS="2859" HPOS="768"/>
                  <String HEIGHT="90"
                          WIDTH="343"
                          VPOS="2859"
                          HPOS="704"
                          CONTENT="aspernemini."/>
                  <SP HEIGHT="90" WIDTH="21" VPOS="2859" HPOS="1047"/>
                  <String HEIGHT="90"
                          WIDTH="257"
                          VPOS="2859"
                          HPOS="983"
                          CONTENT="Postremo"/>
                  <SP HEIGHT="90" WIDTH="21" VPOS="2859" HPOS="1240"/>
                  <String HEIGHT="90"
                          WIDTH="300"
                          VPOS="2859"
                          HPOS="1176"
                          CONTENT="appellatur"/>
                  <SP HEIGHT="90" WIDTH="21" VPOS="2859" HPOS="1476"/>
                  <String HEIGHT="90"
                          WIDTH="172"
                          VPOS="2859"
                          HPOS="1412"
                          CONTENT="deus"/>
                  <SP HEIGHT="90" WIDTH="21" VPOS="2859" HPOS="1583"/>
                  <String HEIGHT="90"
                          WIDTH="236"
                          VPOS="2859"
                          HPOS="1519"
                          CONTENT="immensa"/>
                  <SP HEIGHT="90" WIDTH="21" VPOS="2859" HPOS="1755"/>
                  <String HEIGHT="90" WIDTH="107" VPOS="2859" HPOS="1691" CONTENT="&amp;"/>
                  <SP HEIGHT="90" WIDTH="21" VPOS="2859" HPOS="1798"/>
                  <String HEIGHT="90" WIDTH="43" VPOS="2859" HPOS="1712" CONTENT=""/>
               </TextLine>
               <TextLine ID="line_1593646593871_247"
                         BASELINE="2996"
                         HEIGHT="91"
                         WIDTH="1664"
                         VPOS="2905"
                         HPOS="88">
                  <String HEIGHT="91"
                          WIDTH="284"
                          VPOS="2905"
                          HPOS="69"
                          CONTENT="ineffabilis"/>
                  <SP HEIGHT="91" WIDTH="19" VPOS="2905" HPOS="353"/>
                  <String HEIGHT="91"
                          WIDTH="151"
                          VPOS="2905"
                          HPOS="296"
                          CONTENT="illa"/>
                  <SP HEIGHT="91" WIDTH="19" VPOS="2905" HPOS="447"/>
                  <String HEIGHT="91"
                          WIDTH="189"
                          VPOS="2905"
                          HPOS="391"
                          CONTENT="uirtus"/>
                  <SP HEIGHT="91" WIDTH="19" VPOS="2905" HPOS="580"/>
                  <String HEIGHT="91"
                          WIDTH="246"
                          VPOS="2905"
                          HPOS="523"
                          CONTENT="spiritus."/>
                  <SP HEIGHT="91" WIDTH="19" VPOS="2905" HPOS="769"/>
                  <String HEIGHT="91"
                          WIDTH="170"
                          VPOS="2905"
                          HPOS="712"
                          CONTENT="Deus,"/>
                  <SP HEIGHT="91" WIDTH="19" VPOS="2905" HPOS="882"/>
                  <String HEIGHT="91"
                          WIDTH="208"
                          VPOS="2905"
                          HPOS="825"
                          CONTENT="inquit,"/>
                  <SP HEIGHT="91" WIDTH="19" VPOS="2905" HPOS="1033"/>
                  <String HEIGHT="91"
                          WIDTH="208"
                          VPOS="2905"
                          HPOS="977"
                          CONTENT="dominus"/>
                  <SP HEIGHT="91" WIDTH="19" VPOS="2905" HPOS="1185"/>
                  <String HEIGHT="91"
                          WIDTH="208"
                          VPOS="2905"
                          HPOS="1128"
                          CONTENT="noster,"/>
                  <SP HEIGHT="91" WIDTH="19" VPOS="2905" HPOS="1336"/>
                  <String HEIGHT="91"
                          WIDTH="132"
                          VPOS="2905"
                          HPOS="1279"
                          CONTENT="est"/>
                  <SP HEIGHT="91" WIDTH="19" VPOS="2905" HPOS="1412"/>
                  <String HEIGHT="91"
                          WIDTH="246"
                          VPOS="2905"
                          HPOS="1355"
                          CONTENT="spiritus,"/>
                  <SP HEIGHT="91" WIDTH="19" VPOS="2905" HPOS="1601"/>
                  <String HEIGHT="91" WIDTH="95" VPOS="2905" HPOS="1544" CONTENT="&amp;"/>
                  <SP HEIGHT="91" WIDTH="19" VPOS="2905" HPOS="1639"/>
                  <String HEIGHT="91"
                          WIDTH="132"
                          VPOS="2905"
                          HPOS="1582"
                          CONTENT="eos"/>
                  <SP HEIGHT="91" WIDTH="19" VPOS="2905" HPOS="1714"/>
                  <String HEIGHT="91"
                          WIDTH="132"
                          VPOS="2905"
                          HPOS="1657"
                          CONTENT="qui"/>
                  <SP HEIGHT="91" WIDTH="19" VPOS="2905" HPOS="1790"/>
                  <String HEIGHT="91" WIDTH="38" VPOS="2905" HPOS="1714" CONTENT=""/>
               </TextLine>
            </TextBlock>
         </PrintSpace>
      </Page>
   </Layout>
</alto>
