2288 3632
497 262 230 123 adorant
664 262 167 123 eum,
768 262 230 123 spiritu
935 262 104 123 &
977 262 250 123 ueritate
1165 262 230 123 oportet
1332 262 250 123 adorare.
1520 262 146 123 Hac
1603 262 230 123 ratione
1770 262 271 123 uocabulum
1958 262 209 123 spiritus

506 350 221 74 commune
667 350 141 74 est
747 350 221 74 omnibus
908 350 241 74 personis
1089 350 261 74 adorandae
1290 350 282 74 trinitatis
1511 350 101 74 :
1552 350 322 74 peculiariter
1813 350 181 74 tamen
1934 350 221 74 tertiae
2074 350 101 74 per

495 401 197 89 sonae
626 401 306 89 trinitatis
867 401 371 89 accommodatur,
1172 401 131 89 de
1238 401 153 89 qua
1325 401 262 89 Sermonem
1522 401 175 89 hunc
1609 401 306 89 instituimus,

577 450 121 90 Et
637 450 223 90 quamuis
799 450 243 90 Spiritus
982 450 243 90 sanctus,
1164 450 121 90 eo
1225 450 162 90 quod
1326 450 162 90 deus
1427 450 162 90 sit,
1528 450 202 90 nullis
1670 450 202 90 possit
1812 450 324 90 circumscribi
2055 450 121 90 limi

509 507 176 94 tibus
627 507 98 94 :
666 507 137 94 est
744 507 156 94 enim
842 507 195 94 natura
978 507 137 94 sua
1056 507 313 94 ineffabilis,
1310 507 254 94 immensus,
1506 507 449 94 incomprehensibilis,
1897 507 234 94 aeternus
2072 507 98 94 :
2092 507 78 94 ut

508 567 188 79 tamen
634 567 188 79 certo
759 567 209 79 ordine
906 567 126 79 de
968 567 126 79 eo
1031 567 230 79 aliquid
1199 567 209 79 dicam,
1345 567 272 79 adumbrabo
1554 567 209 79 saltem
1701 567 126 79 id
1764 567 167 79 quod
1868 567 126 79 de
1931 567 167 79 ipso
2015 567 167 79 fusis-

513 635 151 66 sime
607 635 189 66 tradit
739 635 245 66 scriptura
928 635 189 66 ipsius
1060 635 189 66 sancti
1192 635 226 66 spiritus
1362 635 283 66 inspiratio.
1588 635 226 66 Spiritus
1758 635 207 66 sanctus
1909 635 132 66 est
1984 635 189 66 tertia
2098 635 75 66 in

509 682 238 79 adoranda
688 682 258 79 trinitate
887 682 238 79 persona,
1065 682 159 79 deus
1165 682 199 79 uerus,
1304 682 119 79 ex
1363 682 179 79 patre
1483 682 99 79 &
1522 682 179 79 filio
1642 682 278 79 procedens,
1860 682 139 79 qui
1940 682 219 79 fideles
2079 682 99 79 il-

501 732 252 96 luminat,
690 732 273 96 regenerat
900 732 336 96 sanctificat,
1173 732 105 96 &
1215 732 231 96 omnibus
1384 732 189 96 bonis
1510 732 273 96 adimpled.
1720 732 252 96 Caeterum
1909 732 252 96 Spiritum
2077 732 105 96 san

508 798 174 77 ctum
617 798 239 77 tertiam
791 798 174 77 esse
899 798 130 77 in
964 798 261 77 adoranda
1160 798 282 77 trinitate
1377 798 282 77 personam,
1594 798 348 77 demonstratum
1877 798 217 77 opinor
2007 798 174 77 abunde

521 846 182 79 satis
642 846 121 79 in
703 846 222 79 Sermone
864 846 182 79 huius
986 846 222 79 Decadis
1147 846 121 79 3.
1208 846 222 79 Equidem
1370 846 182 79 unica
1491 846 162 79 haec
1592 846 283 79 Saluatoris
1814 846 202 79 nostri
1935 846 243 79 sententia,

504 914 256 73 Baptizate
701 914 138 73 eos
780 914 118 73 in
839 914 177 73 nomen
958 914 217 73 patris,
1115 914 99 73 &
1155 914 197 73 filij,
1293 914 99 73 &
1332 914 237 73 spiritus
1510 914 217 73 sancti,
1667 914 197 73 abunde
1805 914 256 73 confirmat
2003 914 158 73 pijs
2081 914 99 73 men

519 962 189 85 tibus,
652 962 151 85 quod
746 962 227 85 spiritus
916 962 208 85 sanctus
1068 962 132 85 est
1143 962 189 85 tertia
1276 962 114 85 in
1333 962 246 85 trinitate
1503 962 189 85 persona.

577 1012 180 93 Porro
697 1012 160 93 deum
797 1012 160 93 esse
897 1012 200 93 uerum,
1038 1012 220 93 eiusdem
1198 1012 300 93 potestatis,
1438 1012 240 93 gloriae,
1618 1012 280 93 maiestatis
1839 1012 100 93 &
1879 1012 260 93 essentiae
2079 1012 140 93 cum

518 1069 172 96 patre
633 1069 96 96 &
671 1069 191 96 filio,
804 1069 172 96 illud
919 1069 115 96 in
976 1069 191 96 primis
1110 1069 191 96 arguit
1244 1069 153 96 quod
1339 1069 191 96 tertia
1473 1069 134 96 est
1550 1069 115 96 in
1607 1069 191 96 sancta
1741 1069 248 96 trinitate
1932 1069 229 96 persona.
2084 1069 96 96 Ne-

520 1126 149 94 que
605 1126 298 94 cogitandum
839 1126 149 94 est
924 1126 170 94 hunc
1030 1126 191 94 illis
1158 1126 234 94 minorem
1328 1126 170 94 esse
1434 1126 170 94 quod
1541 1126 213 94 tertio
1690 1126 170 94 loco
1796 1126 298 94 numeratur.
2030 1126 149 94 Nam
2094 1126 85 94 li

515 1192 141 90 cet
595 1192 201 90 ordine
736 1192 341 90 commemorentur
1017 1192 121 90 at
1077 1192 181 90 nobis
1198 1192 241 90 trinitas
1379 1192 201 90 beata,
1519 1192 201 90 nullus
1660 1192 181 90 tamen
1780 1192 221 90 gradus,
1941 1192 201 90 nullum
2082 1192 141 90 tem

518 1240 167 97 pus,
622 1240 208 97 nullus
768 1240 188 97 locus
893 1240 146 97 aut
977 1240 229 97 numerus
1143 1240 146 97 est
1227 1240 125 97 in
1289 1240 271 97 benedicta
1497 1240 292 97 trinitate.
1727 1240 146 97 Nam
1810 1240 250 97 secundum
1977 1240 208 97 scriptu-

519 1296 137 82 ram
598 1296 255 82 confessus
794 1296 137 82 est
872 1296 196 82 beatus
1009 1296 294 82 Athanasius,
1244 1296 98 82 &
1284 1296 196 82 dixit,
1421 1296 176 82 Fides
1538 1296 255 82 catholica
1734 1296 157 82 haec
1832 1296 157 82 est,
1930 1296 118 82 ut
1989 1296 157 82 unum
2067 1296 118 82 deum

523 1362 117 72 in
582 1362 274 72 trinitate,
797 1362 98 72 &
836 1362 274 72 trinitatem
1051 1362 117 72 in
1110 1362 235 72 unitate,
1286 1362 274 72 ueneremur:
1501 1362 176 72 neque
1618 1362 313 72 confundentes
1872 1362 254 72 personas,
2048 1362 137 72 neque

527 1408 282 83 substantiam
753 1408 282 83 separantes.
979 1408 150 83 Alia
1073 1408 132 83 est
1148 1408 150 83 enim
1242 1408 207 83 persona
1392 1408 207 83 patris,
1543 1408 150 83 alia
1637 1408 188 83 filij,
1768 1408 150 83 alia
1862 1408 226 83 spiritus
2013 1408 169 83 sancti:

527 1472 131 74 sed
602 1472 187 74 patris
733 1472 93 74 &
770 1472 168 74 filij
882 1472 93 74 &
920 1472 224 74 spiritus
1088 1472 187 74 sancti
1219 1472 131 74 una
1294 1472 131 74 est
1369 1472 262 74 diuinitas,
1574 1472 224 74 aequalis
1742 1472 206 74 gloria,
1892 1472 243 74 coaeterna
2060 1472 131 74 maie-

517 1518 169 84 stas.
630 1518 188 84 Qualis
761 1518 188 84 pater,
893 1518 169 84 talis
1005 1518 207 84 filius,
1156 1518 169 84 talis
1268 1518 225 84 spiritus
1437 1518 225 84 sanctus.
1606 1518 244 84 Increatus
1794 1518 188 84 pater,
1925 1518 244 84 increatus
2094 1518 94 84 fi-

528 1575 180 86 lius,
648 1575 260 86 increatus
848 1575 240 86 spiritus
1029 1575 240 86 sanctus.
1209 1575 240 86 Immensus
1389 1575 200 86 pater,
1529 1575 240 86 immensus
1709 1575 220 86 filius,
1870 1575 240 86 immensus
2030 1575 160 86 spiri-

522 1634 134 82 tus
599 1634 231 82 sanctus.
772 1634 231 82 Aeternus
944 1634 192 82 pater,
1079 1634 231 82 aeternus
1252 1634 211 82 filius,
1405 1634 231 82 aeternus
1578 1634 231 82 spiritus
1751 1634 211 82 sanctus
1905 1634 96 82 :
1943 1634 96 82 &
1982 1634 173 82 tamen
2097 1634 134 82 non

533 1687 154 93 tres
629 1687 232 93 aeterni,
803 1687 135 93 sed
880 1687 154 93 unus
977 1687 251 93 aeternus,
1170 1687 135 93 &c.
1247 1687 135 93 Sed
1324 1687 97 93 &
1363 1687 116 93 S.
1421 1687 270 93 Augustinus
1633 1687 174 93 libro
1749 1687 116 93 de
1807 1687 251 93 Trinitate
2000 1687 135 93 15.
2077 1687 154 93 cap.

528 1753 138 72 26.
607 1753 118 72 In
666 1753 157 72 illa
764 1753 177 72 summa
882 1753 275 72 trinitate,
1099 1753 157 72 ait,
1197 1753 157 72 quae
1295 1753 157 72 deus
1394 1753 157 72 est,
1492 1753 275 72 interualla
1708 1753 236 72 temporum
1885 1753 177 72 nulla
2003 1753 177 72 sunt,
2102 1753 98 72 per

530 1806 156 72 quae
628 1806 196 72 possit
765 1806 215 72 ostendi
922 1806 137 72 aut
1000 1806 196 72 saltem
1137 1806 235 72 requiri,
1313 1806 176 72 Vtrum
1430 1806 176 72 prius
1548 1806 117 72 de
1606 1806 176 72 patre
1724 1806 176 72 natus
1841 1806 137 72 sit
1919 1806 215 72 filius,
2076 1806 98 72 &
2095 1806 98 72 po-

534 1861 164 81 stea
637 1861 123 81 de
699 1861 226 81 ambobus
863 1861 308 81 processerit
1109 1861 246 81 spiritus
1294 1861 246 81 sanctus.
1479 1861 123 81 Et
1540 1861 246 81 reliqua.
1725 1861 185 81 Certe
1848 1861 308 81 conmfitemur
2074 1861 123 81 unum

528 1920 173 74 esse
636 1920 173 74 deum
744 1920 238 74 patrem,
917 1920 238 74 filium,
1090 1920 108 74 &
1133 1920 259 74 spiritum
1328 1920 259 74 sanctum,
1522 1920 108 74 &
1565 1920 173 74 hunc
1673 1920 173 74 esse
1782 1920 302 74 aeternium.
1998 1920 194 74 Neminem

531 1965 167 79 ergo
635 1965 271 79 conturbet
844 1965 167 79 quod
948 1965 208 79 ultimo
1094 1965 167 79 loco
1198 1965 229 79 ponitur
1365 1965 271 79 spiritus.
1573 1965 146 79 Nam
1656 1965 146 79 cum
1740 1965 292 79 aposstolus
1969 1965 125 79 in
2010 1965 188 79 episto-

532 2021 124 82 la
594 2021 124 82 ad
657 2021 290 82 Corinthios
885 2021 352 82 benedictionem
1175 2021 269 82 contexit,
1382 2021 207 82 Gratia
1527 2021 207 82 domini
1672 2021 207 82 nostri
1817 2021 166 82 Iesu
1921 2021 249 82 Christi,
2086 2021 104 82 in-

534 2075 185 90 quit,
658 2075 103 90 &
699 2075 246 90 dilectio
883 2075 144 90 dei
966 2075 103 90 &
1007 2075 328 90 communicatio
1273 2075 205 90 sancti
1417 2075 246 90 spiritus
1602 2075 144 90 sit
1684 2075 144 90 cum
1766 2075 226 90 omnibus
1930 2075 205 90 uobis.
2053 2075 144 90 Vlti-

535 2131 137 95 mo
604 2131 228 95 quidem
764 2131 183 95 loco
878 2131 320 95 commemorat
1129 2131 274 95 spiritum
1334 2131 114 95 :
1380 2131 206 95 uerum
1517 2131 183 95 idem
1631 2131 251 95 Paulus,
1814 2131 320 95 Diuisiones
2042 2131 160 95 dono-

526 2190 141 87 rum
606 2190 181 87 sunt,
727 2190 161 87 ait,
828 2190 141 87 sed
908 2190 161 87 idem
1009 2190 242 87 spiritus
1190 2190 101 87 :
1231 2190 101 87 &
1271 2190 282 87 diuisiones
1492 2190 342 87 ministeriorum
1774 2190 181 87 sunt,
1895 2190 141 87 sed
1976 2190 161 87 idem
2056 2190 141 87 domi-

534 2245 166 80 nus:
638 2245 104 80 &
679 2245 290 80 diuisiones
908 2245 311 80 operationum
1157 2245 187 80 sunt,
1281 2245 145 80 sed
1364 2245 166 80 idem
1468 2245 145 80 est
1551 2245 187 80 deus,
1675 2245 270 80 efficiens
1883 2245 187 80 omnia
2007 2245 124 80 in
2049 2245 145 80 omni-

538 2303 148 85 bus
622 2303 105 85 :
664 2303 190 85 primo
791 2303 211 85 utique
938 2303 169 85 loco
1044 2303 316 85 constituens
1297 2303 274 85 spiritum,
1507 2303 211 85 docens
1655 2303 232 85 ordinem
1824 2303 232 85 nominum
1992 2303 148 85 non
2055 2303 148 85 face-

537 2369 125 66 re
600 2369 291 66 dignitatum
828 2369 353 66 differentiam.
1119 2369 145 66 Hac
1202 2369 228 66 ratione
1368 2369 187 66 etiam
1493 2369 125 66 in
1555 2369 208 66 priore
1700 2369 291 66 testimonio
1929 2369 187 66 patri
2033 2369 166 66 filium

537 2413 334 94 praeposuit,
804 2413 156 94 non
893 2413 267 94 euertens
1093 2413 267 94 ordinem,
1293 2413 178 94 quem
1404 2413 222 94 posuit
1560 2413 178 94 apud
1671 2413 289 94 Matthaeum
1894 2413 245 94 dominus
2072 2413 111 94 :
2094 2413 111 94 sed

531 2472 293 75 trinitatis
761 2472 126 75 in
824 2472 209 75 honore
971 2472 335 75 aequalitatem
1243 2472 293 75 ostendens.
1473 2472 167 75 Quid
1578 2472 167 75 enim
1683 2472 230 75 clarius
1850 2472 209 75 dicas,
1997 2472 167 75 quam
2080 2472 126 75 quod

539 2529 246 80 scriptura
728 2529 170 80 dicit
842 2529 227 80 spiritum
1012 2529 208 80 sanctum
1163 2529 321 80 sanctificare,
1428 2529 246 80 renouare,
1617 2529 284 80 regenerare,
1844 2529 265 80 uiuificare
2052 2529 113 80 ac
2090 2529 113 80 sal-

535 2584 183 85 uare:
657 2584 142 85 Hae
738 2584 183 85 autem
860 2584 163 85 sunt
962 2584 305 85 operationes
1206 2584 163 85 soli
1307 2584 142 85 deo
1389 2584 325 85 congruentes.
1653 2584 122 85 Ex
1714 2584 346 85 operationibus
1999 2584 203 85 itaque
2121 2584 81 85 ma

532 2640 224 86 nifeste
695 2640 285 86 agnoscimus
919 2640 244 86 spiritum
1102 2640 224 86 sanctum
1265 2640 163 86 esse
1367 2640 183 86 deum,
1489 2640 224 86 eiusdem
1652 2640 265 86 essentiae
1856 2640 102 86 &
1896 2640 265 86 petentiae
2100 2640 143 86 cum

543 2703 175 80 patre
659 2703 97 80 &
698 2703 195 80 filioi
835 2703 136 80 Est
912 2703 156 80 enim
1010 2703 234 80 spiritus
1185 2703 214 80 sanctus
1341 2703 117 80 ab
1399 2703 195 80 eterno
1535 2703 156 80 ante
1633 2703 175 80 omnes
1749 2703 253 80 creaturas
1944 2703 253 80 uisibiles
2119 2703 78 80 et

546 2757 308 78 inuisibiles,
796 2757 212 78 creator
950 2757 135 78 non
1027 2757 250 78 creatura,
1219 2757 308 78 testificante
1469 2757 154 78 lob,
1565 2757 231 78 Spiritus
1738 2757 154 78 eius
1835 2757 212 78 ornauit
1988 2757 212 78 coelos.
2123 2757 77 78 I-

539 2806 171 82 tem,
646 2806 257 82 Spiritus
838 2806 150 82 dei
923 2806 257 82 condidit
1116 2806 150 82 me,
1201 2806 107 82 &
1244 2806 257 82 afflatus
1436 2806 342 82 omnipotentis
1714 2806 235 82 indidit
1885 2806 171 82 mihi
1992 2806 214 82 uitam.
2120 2806 86 82 a-

551 2858 222 95 charias
712 2858 242 95 sacerdos
893 2858 181 95 pater
1014 2858 181 95 Ioan.
1135 2858 282 95 Baptistae,
1357 2858 302 95 Benedictus,
1599 2858 222 95 inquit,
1760 2858 222 95 dominus
1921 2858 161 95 deus
2022 2858 222 95 lsrael,
