2288 3632
479 269 160 112 mam.
579 269 179 112 Dicit
698 269 179 112 enim,
818 269 299 112 Baptisantes
1057 269 140 112 eos
1137 269 120 112 in
1197 269 179 112 nomen
1317 269 219 112 patris,
1476 269 100 112 &
1516 269 199 112 filij,
1656 269 100 112 &
1695 269 239 112 spiritus
1875 269 219 112 sancti.
2014 269 140 112 Atqui

476 352 301 75 manifestum
713 352 151 75 est
799 352 258 75 creatori
993 352 151 75 non
1079 352 258 75 coniungi
1273 352 129 75 in
1338 352 258 75 baptismo
1532 352 301 75 creaturam,
1768 352 194 75 neque
1876 352 280 75 subseruiens

488 399 169 89 esse
594 399 254 89 quicquam
784 399 127 89 in
847 399 317 89 diuinitate.
1101 399 211 89 Itaque
1249 399 233 89 Synodus
1418 399 486 89 Constantinopolitana
1841 399 127 89 in
1904 399 233 89 Symbolo
2052 399 106 89 suc

488 453 182 83 uoces
609 453 222 83 aliquot
771 453 243 83 spiritui
953 453 202 83 sancto
1094 453 243 83 addidit,
1276 453 202 83 quibus
1418 453 222 83 errores
1580 453 222 83 aliquot
1741 453 263 83 elideret,
1944 453 222 83 dominum
2105 453 101 83 &

496 509 372 90 uiuificatorem
802 509 197 90 ipsum
933 509 306 90 appellans.
1174 509 153 90 Nam
1261 509 153 90 cum
1349 509 240 90 dominum
1523 509 219 90 uocat,
1676 509 197 90 filio
1807 509 240 90 aequat,
1982 509 109 90 &
2004 509 175 90 exclu-

489 567 142 85 dit
570 567 243 85 seruilem
752 567 142 85 uel
833 567 344 85 ministerialem
1117 567 324 85 conditionem,
1380 567 263 85 praeterea
1583 567 182 85 negat
1704 567 182 85 illum
1826 567 223 85 istorum
1988 567 162 85 esse
2069 567 101 85 in-

488 622 326 82 strumentum.
749 622 174 82 Vnus
858 622 152 82 est
945 622 174 82 enim
1053 622 239 82 dominus
1227 622 109 82 :
1270 622 152 82 non
1357 622 174 82 sunt
1466 622 217 82 plures
1618 622 239 82 domini.
1792 622 130 82 Et
1857 622 217 82 filius
2009 622 152 82 non
2074 622 109 82 est

488 677 263 91 spiritus
685 677 219 91 sancti
838 677 263 91 dominus:
1035 677 153 91 sed
1123 677 263 91 dominium
1320 677 153 91 est
1407 677 219 91 comune
1560 677 197 91 trium
1692 677 328 91 personarum,
1954 677 175 91 quae
2042 677 131 91 sunt

492 735 173 95 unus
601 735 216 95 tantum
752 735 260 95 dominus.
947 735 152 95 Cum
1034 735 195 95 autem
1163 735 238 95 dominus
1337 735 152 95 sit
1423 735 260 95 spiritus
1618 735 260 95 sanctus,
1813 735 195 95 certe
1943 735 152 95 non
2029 735 152 95 est
2094 735 87 95 mi

496 806 243 68 nisterio
678 806 223 68 seruili
840 806 263 68 addictus,
1042 806 142 68 sed
1123 806 243 68 dominica
1306 806 304 68 authoritate
1548 806 283 68 praeditus:
1771 806 142 68 nec
1852 806 121 68 ad
1913 806 162 68 opus
1994 806 182 68 exequen

499 865 142 62 dum
580 865 283 62 subseruit,
802 865 142 62 sed
883 865 283 62 cooperatur
1106 865 182 62 patri
1227 865 101 62 &
1268 865 202 62 filio,
1409 865 223 62 adeoque
1571 865 162 62 ipse
1672 865 121 62 ut
1733 865 223 62 dominus
1874 865 223 62 operatur.

578 907 254 80 Feruntur
768 907 211 80 rursus
916 907 169 80 alij
1022 907 211 80 quidam
1170 907 254 80 docuisse
1360 907 254 80 spiritum
1551 907 233 80 sanctum
1720 907 148 80 non
1804 907 169 80 esse
1910 907 317 80 substantiam

499 963 147 82 uel
583 963 273 82 personam,
793 963 147 82 sed
876 963 210 82 ueluti
1023 963 273 82 accidens,
1233 963 147 82 hoc
1317 963 147 82 est
1400 963 356 82 concitationem
1694 963 147 82 uel
1778 963 314 82 agitationem
2029 963 147 82 aut
2092 963 84 82 mo

494 1027 147 72 tum
578 1027 168 72 piae
683 1027 126 72 ac
746 1027 273 72 renouatae
956 1027 231 72 mentis.
1124 1027 126 72 Ac
1187 1027 210 72 reuera
1334 1027 294 72 appellatur
1566 1027 147 72 non
1650 1027 168 72 raro
1755 1027 168 72 mens
1860 1027 210 72 nostra
1986 1027 189 72 spiritu

504 1072 202 82 sancto
645 1072 283 82 illuminata
868 1072 242 82 spiritus
1049 1072 101 82 :
1090 1072 141 82 sed
1171 1072 182 82 probe
1292 1072 182 82 nobis
1413 1072 323 82 distinguenda
1676 1072 141 82 est
1757 1072 242 82 creatura
1939 1072 101 82 a
1959 1072 222 82 creatore,

495 1136 103 72 &
537 1136 103 72 a
578 1136 288 72 substantia
804 1136 247 72 accides.
990 1136 268 72 Distinxit
1196 1136 206 72 beatus
1340 1136 268 72 apostolus
1546 1136 227 72 nostrum
1711 1136 247 72 spiritum
1897 1136 103 72 a
1938 1136 227 72 spiritu
2082 1136 103 72 dei

497 1185 213 86 sancto,
651 1185 135 86 cum
729 1185 193 86 dixit:
864 1185 135 86 Qui
941 1185 213 86 spiritu
1096 1185 135 86 dei
1173 1185 251 86 ducuntur,
1367 1185 116 86 hi
1425 1185 155 86 sunt
1522 1185 174 86 filij
1638 1185 155 86 dei.
1734 1185 155 86 Idem
1831 1185 232 86 spiritus
1986 1185 193 86 testimo-

507 1241 164 90 nium
610 1241 205 90 reddit
754 1241 246 90 spiritui
938 1241 226 90 nostro,
1102 1241 164 90 quod
1205 1241 185 90 simus
1328 1241 185 90 filij
1451 1241 164 90 dei.
1553 1241 123 90 Ac
1615 1241 164 90 idem
1717 1241 287 90 apostolus:
1943 1241 164 90 Caro
2025 1241 164 90 concu-

496 1296 209 93 piscit
642 1296 251 93 aduersus
831 1296 272 93 spiritum,
1040 1296 251 93 spiritus
1228 1296 188 93 autem
1354 1296 251 93 aduersus
1542 1296 230 93 carnem.
1709 1296 167 93 Quis
1814 1296 188 93 autem
1939 1296 146 93 non
2002 1296 188 93 intelli

510 1352 144 93 gat
593 1352 227 93 hominis
758 1352 206 93 mentem
902 1352 103 93 a
944 1352 227 93 spiritu
1109 1352 206 93 sancto
1253 1352 289 93 instructam
1480 1352 144 93 hic
1562 1352 268 93 appellari
1769 1352 268 93 spiritum,
1975 1352 144 93 non
2037 1352 144 93 ipsam

506 1412 228 81 tertiam
672 1412 124 81 in
734 1412 248 81 adoranda
920 1412 207 81 triade
1065 1412 269 81 personam?
1272 1412 124 81 Et
1334 1412 166 81 mens
1437 1412 186 81 illa,
1561 1412 166 81 quod
1665 1412 372 81 illuminationem
1975 1412 248 81 attinet,

512 1465 133 90 non
588 1465 114 90 ex
645 1465 247 90 semetipsa
835 1465 228 90 existit,
1006 1465 133 90 sed
1082 1465 323 90 proficiscitur
1348 1465 95 90 a
1386 1465 209 90 spiritu
1538 1465 190 90 sancto
1671 1465 304 90 illuminante,
1918 1465 133 90 nec
1994 1465 114 90 ab
2051 1465 171 90 alio,

510 1529 149 71 quam
604 1529 131 71 qui
678 1529 131 71 est
753 1529 187 71 tertia
884 1529 112 71 in
940 1529 243 71 trinitate
1126 1529 224 71 persona,
1294 1529 131 71 sed
1369 1529 131 71 non
1443 1529 131 71 est
1518 1529 149 71 ipsa
1611 1529 205 71 persona
1761 1529 224 71 spiritus
1929 1529 205 71 sancti:
2059 1529 131 71 sicut

511 1576 281 89 imaginatio
732 1576 341 89 proficiscitur
1013 1576 121 89 ab
1073 1576 201 89 anima,
1214 1576 141 89 nec
1294 1576 181 89 tamen
1415 1576 141 89 est
1495 1576 161 89 ipsa
1595 1576 201 89 anima.
1736 1576 281 89 Concitatio
1957 1576 161 89 illa
2037 1576 161 89 spiri-

505 1635 140 79 tus
585 1635 120 79 in
645 1635 180 79 nobis
765 1635 140 79 est
846 1635 260 79 accidens:
1046 1635 160 79 deus
1146 1635 180 79 autem
1266 1635 140 79 non
1346 1635 140 79 est
1427 1635 240 79 accidens
1607 1635 180 79 neque
1727 1635 260 79 accidenti
1907 1635 281 79 permiscetur.

517 1688 319 76 Confitendum
772 1688 149 76 est
857 1688 212 76 itaque
1005 1688 255 76 secundum
1197 1688 319 76 scripturas,
1451 1688 255 76 spiritum
1643 1688 234 76 sanctum
1813 1688 170 76 esse
1919 1688 255 76 personam
2089 1688 106 76 sub

510 1743 291 79 sistentem,
739 1743 208 79 natura
884 1743 146 79 aut
968 1743 249 79 essentia
1155 1743 187 79 patri
1279 1743 104 79 &
1321 1743 187 79 filio
1446 1743 312 79 coaequalem,
1695 1743 104 79 &
1737 1743 229 79 iccirco
1903 1743 270 79 adorandum
2090 1743 104 79 no-

512 1810 153 72 bis
600 1810 109 72 &
643 1810 372 72 glorificandum
949 1810 153 72 uti
1037 1810 175 72 deum
1146 1810 197 72 uerum
1277 1810 109 72 &
1321 1810 284 72 creatorem
1539 1810 109 72 :
1583 1810 219 72 rursus
1736 1810 175 72 pium
1845 1810 153 72 uel
1933 1810 240 72 sanctum
2086 1810 109 72 mo-

516 1854 153 76 tum
603 1854 131 76 in
669 1854 218 76 animis
822 1854 284 76 sanctorum
1040 1854 153 76 per
1127 1854 218 76 eundem
1280 1854 262 76 spiritum
1477 1854 240 76 sanctum
1651 1854 306 76 excitatum,
1891 1854 175 76 esse
1979 1854 218 76 effectum

507 1911 287 78 &creaturam
733 1911 185 78 huius
856 1911 246 78 spiritus
1041 1911 226 78 sancti,
1205 1911 226 78 dicique
1369 1911 246 78 spiritum
1554 1911 246 78 sanctum,
1739 1911 144 78 sed
1821 1911 144 78 suo
1903 1911 185 78 modo.
2005 1911 185 78 Alioqui

505 1968 165 83 non
600 1968 259 83 negamus
788 1968 212 83 ipsum
930 1968 212 83 nobis
1071 1968 259 83 sanctum
1259 1968 283 83 spiritum
1472 1968 306 83 promissum
1707 1968 353 83 communicari
1990 1968 118 83 :
2037 1968 212 83 uerum

513 2022 153 95 pro
600 2022 218 95 modulo
753 2022 218 95 nostro
905 2022 109 95 &
949 2022 196 95 sicut
1080 2022 174 95 ille
1189 2022 196 95 uult.
1319 2022 174 95 Quis
1428 2022 174 95 enim
1537 2022 240 95 hominum
1712 2022 349 95 comprehendat
1973 2022 218 95 plenitu-

517 2087 199 83 dinem
650 2087 243 83 aeterni
826 2087 111 83 &
871 2087 243 83 immensi
1025 2087 133 83 dei-

592 2125 181 99 Porro
713 2125 121 99 de
773 2125 302 99 processione
1015 2125 202 99 sancti
1156 2125 242 99 spiritus
1338 2125 121 99 ex
1398 2125 181 99 patre
1519 2125 101 99 &
1560 2125 181 99 filio
1681 2125 282 99 subtiliter
1903 2125 101 99 &
1943 2125 242 99 grauiter
2104 2125 101 99 di-

526 2187 240 90 sputatum
706 2187 140 90 est
786 2187 100 90 a
826 2187 280 90 theologis.
1046 2187 260 90 Quaeritur
1246 2187 160 90 enim
1346 2187 120 90 an
1405 2187 100 90 a
1445 2187 180 90 patre
1565 2187 180 90 solo,
1685 2187 120 90 an
1745 2187 100 90 &
1785 2187 100 90 a
1825 2187 180 90 filio
1945 2187 260 90 procedat?
2125 2187 80 90 In

529 2253 143 74 qua
610 2253 286 74 quaestione
835 2253 204 74 Latini
978 2253 102 74 a
1019 2253 225 74 Graecis
1182 2253 245 74 plurimum
1366 2253 286 74 dissentire
1590 2253 265 74 uidentur.
1795 2253 265 74 Quaeritur
1999 2253 163 74 item
2080 2253 123 74 qua-

530 2302 136 74 lis
607 2302 136 74 sit
685 2302 156 74 illa
783 2302 273 74 processio?
997 2302 136 74 Nos
1075 2302 214 74 omissis
1230 2302 234 74 pluribus
1406 2302 234 74 curiosis
1581 2302 350 74 quaestionibus,
1873 2302 117 74 ea
1931 2302 234 74 breuiter
2087 2302 117 74 pro-

515 2358 234 89 feremus
685 2358 128 89 in
749 2358 234 89 medium,
919 2358 170 89 quae
1026 2358 277 89 salutaria
1239 2358 106 89 &
1281 2358 298 89 scripturis
1516 2358 234 89 sanctis
1686 2358 170 89 sunt
1792 2358 362 89 conuenientia.
2069 2358 128 89 Quis

521 2418 177 74 enim
631 2418 310 74 curiosorum
875 2418 243 74 hominum
1052 2418 332 74 quaestiones
1317 2418 199 74 omnes
1450 2418 354 74 ociosorumque
1737 2418 354 74 cogitationes
2025 2418 111 74 &
2047 2418 155 74 auda-

525 2467 162 90 ces
617 2467 115 90 &
663 2467 277 90 immundas
871 2467 208 90 citra
1010 2467 346 90 offensionem
1287 2467 300 90 optimorum
1518 2467 277 90 uirorum,
1726 2467 115 90 &
1772 2467 231 90 maxime
1911 2467 300 90 simplicium.

517 2534 270 71 auditorum
725 2534 311 71 excusserit?
974 2534 249 71 Spiritum
1161 2534 228 71 sanctum
1327 2534 104 71 a
1369 2534 187 71 patre
1493 2534 104 71 &
1535 2534 104 71 a
1576 2534 187 71 filio
1701 2534 291 71 procedere,
1929 2534 270 71 scriptura
2116 2534 83 71 ma

537 2580 217 77 nifeste
695 2580 197 77 docet,
833 2580 157 77 quae
931 2580 295 77 apertissime
1167 2580 236 77 ostendit
1344 2580 177 77 illum
1463 2580 256 77 utriusque
1659 2580 138 77 uel
1738 2580 217 77 amborum
1896 2580 157 77 esse
1974 2580 217 77 spiritum.

534 2638 156 79 llle
631 2638 156 79 enim
728 2638 136 79 est
806 2638 117 79 de
864 2638 136 79 quo
942 2638 175 79 dicit
1059 2638 253 79 apostolus
1253 2638 97 79 :
1292 2638 214 79 Quoniam
1448 2638 175 79 autem
1564 2638 175 79 estis
1681 2638 194 79 filij,
1817 2638 175 79 misit
1934 2638 156 79 deus
2012 2638 194 79 spiritum

523 2700 174 79 filij
639 2700 135 79 sui
716 2700 116 79 in
774 2700 174 79 corda
890 2700 213 79 uestra.
1045 2700 116 79 At
1103 2700 116 79 de
1161 2700 174 79 eodem
1277 2700 213 79 spiritu
1432 2700 213 79 loquens
1586 2700 213 79 filius,
1741 2700 155 79 ait,
1838 2700 135 79 Non
1915 2700 155 79 enim
2012 2700 135 79 uos
2070 2700 135 79 estis

529 2758 140 72 qui
609 2758 279 72 loquimini,
828 2758 140 72 sed
908 2758 240 72 spiritus
1088 2758 200 72 patris
1228 2758 200 72 uestri
1368 2758 240 72 loquitur
1547 2758 120 72 in
1607 2758 200 72 uobis,
1747 2758 200 72 Rursus
1887 2758 160 72 idem
1986 2758 220 72 filius,
2126 2758 80 72 de

536 2814 206 81 piritu
680 2814 206 81 sancto
824 2814 206 81 dicit.
968 2814 165 81 Quem
1071 2814 144 81 ego
1154 2814 206 81 mittam
1298 2814 185 81 uobis
1421 2814 103 81 a
1462 2814 206 81 patre.
1606 2814 123 81 Et
1668 2814 206 81 iterum
1812 2814 206 81 alibi,
1956 2814 165 81 Quem
2038 2814 165 81 mittet

524 2863 184 89 pater
646 2863 123 89 in
707 2863 204 89 nomine
850 2863 163 89 meo.
953 2863 245 89 Procedit
1137 2863 163 89 ergo
1239 2863 123 89 de
1300 2863 225 89 utroque
1463 2863 143 89 tam
1545 2863 123 89 de
1606 2863 184 89 patre
1729 2863 163 89 quam
1831 2863 123 89 de
1893 2863 204 89 filio.
2015 2863 184 89 Tametsi

528 2918 164 90 enim
630 2918 225 90 alicubi
794 2918 225 90 legatur
958 2918 205 90 dictum
1101 2918 164 90 esse
1203 2918 123 90 de
1265 2918 225 90 spiritu
1429 2918 225 90 sancto,
1593 2918 143 90 Qui
1674 2918 102 90 a
1715 2918 184 90 patre
1838 2918 266 90 procedit,
2043 2918 143 90 non
2105 2918 102 90 ne
