2288 3632
501 275 156 75 tum
590 275 312 75 ueritatis.
835 275 156 75 Nam
924 275 111 75 &
968 275 200 75 alibi
1102 275 223 75 eundem
1258 275 200 75 eodem
1391 275 200 75 ornat
1525 275 245 75 nomine,
1703 275 200 75 dicit
1837 275 200 75 enim:
1970 275 156 75 Cum
2037 275 156 75 uene-

509 333 138 71 rit
588 333 296 71 paracletus,
825 333 158 71 quem
924 333 197 71 mittam
1062 333 138 71 ego
1141 333 178 71 uobis
1259 333 99 71 a
1299 333 197 71 patre,
1437 333 237 71 spiritus
1615 333 276 71 ueritatis,
1832 333 138 71 qui
1911 333 99 71 a
1950 333 178 71 patre
2049 333 138 71 proce

507 404 157 56 dit,
606 404 157 56 ille
704 404 295 56 testimonium
940 404 275 56 perhibebit
1156 404 118 56 de
1215 404 138 56 me.
1294 404 256 56 Veritatis
1491 404 177 56 autem
1609 404 236 56 spiritus
1786 404 236 56 dicitur,
1963 404 157 56 quia
2061 404 138 56 est
2120 404 79 56 a-

507 453 171 79 lius
614 453 257 79 spiritus
806 453 364 79 hypocriticus,
1105 453 257 79 spiritus
1298 453 278 79 impostor,
1512 453 257 79 erroneus
1704 453 107 79 &
1747 453 214 79 mendax
1897 453 128 79 in
1961 453 150 79 ore
2025 453 171 79 omnium

520 518 472 67 pseudoprophetarum.
927 518 150 67 Hic
1013 518 257 67 spiritus
1206 518 214 67 noster
1356 518 365 67 synceritatem,
1656 518 257 67 candorem
1849 518 107 67 &
1892 518 343 67 integritatem

509 556 260 70 operatur
704 556 130 70 in
769 556 173 70 suis
877 556 325 70 cultoribus.
1137 556 151 70 Hos
1223 556 195 70 docet
1353 556 195 70 omnem
1483 556 303 70 ueritatem:
1721 556 151 70 nam
1808 556 238 70 dominus
1981 556 216 70 noster
2110 556 87 70 a-

504 613 150 84 libi
598 613 113 84 in
654 613 263 84 euangelio:
861 613 263 84 Paracletus
1067 613 169 84 ille,
1180 613 188 84 dicit,
1311 613 131 84 qui
1386 613 131 84 est
1461 613 225 84 spiritus
1630 613 225 84 sanctus,
1799 613 263 84 quemmittet
2005 613 169 84 pater
2099 613 94 84 no-

514 681 167 60 mine
619 681 167 60 meo,
723 681 167 60 ille
828 681 146 60 uos
912 681 230 60 docebit
1079 681 209 60 omnia,
1225 681 105 60 &
1267 681 251 60 suggeret
1456 681 188 60 uobis
1581 681 188 60 omnia
1707 681 293 60 quaecunque
1937 681 167 60 dixi
2021 681 167 60 uobis.

506 736 195 73 Omnem
637 736 217 73 itaque
788 736 282 73 ueritatem
1005 736 304 73 credendam,
1244 736 260 73 omnemque
1439 736 260 73 pietatem
1635 736 282 73 apostolos
1852 736 217 73 docuit
1982 736 217 73 spiritus

520 783 266 67 ueritatis
724 783 102 67 :
765 783 102 67 &
806 783 164 67 illi
909 783 205 67 eandem
1052 783 184 67 plene
1175 783 307 67 tradiderunt
1421 783 287 67 ecclesiae.
1647 783 143 67 Nam
1729 783 246 67 spiritus
1913 783 225 67 sanctus
2057 783 143 67 omnes

511 845 250 62 discutit
699 845 250 62 errores,
886 845 188 62 omnes
1012 845 271 62 extinguit
1220 845 271 62 haereses,
1429 845 188 62 omnem
1554 845 334 62 idololatriam
1825 845 104 62 &
1866 845 292 62 impietatem
2075 845 125 62 pro-

508 904 214 76 sigat,
657 904 107 76 &
700 904 192 76 ueram
828 904 192 76 fidem
956 904 256 76 cordibus
1148 904 278 76 infundit,
1362 904 107 76 &
1405 904 192 76 ueram
1533 904 299 76 religionem
1768 904 128 76 in
1832 904 256 76 ecclesia
2003 904 192 76 confir-

511 952 175 72 mat.
621 952 241 72 Exempla
796 952 241 72 plurima
971 952 328 72 suppeditant
1234 952 175 72 Acta
1343 952 350 72 apostolorum.
1628 952 131 72 Ex
1693 952 153 72 hoc
1781 952 153 72 dei
1869 952 241 72 spiritu
2022 952 175 72 futura

519 1022 326 64 praedixerunt
783 1022 265 64 apostoli,
987 1022 183 64 inter
1109 1022 163 64 alia
1211 1022 326 64 Antichristum
1476 1022 102 64 &
1517 1022 326 64 corruptionem
1781 1022 244 64 postremi
1965 1022 224 64 saeculi
2107 1022 102 64 no-

520 1066 165 63 stri
623 1066 329 63 adumbrantes,
891 1066 350 63 admonentesque
1179 1066 268 63 ecclesiam
1385 1066 124 63 ne
1447 1066 206 63 electi
1591 1066 268 63 erroribus
1797 1066 103 63 &
1838 1066 329 63 impietatibus
2085 1066 124 63 bla-

519 1130 245 80 sphemis
675 1130 312 80 implicentur.

592 1164 255 83 Spiritus
783 1164 191 83 autem
910 1164 339 83 promissionis
1186 1164 170 83 ideo
1292 1164 255 83 uocatur,
1483 1164 170 83 quia
1589 1164 255 83 patribus
1780 1164 106 83 a
1822 1164 148 83 deo
1907 1164 148 83 per
1971 1164 233 83 prophetas

521 1238 109 67 &
565 1238 282 67 apostolis
782 1238 304 67 omnibusque
1021 1238 282 67 doctrinae
1238 1238 326 67 apostolorum
1499 1238 326 67 credentibus
1760 1238 152 67 per
1846 1238 261 67 Christum
2020 1238 174 67 promis

522 1295 184 67 sus,
637 1295 230 67 tandem
798 1295 115 67 &
843 1295 321 67 plenissime
1096 1295 161 67 per
1188 1295 230 67 eundem
1349 1295 161 67 est
1440 1295 321 67 exhibitus.
1693 1295 253 67 Admonet
1877 1295 161 67 hoc
1945 1295 253 67 uocabulum

526 1350 185 73 pios.
650 1350 123 73 ne
711 1350 164 73 suis
814 1350 226 73 meritis
978 1350 205 73 ingens
1121 1350 123 73 ac
1183 1350 246 73 salutare
1367 1350 144 73 hoc
1449 1350 185 73 donum
1572 1350 246 73 acceptum
1757 1350 144 73 sed
1839 1350 185 73 merae
1962 1350 144 73 dei
2023 1350 185 73 gratiae

530 1402 230 66 ferant.
697 1402 125 66 Et
760 1402 293 66 promisione
990 1402 209 66 diuina
1137 1402 293 66 conceditur
1367 1402 146 66 imo
1450 1402 230 66 donatur
1617 1402 188 66 nobis
1743 1402 251 66 spiritus
1931 1402 230 66 sanctus
2098 1402 105 66 :
2119 1402 84 66 un

518 1469 135 73 de
585 1469 315 73 consequens
833 1469 158 73 est
923 1469 203 73 omnia
1058 1469 180 73 dona
1170 1469 180 73 esse
1283 1469 293 73 gratuita:
1508 1469 135 73 id
1575 1469 180 73 quod
1688 1469 293 73 apostolus
1913 1469 225 73 Paulus
2048 1469 158 73 unice

529 1526 129 65 in
593 1526 172 65 suis
700 1526 279 65 epistolis
915 1526 193 65 urget
1044 1526 107 65 &
1087 1526 279 65 inculcat,
1301 1526 129 65 ad
1366 1526 236 65 Romanos
1538 1526 215 65 maxime
1688 1526 107 65 &
1709 1526 215 65 Galatas,

608 1573 169 75 Apud
713 1573 190 75 Lucam
840 1573 190 75 dicit
967 1573 274 75 dominus:?
1178 1573 127 75 Si
1241 1573 211 75 digito
1389 1573 148 75 dei
1473 1573 211 75 eiicio
1621 1573 274 75 daemonia,
1832 1573 253 75 profecto
2001 1573 211 75 peruenit

526 1626 129 76 ad
590 1626 150 76 uos
676 1626 214 76 regnum
826 1626 172 76 dei.
933 1626 193 76 Eadem
1062 1626 193 76 uerba
1190 1626 236 76 reddens
1362 1626 214 76 beatus
1512 1626 279 76 Matthaeus
1726 1626 107 76 :
1769 1626 172 76 Quod
1876 1626 129 76 si
1919 1626 279 76 spiritudei-

531 1692 205 64 inquit
674 1692 205 64 eiicio
817 1692 266 64 daemonia,
1022 1692 164 64 ergo
1125 1692 246 64 peruenit
1309 1692 123 64 ad
1371 1692 143 64 uos
1453 1692 205 64 regnum
1596 1692 164 64 dei.
1699 1692 225 64 Proinde
1863 1692 246 64 spiritus
2027 1692 184 64 sanctus

532 1758 278 54 appellatur
751 1758 219 54 digitus
910 1758 159 54 dei,
1009 1758 219 54 nimirum
1168 1758 199 54 uirtus
1307 1758 99 54 &
1347 1758 238 54 potentia
1526 1758 159 54 dei.
1625 1758 219 54 Digitis
1784 1758 258 54 operantur
1982 1758 258 54 opifices,

526 1794 211 67 diuina
673 1794 232 67 uirtute
842 1794 147 67 per
926 1794 274 67 spiritum,
1137 1794 232 67 inquam,
1305 1794 169 67 suum
1411 1794 253 67 operatur
1600 1794 190 67 opera
1727 1794 147 67 sua
1811 1794 169 67 deus
1916 1794 105 67 :
1958 1794 190 67 cuius
2064 1794 147 67 poten

533 1860 141 60 tia
613 1860 181 60 tanta
734 1860 161 60 est,
835 1860 121 60 ut
895 1860 141 60 uel
976 1860 221 60 minimus
1137 1860 201 60 diceat
1278 1860 141 60 sic
1358 1860 201 60 loqui)
1499 1860 161 60 eius
1600 1860 221 60 digitus
1761 1860 181 60 omnem
1882 1860 121 60 in
1942 1860 181 60 mundo
2043 1860 161 60 excel-

525 1908 149 66 lat
610 1908 278 66 uirtutem.
824 1908 128 66 Id
888 1908 256 66 apparuit
1080 1908 128 66 in
1144 1908 192 66 magis
1272 1908 192 66 illis
1400 1908 342 66 Aegyptiacis.
1677 1908 235 66 Didymus
1848 1908 278 66 parabolam
2040 1908 171 66 refert

532 1973 123 68 ad
594 1973 247 68 unitatem
779 1973 309 68 substantiae
1026 1973 247 68 diuinae,
1211 1973 103 68 &
1252 1973 288 68 diligenter
1479 1973 123 68 ac
1540 1973 123 68 in
1602 1973 165 68 loco
1705 1973 247 68 admonet,
1890 1973 123 68 ne
1952 1973 226 68 propter
2096 1973 123 68 cor-

534 2039 239 53 poralia
708 2039 304 53 corporalem
947 2039 196 53 rerum
1077 2039 348 53 spiritualium
1360 2039 217 53 sensum
1512 2039 196 53 nobis
1642 2039 348 53 confingamus.
1925 2039 196 53 Dicit
2055 2039 196 53 enim,

552 2080 199 60 Verum
685 2080 177 60 caue
795 2080 133 60 ne
862 2080 133 60 ad
928 2080 243 60 humilia
1105 2080 265 60 deiectus
1304 2080 265 60 depingas
1503 2080 133 60 in
1569 2080 199 60 animo
1702 2080 155 60 tuo
1791 2080 332 60 corporalium
2034 2080 177 60 actuum

538 2139 359 65 diuersitates,
833 2139 105 65 &
875 2139 253 65 incipias
1065 2139 169 65 tibi
1171 2139 337 65 magnitudines
1445 2139 105 65 &
1487 2139 380 65 inaequalitates
1803 2139 105 65 &
1845 2139 232 65 caetera
1993 2139 211 65 corporum

536 2191 233 71 maiora
699 2191 117 71 &
745 2191 233 71 minora
909 2191 233 71 membra
1072 2191 350 71 confingere,
1352 2191 233 71 dicens
1515 2191 256 71 digitum
1701 2191 117 71 a
1748 2191 210 71 manu,
1888 2191 117 71 &
1934 2191 210 71 manum
2074 2191 140 71 ab
2121 2191 93 71 eo

541 2252 186 63 cuius
665 2252 145 63 est
748 2252 207 63 manus,
893 2252 207 63 multis
1038 2252 414 63 inaequalitatibus
1390 2252 310 63 discrepare,
1638 2252 166 63 quia
1741 2252 124 63 de
1803 2252 372 63 incorporalibus
2093 2252 124 63 nunc

533 2296 281 67 scriptura
750 2296 281 67 loquitur,
966 2296 260 67 unitatem
1161 2296 216 67 tantum
1312 2296 216 67 uolens
1464 2296 151 67 non
1550 2296 195 67 etiam
1680 2296 260 67 mensuram
1875 2296 325 67 substantiae
2113 2296 108 67 de-

527 2361 302 64 monstrare.
764 2361 194 64 Sicut
894 2361 172 64 enim
1001 2361 194 64 manus
1131 2361 151 64 non
1217 2361 280 64 diuiditur
1432 2361 108 64 a
1475 2361 259 64 corpore,
1669 2361 151 64 per
1756 2361 172 64 quam
1863 2361 215 64 cuncta
1993 2361 215 64 perficit

535 2423 101 62 &
575 2423 262 62 operatur,
776 2423 101 62 &
817 2423 121 62 in
877 2423 121 62 eo
938 2423 141 62 est
1018 2423 181 62 cuius
1139 2423 141 62 est
1219 2423 201 62 manus:
1360 2423 141 62 sic
1441 2423 101 62 &
1481 2423 221 62 digitus
1642 2423 141 62 non
1723 2423 262 62 separatur
1924 2423 121 62 at
1985 2423 161 62 manu
2065 2423 141 62 cuius

537 2464 142 69 est
618 2464 244 69 digitus.
801 2464 203 69 Itaque
943 2464 203 69 reiice
1086 2464 366 69 inaequalitates
1391 2464 102 69 &
1431 2464 244 69 mensuras
1614 2464 142 69 cum
1696 2464 122 69 de
1757 2464 142 69 deo
1838 2464 244 69 cogitas,
2021 2464 102 69 &
2041 2464 163 69 intel-

533 2523 162 64 lige
634 2523 203 64 digiti
776 2523 101 64 &
816 2523 182 64 manus
938 2523 101 64 &
979 2523 203 64 totius
1121 2523 304 64 substantiae
1364 2523 263 64 unitatem:
1566 2523 142 64 quo
1647 2523 203 64 digito
1789 2523 142 64 lex
1870 2523 122 64 in
1931 2523 223 64 tabulis
2073 2523 142 64 lapi-

538 2581 144 89 deis
628 2581 198 89 scripta
772 2581 144 89 est.
863 2581 144 89 Haec
953 2581 162 89 illae

608 2643 159 68 lam
699 2643 159 68 per
790 2643 204 68 aquam
926 2643 114 68 &
972 2643 227 68 fontem
1130 2643 204 68 uiuum
1267 2643 182 68 siue
1380 2643 272 68 perennem
1584 2643 272 68 spiritus
1789 2643 250 68 sanctus
1948 2643 272 68 adumbratus

536 2688 234 80 legitur,
711 2688 136 80 cum
789 2688 117 80 in
847 2688 311 80 propheticis,
1100 2688 136 80 tum
1178 2688 117 80 in
1236 2688 292 80 apostolicis
1470 2688 234 80 literis.
1645 2688 253 80 Effundam,
1839 2688 195 80 inquit
1975 2688 156 80 apud
2053 2688 156 80 lsaiam

532 2751 253 76 dominus,
722 2751 190 76 aquas
848 2751 190 76 super
974 2751 295 76 sitientem,
1206 2751 105 76 &
1248 2751 232 76 flumina
1417 2751 190 76 super
1543 2751 232 76 aridam.
1711 2751 126 76 Et
1775 2751 147 76 per
1838 2751 379 76 interpretationem

525 2818 173 64 mox
624 2818 247 64 addit:
797 2818 296 64 Effundam
1019 2818 296 64 spiritum
1242 2818 198 64 meum
1365 2818 222 64 super
1513 2818 222 64 semen
1662 2818 222 64 tuum,
1810 2818 124 64 &
1834 2818 371 64 benedictionem

538 2869 149 70 meam
632 2869 168 70 super
743 2869 205 70 stirpem
892 2869 168 70 tuam.
1004 2869 112 70 Et
1060 2869 112 70 in
1116 2869 242 70 euangelio
1302 2869 168 70 dicit
1414 2869 205 70 dminus:
1563 2869 112 70 Si
1619 2869 149 70 quis
1712 2869 186 70 sitit,
1842 2869 186 70 ueniat
1973 2869 112 70 ad
2029 2869 130 70 me,
2103 2869 93 70 &
2122 2869 93 70 bi-

527 2923 151 87 bat.
621 2923 132 87 Qui
697 2923 189 87 credit
829 2923 113 87 in
886 2923 132 87 me,
961 2923 170 87 sicut
1074 2923 170 87 dicit
1187 2923 264 87 scriptura,
1395 2923 208 87 flumina
1546 2923 113 87 de
1602 2923 189 87 uentre
1734 2923 151 87 eius
1829 2923 170 87 fuent
1942 2923 170 87 aquae
2036 2923 170 87 uiuaes.
