<?xml version="1.0" encoding="UTF-8"?>
<alto xmlns:xsi="http://www.w3.org/2001/XMLSchema-instance"
      xmlns="http://www.loc.gov/standards/alto/ns-v2#"
      xmlns:page="http://schema.primaresearch.org/PAGE/gts/pagecontent/2013-07-15"
      xsi:schemaLocation="http://www.loc.gov/standards/alto/ns-v2# http://www.loc.gov/standards/alto/alto.xsd">
   <Description>
      <MeasurementUnit>pixel</MeasurementUnit>
      <OCRProcessing ID="IdOcr">
         <ocrProcessingStep>
            <processingDateTime>2020-08-08T18:23:40.031-04:00</processingDateTime>
            <processingSoftware>
               <softwareCreator>READ COOP</softwareCreator>
               <softwareName>Transkribus</softwareName>
            </processingSoftware>
         </ocrProcessingStep>
      </OCRProcessing>
   </Description>
   <Tags/>
   <Layout>
      <Page ID="Page1" PHYSICAL_IMG_NR="1" HEIGHT="3632" WIDTH="2288">
         <TopMargin HEIGHT="0" WIDTH="2288" VPOS="0" HPOS="0"/>
         <LeftMargin HEIGHT="3632" WIDTH="0" VPOS="0" HPOS="0"/>
         <RightMargin HEIGHT="3632" WIDTH="0" VPOS="0" HPOS="2288"/>
         <BottomMargin HEIGHT="0" WIDTH="2288" VPOS="3632" HPOS="0"/>
         <PrintSpace HEIGHT="3632" WIDTH="2288" VPOS="0" HPOS="0">
            <TextBlock ID="TextRegion_1593647308803_666"
                       HEIGHT="2824"
                       WIDTH="1671"
                       VPOS="241"
                       HPOS="99">
               <Shape>
                  <Polygon POINTS="99,241 1770,241 1770,311 1743,3065 99,3065"/>
               </Shape>
               <TextLine ID="r1l3"
                         BASELINE="382"
                         HEIGHT="99"
                         WIDTH="1652"
                         VPOS="283"
                         HPOS="109">
                  <String HEIGHT="99"
                          WIDTH="214"
                          VPOS="283"
                          HPOS="90"
                          CONTENT="angelis"/>
                  <SP HEIGHT="99" WIDTH="19" VPOS="283" HPOS="303"/>
                  <String HEIGHT="99"
                          WIDTH="155"
                          VPOS="283"
                          HPOS="245"
                          CONTENT="dei."/>
                  <SP HEIGHT="99" WIDTH="19" VPOS="283" HPOS="401"/>
                  <String HEIGHT="99" WIDTH="117" VPOS="283" HPOS="342" CONTENT="S."/>
                  <SP HEIGHT="99" WIDTH="19" VPOS="283" HPOS="459"/>
                  <String HEIGHT="99"
                          WIDTH="194"
                          VPOS="283"
                          HPOS="401"
                          CONTENT="Paulus"/>
                  <SP HEIGHT="99" WIDTH="19" VPOS="283" HPOS="595"/>
                  <String HEIGHT="99"
                          WIDTH="272"
                          VPOS="283"
                          HPOS="537"
                          CONTENT="demonstrat"/>
                  <SP HEIGHT="99" WIDTH="19" VPOS="283" HPOS="809"/>
                  <String HEIGHT="99"
                          WIDTH="194"
                          VPOS="283"
                          HPOS="750"
                          CONTENT="filium"/>
                  <SP HEIGHT="99" WIDTH="19" VPOS="283" HPOS="945"/>
                  <String HEIGHT="99" WIDTH="136" VPOS="283" HPOS="886" CONTENT="dei"/>
                  <SP HEIGHT="99" WIDTH="19" VPOS="283" HPOS="1022"/>
                  <String HEIGHT="99"
                          WIDTH="214"
                          VPOS="283"
                          HPOS="964"
                          CONTENT="angelis"/>
                  <SP HEIGHT="99" WIDTH="19" VPOS="283" HPOS="1178"/>
                  <String HEIGHT="99"
                          WIDTH="155"
                          VPOS="283"
                          HPOS="1120"
                          CONTENT="esse"/>
                  <SP HEIGHT="99" WIDTH="19" VPOS="283" HPOS="1275"/>
                  <String HEIGHT="99"
                          WIDTH="369"
                          VPOS="283"
                          HPOS="1217"
                          CONTENT="excellentiorem,"/>
                  <SP HEIGHT="99" WIDTH="19" VPOS="283" HPOS="1586"/>
                  <String HEIGHT="99" WIDTH="117" VPOS="283" HPOS="1528" CONTENT="ut"/>
                  <SP HEIGHT="99" WIDTH="19" VPOS="283" HPOS="1644"/>
                  <String HEIGHT="99"
                          WIDTH="136"
                          VPOS="283"
                          HPOS="1586"
                          CONTENT="qui"/>
                  <SP HEIGHT="99" WIDTH="19" VPOS="283" HPOS="1722"/>
                  <String HEIGHT="99"
                          WIDTH="117"
                          VPOS="283"
                          HPOS="1644"
                          CONTENT="ado"
                          SUBS_TYPE="HypPart1"
                          SUBS_CONTENT="adorent"/>
                  <HYP CONTENT="-"/>
               </TextLine>
               <TextLine ID="line_1593647308865_669"
                         BASELINE="435"
                         HEIGHT="76"
                         WIDTH="1664"
                         VPOS="359"
                         HPOS="115">
                  <String HEIGHT="76"
                          WIDTH="169"
                          VPOS="359"
                          HPOS="94"
                          CONTENT="rent"
                          SUBS_TYPE="HypPart2"
                          SUBS_CONTENT="adorent"/>
                  <SP HEIGHT="76" WIDTH="21" VPOS="359" HPOS="262"/>
                  <String HEIGHT="76"
                          WIDTH="190"
                          VPOS="359"
                          HPOS="199"
                          CONTENT="ipsum"/>
                  <SP HEIGHT="76" WIDTH="21" VPOS="359" HPOS="389"/>
                  <String HEIGHT="76"
                          WIDTH="211"
                          VPOS="359"
                          HPOS="326"
                          CONTENT="ueluti"/>
                  <SP HEIGHT="76" WIDTH="21" VPOS="359" HPOS="536"/>
                  <String HEIGHT="76"
                          WIDTH="169"
                          VPOS="359"
                          HPOS="473"
                          CONTENT="deum"/>
                  <SP HEIGHT="76" WIDTH="21" VPOS="359" HPOS="642"/>
                  <String HEIGHT="76"
                          WIDTH="295"
                          VPOS="359"
                          HPOS="578"
                          CONTENT="creatorem."/>
                  <SP HEIGHT="76" WIDTH="21" VPOS="359" HPOS="873"/>
                  <String HEIGHT="76"
                          WIDTH="169"
                          VPOS="359"
                          HPOS="810"
                          CONTENT="Idem"/>
                  <SP HEIGHT="76" WIDTH="21" VPOS="359" HPOS="979"/>
                  <String HEIGHT="76"
                          WIDTH="295"
                          VPOS="359"
                          HPOS="915"
                          CONTENT="apostolus,"/>
                  <SP HEIGHT="76" WIDTH="21" VPOS="359" HPOS="1210"/>
                  <String HEIGHT="76"
                          WIDTH="253"
                          VPOS="359"
                          HPOS="1147"
                          CONTENT="Nuspiam,"/>
                  <SP HEIGHT="76" WIDTH="21" VPOS="359" HPOS="1400"/>
                  <String HEIGHT="76"
                          WIDTH="232"
                          VPOS="359"
                          HPOS="1337"
                          CONTENT="inquit,"/>
                  <SP HEIGHT="76" WIDTH="21" VPOS="359" HPOS="1568"/>
                  <String HEIGHT="76"
                          WIDTH="190"
                          VPOS="359"
                          HPOS="1505"
                          CONTENT="legas"/>
                  <SP HEIGHT="76" WIDTH="21" VPOS="359" HPOS="1695"/>
                  <String HEIGHT="76"
                          WIDTH="169"
                          VPOS="359"
                          HPOS="1610"
                          CONTENT="filium"/>
               </TextLine>
               <TextLine ID="r1l5"
                         BASELINE="483"
                         HEIGHT="71"
                         WIDTH="1651"
                         VPOS="412"
                         HPOS="111">
                  <String HEIGHT="71"
                          WIDTH="236"
                          VPOS="412"
                          HPOS="90"
                          CONTENT="angelos"/>
                  <SP HEIGHT="71" WIDTH="21" VPOS="412" HPOS="325"/>
                  <String HEIGHT="71"
                          WIDTH="279"
                          VPOS="412"
                          HPOS="261"
                          CONTENT="assumere,"/>
                  <SP HEIGHT="71" WIDTH="21" VPOS="412" HPOS="540"/>
                  <String HEIGHT="71" WIDTH="150" VPOS="412" HPOS="476" CONTENT="sed"/>
                  <SP HEIGHT="71" WIDTH="21" VPOS="412" HPOS="626"/>
                  <String HEIGHT="71"
                          WIDTH="193"
                          VPOS="412"
                          HPOS="561"
                          CONTENT="semen"/>
                  <SP HEIGHT="71" WIDTH="21" VPOS="412" HPOS="754"/>
                  <String HEIGHT="71"
                          WIDTH="236"
                          VPOS="412"
                          HPOS="690"
                          CONTENT="Abrahae"/>
                  <SP HEIGHT="71" WIDTH="21" VPOS="412" HPOS="926"/>
                  <String HEIGHT="71"
                          WIDTH="300"
                          VPOS="412"
                          HPOS="861"
                          CONTENT="assumpsit."/>
                  <SP HEIGHT="71" WIDTH="21" VPOS="412" HPOS="1162"/>
                  <String HEIGHT="71"
                          WIDTH="172"
                          VPOS="412"
                          HPOS="1097"
                          CONTENT="Quae"/>
                  <SP HEIGHT="71" WIDTH="21" VPOS="412" HPOS="1269"/>
                  <String HEIGHT="71"
                          WIDTH="300"
                          VPOS="412"
                          HPOS="1205"
                          CONTENT="testimonia"/>
                  <SP HEIGHT="71" WIDTH="21" VPOS="412" HPOS="1505"/>
                  <String HEIGHT="71"
                          WIDTH="343"
                          VPOS="412"
                          HPOS="1419"
                          CONTENT="manifestissime"/>
               </TextLine>
               <TextLine ID="r1l6"
                         BASELINE="541"
                         HEIGHT="73"
                         WIDTH="1651"
                         VPOS="468"
                         HPOS="112">
                  <String HEIGHT="73"
                          WIDTH="212"
                          VPOS="468"
                          HPOS="91"
                          CONTENT="docent"/>
                  <SP HEIGHT="73" WIDTH="21" VPOS="468" HPOS="303"/>
                  <String HEIGHT="73"
                          WIDTH="233"
                          VPOS="468"
                          HPOS="239"
                          CONTENT="angelos"/>
                  <SP HEIGHT="73" WIDTH="21" VPOS="468" HPOS="472"/>
                  <String HEIGHT="73"
                          WIDTH="169"
                          VPOS="468"
                          HPOS="408"
                          CONTENT="esse"/>
                  <SP HEIGHT="73" WIDTH="21" VPOS="468" HPOS="578"/>
                  <String HEIGHT="73"
                          WIDTH="339"
                          VPOS="468"
                          HPOS="514"
                          CONTENT="substantias,"/>
                  <SP HEIGHT="73" WIDTH="21" VPOS="468" HPOS="853"/>
                  <String HEIGHT="73" WIDTH="148" VPOS="468" HPOS="789" CONTENT="non"/>
                  <SP HEIGHT="73" WIDTH="21" VPOS="468" HPOS="938"/>
                  <String HEIGHT="73"
                          WIDTH="296"
                          VPOS="468"
                          HPOS="874"
                          CONTENT="qualitates"/>
                  <SP HEIGHT="73" WIDTH="21" VPOS="468" HPOS="1170"/>
                  <String HEIGHT="73"
                          WIDTH="148"
                          VPOS="468"
                          HPOS="1107"
                          CONTENT="aut"/>
                  <SP HEIGHT="73" WIDTH="21" VPOS="468" HPOS="1255"/>
                  <String HEIGHT="73"
                          WIDTH="191"
                          VPOS="468"
                          HPOS="1192"
                          CONTENT="motus"/>
                  <SP HEIGHT="73" WIDTH="21" VPOS="468" HPOS="1382"/>
                  <String HEIGHT="73" WIDTH="127" VPOS="468" HPOS="1319" CONTENT="in"/>
                  <SP HEIGHT="73" WIDTH="21" VPOS="468" HPOS="1446"/>
                  <String HEIGHT="73"
                          WIDTH="254"
                          VPOS="468"
                          HPOS="1382"
                          CONTENT="mentibus"/>
                  <SP HEIGHT="73" WIDTH="21" VPOS="468" HPOS="1636"/>
                  <String HEIGHT="73"
                          WIDTH="212"
                          VPOS="468"
                          HPOS="1551"
                          CONTENT="hominum,"/>
               </TextLine>
               <TextLine ID="r1l7"
                         BASELINE="612"
                         HEIGHT="93"
                         WIDTH="1656"
                         VPOS="519"
                         HPOS="111">
                  <String HEIGHT="93" WIDTH="138" VPOS="519" HPOS="88" CONTENT="Vt"/>
                  <SP HEIGHT="93" WIDTH="23" VPOS="519" HPOS="226"/>
                  <String HEIGHT="93" WIDTH="161" VPOS="519" HPOS="157" CONTENT="iam"/>
                  <SP HEIGHT="93" WIDTH="23" VPOS="519" HPOS="318"/>
                  <String HEIGHT="93" WIDTH="161" VPOS="519" HPOS="249" CONTENT="non"/>
                  <SP HEIGHT="93" WIDTH="23" VPOS="519" HPOS="410"/>
                  <String HEIGHT="93"
                          WIDTH="322"
                          VPOS="519"
                          HPOS="341"
                          CONTENT="commemorem"/>
                  <SP HEIGHT="93" WIDTH="23" VPOS="519" HPOS="663"/>
                  <String HEIGHT="93"
                          WIDTH="184"
                          VPOS="519"
                          HPOS="594"
                          CONTENT="quod"/>
                  <SP HEIGHT="93" WIDTH="23" VPOS="519" HPOS="778"/>
                  <String HEIGHT="93"
                          WIDTH="230"
                          VPOS="519"
                          HPOS="709"
                          CONTENT="toties"/>
                  <SP HEIGHT="93" WIDTH="23" VPOS="519" HPOS="939"/>
                  <String HEIGHT="93" WIDTH="161" VPOS="519" HPOS="870" CONTENT="sub"/>
                  <SP HEIGHT="93" WIDTH="23" VPOS="519" HPOS="1031"/>
                  <String HEIGHT="93"
                          WIDTH="230"
                          VPOS="519"
                          HPOS="962"
                          CONTENT="specie"/>
                  <SP HEIGHT="93" WIDTH="23" VPOS="519" HPOS="1192"/>
                  <String HEIGHT="93"
                          WIDTH="161"
                          VPOS="519"
                          HPOS="1123"
                          CONTENT="uel"/>
                  <SP HEIGHT="93" WIDTH="23" VPOS="519" HPOS="1284"/>
                  <String HEIGHT="93"
                          WIDTH="253"
                          VPOS="519"
                          HPOS="1215"
                          CONTENT="imagine"/>
                  <SP HEIGHT="93" WIDTH="23" VPOS="519" HPOS="1468"/>
                  <String HEIGHT="93"
                          WIDTH="253"
                          VPOS="519"
                          HPOS="1399"
                          CONTENT="hominum"/>
                  <SP HEIGHT="93" WIDTH="23" VPOS="519" HPOS="1652"/>
                  <String HEIGHT="93"
                          WIDTH="207"
                          VPOS="519"
                          HPOS="1560"
                          CONTENT="homini"
                          SUBS_TYPE="HypPart1"
                          SUBS_CONTENT="hominibus"/>
                  <HYP CONTENT="-"/>
               </TextLine>
               <TextLine ID="r1l8"
                         BASELINE="647"
                         HEIGHT="74"
                         WIDTH="1534"
                         VPOS="573"
                         HPOS="110">
                  <String HEIGHT="74"
                          WIDTH="153"
                          VPOS="573"
                          HPOS="88"
                          CONTENT="bus"
                          SUBS_TYPE="HypPart2"
                          SUBS_CONTENT="hominibus"/>
                  <SP HEIGHT="74" WIDTH="22" VPOS="573" HPOS="241"/>
                  <String HEIGHT="74"
                          WIDTH="351"
                          VPOS="573"
                          HPOS="176"
                          CONTENT="apparuerunt."/>
                  <SP HEIGHT="74" WIDTH="22" VPOS="573" HPOS="526"/>
                  <String HEIGHT="74"
                          WIDTH="263"
                          VPOS="573"
                          HPOS="461"
                          CONTENT="Teneamus"/>
                  <SP HEIGHT="74" WIDTH="22" VPOS="573" HPOS="724"/>
                  <String HEIGHT="74"
                          WIDTH="175"
                          VPOS="573"
                          HPOS="658"
                          CONTENT="ergo"/>
                  <SP HEIGHT="74" WIDTH="22" VPOS="573" HPOS="833"/>
                  <String HEIGHT="74" WIDTH="110" VPOS="573" HPOS="767" CONTENT="&amp;"/>
                  <SP HEIGHT="74" WIDTH="22" VPOS="573" HPOS="877"/>
                  <String HEIGHT="74"
                          WIDTH="329"
                          VPOS="573"
                          HPOS="811"
                          CONTENT="confiteamur"/>
                  <SP HEIGHT="74" WIDTH="22" VPOS="573" HPOS="1140"/>
                  <String HEIGHT="74"
                          WIDTH="241"
                          VPOS="573"
                          HPOS="1074"
                          CONTENT="angelos"/>
                  <SP HEIGHT="74" WIDTH="22" VPOS="573" HPOS="1315"/>
                  <String HEIGHT="74"
                          WIDTH="175"
                          VPOS="573"
                          HPOS="1250"
                          CONTENT="esse"/>
                  <SP HEIGHT="74" WIDTH="22" VPOS="573" HPOS="1425"/>
                  <String HEIGHT="74"
                          WIDTH="307"
                          VPOS="573"
                          HPOS="1337"
                          CONTENT="substantias."/>
               </TextLine>
               <TextLine ID="r1l9"
                         BASELINE="707"
                         HEIGHT="80"
                         WIDTH="1584"
                         VPOS="627"
                         HPOS="178">
                  <String HEIGHT="80"
                          WIDTH="183"
                          VPOS="627"
                          HPOS="158"
                          CONTENT="Porro"/>
                  <SP HEIGHT="80" WIDTH="20" VPOS="627" HPOS="340"/>
                  <String HEIGHT="80"
                          WIDTH="203"
                          VPOS="627"
                          HPOS="280"
                          CONTENT="quales"/>
                  <SP HEIGHT="80" WIDTH="20" VPOS="627" HPOS="483"/>
                  <String HEIGHT="80"
                          WIDTH="162"
                          VPOS="627"
                          HPOS="422"
                          CONTENT="sint"/>
                  <SP HEIGHT="80" WIDTH="20" VPOS="627" HPOS="584"/>
                  <String HEIGHT="80"
                          WIDTH="305"
                          VPOS="627"
                          HPOS="523"
                          CONTENT="substantiae"/>
                  <SP HEIGHT="80" WIDTH="20" VPOS="627" HPOS="828"/>
                  <String HEIGHT="80"
                          WIDTH="162"
                          VPOS="627"
                          HPOS="767"
                          CONTENT="alij"/>
                  <SP HEIGHT="80" WIDTH="20" VPOS="627" HPOS="929"/>
                  <String HEIGHT="80"
                          WIDTH="183"
                          VPOS="627"
                          HPOS="868"
                          CONTENT="forte"/>
                  <SP HEIGHT="80" WIDTH="20" VPOS="627" HPOS="1051"/>
                  <String HEIGHT="80"
                          WIDTH="203"
                          VPOS="627"
                          HPOS="990"
                          CONTENT="melius"/>
                  <SP HEIGHT="80" WIDTH="20" VPOS="627" HPOS="1193"/>
                  <String HEIGHT="80"
                          WIDTH="325"
                          VPOS="627"
                          HPOS="1132"
                          CONTENT="explicarint:"/>
                  <SP HEIGHT="80" WIDTH="20" VPOS="627" HPOS="1457"/>
                  <String HEIGHT="80"
                          WIDTH="162"
                          VPOS="627"
                          HPOS="1396"
                          CONTENT="quod"/>
                  <SP HEIGHT="80" WIDTH="20" VPOS="627" HPOS="1559"/>
                  <String HEIGHT="80"
                          WIDTH="203"
                          VPOS="627"
                          HPOS="1498"
                          CONTENT="nemini"/>
                  <SP HEIGHT="80" WIDTH="20" VPOS="627" HPOS="1701"/>
                  <String HEIGHT="80"
                          WIDTH="142"
                          VPOS="627"
                          HPOS="1620"
                          CONTENT="inui"
                          SUBS_TYPE="HypPart1"
                          SUBS_CONTENT="inuideo."/>
                  <HYP CONTENT="-"/>
               </TextLine>
               <TextLine ID="r1l11"
                         BASELINE="774"
                         HEIGHT="86"
                         WIDTH="1650"
                         VPOS="688"
                         HPOS="103">
                  <String HEIGHT="86"
                          WIDTH="169"
                          VPOS="688"
                          HPOS="82"
                          CONTENT="deo."
                          SUBS_TYPE="HypPart2"
                          SUBS_CONTENT="inuideo."/>
                  <SP HEIGHT="86" WIDTH="21" VPOS="688" HPOS="251"/>
                  <String HEIGHT="86" WIDTH="148" VPOS="688" HPOS="188" CONTENT="Ego"/>
                  <SP HEIGHT="86" WIDTH="21" VPOS="688" HPOS="336"/>
                  <String HEIGHT="86"
                          WIDTH="212"
                          VPOS="688"
                          HPOS="272"
                          CONTENT="fateor"/>
                  <SP HEIGHT="86" WIDTH="21" VPOS="688" HPOS="484"/>
                  <String HEIGHT="86"
                          WIDTH="254"
                          VPOS="688"
                          HPOS="420"
                          CONTENT="spiritus"/>
                  <SP HEIGHT="86" WIDTH="21" VPOS="688" HPOS="674"/>
                  <String HEIGHT="86"
                          WIDTH="169"
                          VPOS="688"
                          HPOS="611"
                          CONTENT="esse"/>
                  <SP HEIGHT="86" WIDTH="21" VPOS="688" HPOS="780"/>
                  <String HEIGHT="86"
                          WIDTH="212"
                          VPOS="688"
                          HPOS="716"
                          CONTENT="bonos,"/>
                  <SP HEIGHT="86" WIDTH="21" VPOS="688" HPOS="928"/>
                  <String HEIGHT="86" WIDTH="127" VPOS="688" HPOS="865" CONTENT="ad"/>
                  <SP HEIGHT="86" WIDTH="21" VPOS="688" HPOS="991"/>
                  <String HEIGHT="86"
                          WIDTH="338"
                          VPOS="688"
                          HPOS="928"
                          CONTENT="differentiam"/>
                  <SP HEIGHT="86" WIDTH="21" VPOS="688" HPOS="1266"/>
                  <String HEIGHT="86"
                          WIDTH="254"
                          VPOS="688"
                          HPOS="1203"
                          CONTENT="malorum."/>
                  <SP HEIGHT="86" WIDTH="21" VPOS="688" HPOS="1457"/>
                  <String HEIGHT="86" WIDTH="127" VPOS="688" HPOS="1393" CONTENT="De"/>
                  <SP HEIGHT="86" WIDTH="21" VPOS="688" HPOS="1520"/>
                  <String HEIGHT="86"
                          WIDTH="212"
                          VPOS="688"
                          HPOS="1457"
                          CONTENT="quibus"/>
                  <SP HEIGHT="86" WIDTH="21" VPOS="688" HPOS="1668"/>
                  <String HEIGHT="86"
                          WIDTH="169"
                          VPOS="688"
                          HPOS="1584"
                          CONTENT="postea"/>
               </TextLine>
               <TextLine ID="r1l13"
                         BASELINE="816"
                         HEIGHT="62"
                         WIDTH="1659"
                         VPOS="754"
                         HPOS="106">
                  <String HEIGHT="62"
                          WIDTH="246"
                          VPOS="754"
                          HPOS="86"
                          CONTENT="dicetur."/>
                  <SP HEIGHT="62" WIDTH="20" VPOS="754" HPOS="331"/>
                  <String HEIGHT="62"
                          WIDTH="184"
                          VPOS="754"
                          HPOS="270"
                          CONTENT="Bonos"/>
                  <SP HEIGHT="62" WIDTH="20" VPOS="754" HPOS="454"/>
                  <String HEIGHT="62"
                          WIDTH="184"
                          VPOS="754"
                          HPOS="393"
                          CONTENT="autem"/>
                  <SP HEIGHT="62" WIDTH="20" VPOS="754" HPOS="577"/>
                  <String HEIGHT="62"
                          WIDTH="225"
                          VPOS="754"
                          HPOS="516"
                          CONTENT="fateor,"/>
                  <SP HEIGHT="62" WIDTH="20" VPOS="754" HPOS="741"/>
                  <String HEIGHT="62" WIDTH="143" VPOS="754" HPOS="679" CONTENT="non"/>
                  <SP HEIGHT="62" WIDTH="20" VPOS="754" HPOS="823"/>
                  <String HEIGHT="62" WIDTH="143" VPOS="754" HPOS="761" CONTENT="tam"/>
                  <SP HEIGHT="62" WIDTH="20" VPOS="754" HPOS="905"/>
                  <String HEIGHT="62"
                          WIDTH="246"
                          VPOS="754"
                          HPOS="843"
                          CONTENT="bonitate"/>
                  <SP HEIGHT="62" WIDTH="20" VPOS="754" HPOS="1089"/>
                  <String HEIGHT="62"
                          WIDTH="246"
                          VPOS="754"
                          HPOS="1028"
                          CONTENT="natures,"/>
                  <SP HEIGHT="62" WIDTH="20" VPOS="754" HPOS="1273"/>
                  <String HEIGHT="62" WIDTH="123" VPOS="754" HPOS="1212" CONTENT="in"/>
                  <SP HEIGHT="62" WIDTH="20" VPOS="754" HPOS="1335"/>
                  <String HEIGHT="62"
                          WIDTH="143"
                          VPOS="754"
                          HPOS="1273"
                          CONTENT="qua"/>
                  <SP HEIGHT="62" WIDTH="20" VPOS="754" HPOS="1417"/>
                  <String HEIGHT="62"
                          WIDTH="348"
                          VPOS="754"
                          HPOS="1355"
                          CONTENT="perstiterunt,"/>
                  <SP HEIGHT="62" WIDTH="20" VPOS="754" HPOS="1704"/>
                  <String HEIGHT="62"
                          WIDTH="164"
                          VPOS="754"
                          HPOS="1642"
                          CONTENT="quam"/>
                  <SP HEIGHT="62" WIDTH="20" VPOS="754" HPOS="1806"/>
                  <String HEIGHT="62" WIDTH="41" VPOS="754" HPOS="1724" CONTENT=""/>
               </TextLine>
               <TextLine ID="r1l14"
                         BASELINE="876"
                         HEIGHT="71"
                         WIDTH="1641"
                         VPOS="805"
                         HPOS="107">
                  <String HEIGHT="71"
                          WIDTH="290"
                          VPOS="805"
                          HPOS="88"
                          CONTENT="operatione,"/>
                  <SP HEIGHT="71" WIDTH="19" VPOS="805" HPOS="377"/>
                  <String HEIGHT="71"
                          WIDTH="193"
                          VPOS="805"
                          HPOS="319"
                          CONTENT="semper"/>
                  <SP HEIGHT="71" WIDTH="19" VPOS="805" HPOS="512"/>
                  <String HEIGHT="71"
                          WIDTH="154"
                          VPOS="805"
                          HPOS="455"
                          CONTENT="enim"/>
                  <SP HEIGHT="71" WIDTH="19" VPOS="805" HPOS="609"/>
                  <String HEIGHT="71" WIDTH="116" VPOS="805" HPOS="551" CONTENT="ad"/>
                  <SP HEIGHT="71" WIDTH="19" VPOS="805" HPOS="667"/>
                  <String HEIGHT="71"
                          WIDTH="154"
                          VPOS="805"
                          HPOS="609"
                          CONTENT="bona"/>
                  <SP HEIGHT="71" WIDTH="19" VPOS="805" HPOS="763"/>
                  <String HEIGHT="71"
                          WIDTH="270"
                          VPOS="805"
                          HPOS="705"
                          CONTENT="instigant."/>
                  <SP HEIGHT="71" WIDTH="19" VPOS="805" HPOS="976"/>
                  <String HEIGHT="71"
                          WIDTH="193"
                          VPOS="805"
                          HPOS="918"
                          CONTENT="Fateor"/>
                  <SP HEIGHT="71" WIDTH="19" VPOS="805" HPOS="1111"/>
                  <String HEIGHT="71"
                          WIDTH="154"
                          VPOS="805"
                          HPOS="1053"
                          CONTENT="item"/>
                  <SP HEIGHT="71" WIDTH="19" VPOS="805" HPOS="1207"/>
                  <String HEIGHT="71"
                          WIDTH="212"
                          VPOS="805"
                          HPOS="1150"
                          CONTENT="angelos"/>
                  <SP HEIGHT="71" WIDTH="19" VPOS="805" HPOS="1362"/>
                  <String HEIGHT="71"
                          WIDTH="154"
                          VPOS="805"
                          HPOS="1304"
                          CONTENT="esse"/>
                  <SP HEIGHT="71" WIDTH="19" VPOS="805" HPOS="1458"/>
                  <String HEIGHT="71"
                          WIDTH="251"
                          VPOS="805"
                          HPOS="1400"
                          CONTENT="spiritus,"/>
                  <SP HEIGHT="71" WIDTH="19" VPOS="805" HPOS="1651"/>
                  <String HEIGHT="71" WIDTH="116" VPOS="805" HPOS="1594" CONTENT="id"/>
                  <SP HEIGHT="71" WIDTH="19" VPOS="805" HPOS="1709"/>
                  <String HEIGHT="71"
                          WIDTH="116"
                          VPOS="805"
                          HPOS="1632"
                          CONTENT="est,"/>
               </TextLine>
               <TextLine ID="r1l15"
                         BASELINE="940"
                         HEIGHT="81"
                         WIDTH="1657"
                         VPOS="859"
                         HPOS="104">
                  <String HEIGHT="81"
                          WIDTH="296"
                          VPOS="859"
                          HPOS="84"
                          CONTENT="substantias"/>
                  <SP HEIGHT="81" WIDTH="20" VPOS="859" HPOS="380"/>
                  <String HEIGHT="81"
                          WIDTH="316"
                          VPOS="859"
                          HPOS="321"
                          CONTENT="spirituales,"/>
                  <SP HEIGHT="81" WIDTH="20" VPOS="859" HPOS="637"/>
                  <String HEIGHT="81"
                          WIDTH="276"
                          VPOS="859"
                          HPOS="577"
                          CONTENT="coelestes,"/>
                  <SP HEIGHT="81" WIDTH="20" VPOS="859" HPOS="854"/>
                  <String HEIGHT="81"
                          WIDTH="375"
                          VPOS="859"
                          HPOS="794"
                          CONTENT="incorruptibiles"/>
                  <SP HEIGHT="81" WIDTH="20" VPOS="859" HPOS="1169"/>
                  <String HEIGHT="81" WIDTH="99" VPOS="859" HPOS="1110" CONTENT="&amp;"/>
                  <SP HEIGHT="81" WIDTH="20" VPOS="859" HPOS="1209"/>
                  <String HEIGHT="81"
                          WIDTH="375"
                          VPOS="859"
                          HPOS="1149"
                          CONTENT="expeditissimas."/>
                  <SP HEIGHT="81" WIDTH="20" VPOS="859" HPOS="1524"/>
                  <String HEIGHT="81"
                          WIDTH="256"
                          VPOS="859"
                          HPOS="1465"
                          CONTENT="Scriptura"/>
                  <SP HEIGHT="81" WIDTH="20" VPOS="859" HPOS="1722"/>
                  <String HEIGHT="81"
                          WIDTH="118"
                          VPOS="859"
                          HPOS="1643"
                          CONTENT="enim"/>
               </TextLine>
               <TextLine ID="r1l16"
                         BASELINE="1000"
                         HEIGHT="84"
                         WIDTH="1644"
                         VPOS="916"
                         HPOS="106">
                  <String HEIGHT="84"
                          WIDTH="261"
                          VPOS="916"
                          HPOS="86"
                          CONTENT="testatur,"/>
                  <SP HEIGHT="84" WIDTH="20" VPOS="916" HPOS="347"/>
                  <String HEIGHT="84" WIDTH="100" VPOS="916" HPOS="286" CONTENT="&amp;"/>
                  <SP HEIGHT="84" WIDTH="20" VPOS="916" HPOS="387"/>
                  <String HEIGHT="84"
                          WIDTH="160"
                          VPOS="916"
                          HPOS="327"
                          CONTENT="ait:"/>
                  <SP HEIGHT="84" WIDTH="20" VPOS="916" HPOS="487"/>
                  <String HEIGHT="84" WIDTH="140" VPOS="916" HPOS="427" CONTENT="Qui"/>
                  <SP HEIGHT="84" WIDTH="20" VPOS="916" HPOS="567"/>
                  <String HEIGHT="84"
                          WIDTH="180"
                          VPOS="916"
                          HPOS="507"
                          CONTENT="creat"/>
                  <SP HEIGHT="84" WIDTH="20" VPOS="916" HPOS="687"/>
                  <String HEIGHT="84"
                          WIDTH="221"
                          VPOS="916"
                          HPOS="627"
                          CONTENT="angelos"/>
                  <SP HEIGHT="84" WIDTH="20" VPOS="916" HPOS="848"/>
                  <String HEIGHT="84"
                          WIDTH="160"
                          VPOS="916"
                          HPOS="788"
                          CONTENT="suos"/>
                  <SP HEIGHT="84" WIDTH="20" VPOS="916" HPOS="948"/>
                  <String HEIGHT="84"
                          WIDTH="261"
                          VPOS="916"
                          HPOS="888"
                          CONTENT="spiritus,"/>
                  <SP HEIGHT="84" WIDTH="20" VPOS="916" HPOS="1149"/>
                  <String HEIGHT="84" WIDTH="100" VPOS="916" HPOS="1088" CONTENT="&amp;"/>
                  <SP HEIGHT="84" WIDTH="20" VPOS="916" HPOS="1189"/>
                  <String HEIGHT="84"
                          WIDTH="261"
                          VPOS="916"
                          HPOS="1128"
                          CONTENT="ministros"/>
                  <SP HEIGHT="84" WIDTH="20" VPOS="916" HPOS="1389"/>
                  <String HEIGHT="84"
                          WIDTH="160"
                          VPOS="916"
                          HPOS="1329"
                          CONTENT="suos"/>
                  <SP HEIGHT="84" WIDTH="20" VPOS="916" HPOS="1489"/>
                  <String HEIGHT="84"
                          WIDTH="221"
                          VPOS="916"
                          HPOS="1429"
                          CONTENT="flammam"/>
                  <SP HEIGHT="84" WIDTH="20" VPOS="916" HPOS="1650"/>
                  <String HEIGHT="84"
                          WIDTH="200"
                          VPOS="916"
                          HPOS="1590"
                          CONTENT="ignis."/>
                  <SP HEIGHT="84" WIDTH="20" VPOS="916" HPOS="1790"/>
                  <String HEIGHT="84" WIDTH="40" VPOS="916" HPOS="1710" CONTENT=""/>
               </TextLine>
               <TextLine ID="r1l18"
                         BASELINE="1056"
                         HEIGHT="87"
                         WIDTH="1666"
                         VPOS="969"
                         HPOS="104">
                  <String HEIGHT="87"
                          WIDTH="285"
                          VPOS="969"
                          HPOS="82"
                          CONTENT="Spiritus,"/>
                  <SP HEIGHT="87" WIDTH="22" VPOS="969" HPOS="367"/>
                  <String HEIGHT="87"
                          WIDTH="241"
                          VPOS="969"
                          HPOS="301"
                          CONTENT="inquam,"/>
                  <SP HEIGHT="87" WIDTH="22" VPOS="969" HPOS="542"/>
                  <String HEIGHT="87"
                          WIDTH="241"
                          VPOS="969"
                          HPOS="477"
                          CONTENT="nominat"/>
                  <SP HEIGHT="87" WIDTH="22" VPOS="969" HPOS="718"/>
                  <String HEIGHT="87"
                          WIDTH="285"
                          VPOS="969"
                          HPOS="652"
                          CONTENT="scriptura"/>
                  <SP HEIGHT="87" WIDTH="22" VPOS="969" HPOS="937"/>
                  <String HEIGHT="87"
                          WIDTH="263"
                          VPOS="969"
                          HPOS="871"
                          CONTENT="angelos,"/>
                  <SP HEIGHT="87" WIDTH="22" VPOS="969" HPOS="1134"/>
                  <String HEIGHT="87" WIDTH="110" VPOS="969" HPOS="1069" CONTENT="&amp;"/>
                  <SP HEIGHT="87" WIDTH="22" VPOS="969" HPOS="1178"/>
                  <String HEIGHT="87"
                          WIDTH="219"
                          VPOS="969"
                          HPOS="1112"
                          CONTENT="fammam"/>
                  <SP HEIGHT="87" WIDTH="22" VPOS="969" HPOS="1332"/>
                  <String HEIGHT="87"
                          WIDTH="219"
                          VPOS="969"
                          HPOS="1266"
                          CONTENT="ignis:"/>
                  <SP HEIGHT="87" WIDTH="22" VPOS="969" HPOS="1485"/>
                  <String HEIGHT="87"
                          WIDTH="153"
                          VPOS="969"
                          HPOS="1419"
                          CONTENT="non"/>
                  <SP HEIGHT="87" WIDTH="22" VPOS="969" HPOS="1573"/>
                  <String HEIGHT="87"
                          WIDTH="175"
                          VPOS="969"
                          HPOS="1507"
                          CONTENT="quod"/>
                  <SP HEIGHT="87" WIDTH="22" VPOS="969" HPOS="1682"/>
                  <String HEIGHT="87"
                          WIDTH="175"
                          VPOS="969"
                          HPOS="1595"
                          CONTENT="angeli"/>
               </TextLine>
               <TextLine ID="r1l19"
                         BASELINE="1097"
                         HEIGHT="68"
                         WIDTH="1658"
                         VPOS="1029"
                         HPOS="104">
                  <String HEIGHT="68"
                          WIDTH="200"
                          VPOS="1029"
                          HPOS="84"
                          CONTENT="natura"/>
                  <SP HEIGHT="68" WIDTH="20" VPOS="1029" HPOS="284"/>
                  <String HEIGHT="68" WIDTH="100" VPOS="1029" HPOS="224" CONTENT="&amp;"/>
                  <SP HEIGHT="68" WIDTH="20" VPOS="1029" HPOS="324"/>
                  <String HEIGHT="68"
                          WIDTH="280"
                          VPOS="1029"
                          HPOS="264"
                          CONTENT="substantia"/>
                  <SP HEIGHT="68" WIDTH="20" VPOS="1029" HPOS="543"/>
                  <String HEIGHT="68"
                          WIDTH="140"
                          VPOS="1029"
                          HPOS="484"
                          CONTENT="sua"/>
                  <SP HEIGHT="68" WIDTH="20" VPOS="1029" HPOS="623"/>
                  <String HEIGHT="68"
                          WIDTH="160"
                          VPOS="1029"
                          HPOS="563"
                          CONTENT="sint"/>
                  <SP HEIGHT="68" WIDTH="20" VPOS="1029" HPOS="723"/>
                  <String HEIGHT="68"
                          WIDTH="180"
                          VPOS="1029"
                          HPOS="663"
                          CONTENT="ignis"/>
                  <SP HEIGHT="68" WIDTH="20" VPOS="1029" HPOS="843"/>
                  <String HEIGHT="68"
                          WIDTH="280"
                          VPOS="1029"
                          HPOS="783"
                          CONTENT="corporalis"/>
                  <SP HEIGHT="68" WIDTH="20" VPOS="1029" HPOS="1063"/>
                  <String HEIGHT="68" WIDTH="100" VPOS="1029" HPOS="1003" CONTENT=":"/>
                  <SP HEIGHT="68" WIDTH="20" VPOS="1029" HPOS="1103"/>
                  <String HEIGHT="68"
                          WIDTH="140"
                          VPOS="1029"
                          HPOS="1043"
                          CONTENT="sed"/>
                  <SP HEIGHT="68" WIDTH="20" VPOS="1029" HPOS="1183"/>
                  <String HEIGHT="68"
                          WIDTH="160"
                          VPOS="1029"
                          HPOS="1123"
                          CONTENT="quod"/>
                  <SP HEIGHT="68" WIDTH="20" VPOS="1029" HPOS="1283"/>
                  <String HEIGHT="68"
                          WIDTH="180"
                          VPOS="1029"
                          HPOS="1223"
                          CONTENT="ignis"/>
                  <SP HEIGHT="68" WIDTH="20" VPOS="1029" HPOS="1402"/>
                  <String HEIGHT="68"
                          WIDTH="140"
                          VPOS="1029"
                          HPOS="1343"
                          CONTENT="eos"/>
                  <SP HEIGHT="68" WIDTH="20" VPOS="1029" HPOS="1482"/>
                  <String HEIGHT="68"
                          WIDTH="240"
                          VPOS="1029"
                          HPOS="1422"
                          CONTENT="utcunque"/>
                  <SP HEIGHT="68" WIDTH="20" VPOS="1029" HPOS="1662"/>
                  <String HEIGHT="68"
                          WIDTH="180"
                          VPOS="1029"
                          HPOS="1582"
                          CONTENT="referat"/>
               </TextLine>
               <TextLine ID="r1l20"
                         BASELINE="1161"
                         HEIGHT="68"
                         WIDTH="1643"
                         VPOS="1093"
                         HPOS="107">
                  <String HEIGHT="68" WIDTH="139" VPOS="1093" HPOS="87" CONTENT="qui"/>
                  <SP HEIGHT="68" WIDTH="20" VPOS="1093" HPOS="226"/>
                  <String HEIGHT="68"
                          WIDTH="257"
                          VPOS="1093"
                          HPOS="166"
                          CONTENT="diaphonia"/>
                  <SP HEIGHT="68" WIDTH="20" VPOS="1093" HPOS="424"/>
                  <String HEIGHT="68"
                          WIDTH="337"
                          VPOS="1093"
                          HPOS="364"
                          CONTENT="pulchritudine"/>
                  <SP HEIGHT="68" WIDTH="20" VPOS="1093" HPOS="701"/>
                  <String HEIGHT="68"
                          WIDTH="515"
                          VPOS="1093"
                          HPOS="641"
                          CONTENT="incorruptibilitateque,"/>
                  <SP HEIGHT="68" WIDTH="20" VPOS="1093" HPOS="1156"/>
                  <String HEIGHT="68"
                          WIDTH="257"
                          VPOS="1093"
                          HPOS="1097"
                          CONTENT="agilitate"/>
                  <SP HEIGHT="68" WIDTH="20" VPOS="1093" HPOS="1354"/>
                  <String HEIGHT="68"
                          WIDTH="158"
                          VPOS="1093"
                          HPOS="1295"
                          CONTENT="item"/>
                  <SP HEIGHT="68" WIDTH="20" VPOS="1093" HPOS="1453"/>
                  <String HEIGHT="68"
                          WIDTH="277"
                          VPOS="1093"
                          HPOS="1394"
                          CONTENT="celeritate"/>
                  <SP HEIGHT="68" WIDTH="20" VPOS="1093" HPOS="1671"/>
                  <String HEIGHT="68"
                          WIDTH="158"
                          VPOS="1093"
                          HPOS="1592"
                          CONTENT="purita"/>
               </TextLine>
               <TextLine ID="r1l21"
                         BASELINE="1222"
                         HEIGHT="76"
                         WIDTH="1654"
                         VPOS="1146"
                         HPOS="104">
                  <String HEIGHT="76"
                          WIDTH="171"
                          VPOS="1146"
                          HPOS="85"
                          CONTENT="teque"/>
                  <SP HEIGHT="76" WIDTH="19" VPOS="1146" HPOS="256"/>
                  <String HEIGHT="76"
                          WIDTH="152"
                          VPOS="1146"
                          HPOS="199"
                          CONTENT="sunt"/>
                  <SP HEIGHT="76" WIDTH="19" VPOS="1146" HPOS="351"/>
                  <String HEIGHT="76"
                          WIDTH="304"
                          VPOS="1146"
                          HPOS="294"
                          CONTENT="ornatissimae"/>
                  <SP HEIGHT="76" WIDTH="19" VPOS="1146" HPOS="598"/>
                  <String HEIGHT="76" WIDTH="95" VPOS="1146" HPOS="541" CONTENT="&amp;"/>
                  <SP HEIGHT="76" WIDTH="19" VPOS="1146" HPOS="636"/>
                  <String HEIGHT="76"
                          WIDTH="380"
                          VPOS="1146"
                          HPOS="579"
                          CONTENT="praestantissimae"/>
                  <SP HEIGHT="76" WIDTH="19" VPOS="1146" HPOS="960"/>
                  <String HEIGHT="76"
                          WIDTH="266"
                          VPOS="1146"
                          HPOS="902"
                          CONTENT="creaturae."/>
                  <SP HEIGHT="76" WIDTH="19" VPOS="1146" HPOS="1169"/>
                  <String HEIGHT="76"
                          WIDTH="304"
                          VPOS="1146"
                          HPOS="1112"
                          CONTENT="Definitiones"/>
                  <SP HEIGHT="76" WIDTH="19" VPOS="1146" HPOS="1416"/>
                  <String HEIGHT="76"
                          WIDTH="342"
                          VPOS="1146"
                          HPOS="1359"
                          CONTENT="ecclesiasticae"/>
                  <SP HEIGHT="76" WIDTH="19" VPOS="1146" HPOS="1701"/>
                  <String HEIGHT="76"
                          WIDTH="133"
                          VPOS="1146"
                          HPOS="1625"
                          CONTENT="satis"/>
               </TextLine>
               <TextLine ID="r1l23"
                         BASELINE="1266"
                         HEIGHT="74"
                         WIDTH="1651"
                         VPOS="1192"
                         HPOS="104">
                  <String HEIGHT="74"
                          WIDTH="201"
                          VPOS="1192"
                          HPOS="84"
                          CONTENT="crasse"/>
                  <SP HEIGHT="74" WIDTH="20" VPOS="1192" HPOS="285"/>
                  <String HEIGHT="74"
                          WIDTH="221"
                          VPOS="1192"
                          HPOS="225"
                          CONTENT="tradunt"/>
                  <SP HEIGHT="74" WIDTH="20" VPOS="1192" HPOS="446"/>
                  <String HEIGHT="74"
                          WIDTH="221"
                          VPOS="1192"
                          HPOS="386"
                          CONTENT="angelos"/>
                  <SP HEIGHT="74" WIDTH="20" VPOS="1192" HPOS="607"/>
                  <String HEIGHT="74"
                          WIDTH="161"
                          VPOS="1192"
                          HPOS="547"
                          CONTENT="esse"/>
                  <SP HEIGHT="74" WIDTH="20" VPOS="1192" HPOS="708"/>
                  <String HEIGHT="74"
                          WIDTH="302"
                          VPOS="1192"
                          HPOS="648"
                          CONTENT="substantias"/>
                  <SP HEIGHT="74" WIDTH="20" VPOS="1192" HPOS="950"/>
                  <String HEIGHT="74"
                          WIDTH="282"
                          VPOS="1192"
                          HPOS="889"
                          CONTENT="corporeas,"/>
                  <SP HEIGHT="74" WIDTH="20" VPOS="1192" HPOS="1171"/>
                  <String HEIGHT="74"
                          WIDTH="141"
                          VPOS="1192"
                          HPOS="1111"
                          CONTENT="sed"/>
                  <SP HEIGHT="74" WIDTH="20" VPOS="1192" HPOS="1252"/>
                  <String HEIGHT="74"
                          WIDTH="141"
                          VPOS="1192"
                          HPOS="1191"
                          CONTENT="sui"/>
                  <SP HEIGHT="74" WIDTH="20" VPOS="1192" HPOS="1332"/>
                  <String HEIGHT="74"
                          WIDTH="242"
                          VPOS="1192"
                          HPOS="1272"
                          CONTENT="generis."/>
                  <SP HEIGHT="74" WIDTH="20" VPOS="1192" HPOS="1513"/>
                  <String HEIGHT="74"
                          WIDTH="141"
                          VPOS="1192"
                          HPOS="1453"
                          CONTENT="Nam"/>
                  <SP HEIGHT="74" WIDTH="20" VPOS="1192" HPOS="1594"/>
                  <String HEIGHT="74"
                          WIDTH="181"
                          VPOS="1192"
                          HPOS="1534"
                          CONTENT="solus"/>
                  <SP HEIGHT="74" WIDTH="20" VPOS="1192" HPOS="1715"/>
                  <String HEIGHT="74"
                          WIDTH="121"
                          VPOS="1192"
                          HPOS="1634"
                          CONTENT="deus"/>
               </TextLine>
               <TextLine ID="r1l25"
                         BASELINE="1330"
                         HEIGHT="79"
                         WIDTH="1646"
                         VPOS="1251"
                         HPOS="110">
                  <String HEIGHT="79" WIDTH="139" VPOS="1251" HPOS="90" CONTENT="est"/>
                  <SP HEIGHT="79" WIDTH="20" VPOS="1251" HPOS="229"/>
                  <String HEIGHT="79"
                          WIDTH="317"
                          VPOS="1251"
                          HPOS="169"
                          CONTENT="incorporeus."/>
                  <SP HEIGHT="79" WIDTH="20" VPOS="1251" HPOS="487"/>
                  <String HEIGHT="79"
                          WIDTH="178"
                          VPOS="1251"
                          HPOS="427"
                          CONTENT="lstae"/>
                  <SP HEIGHT="79" WIDTH="20" VPOS="1251" HPOS="606"/>
                  <String HEIGHT="79"
                          WIDTH="159"
                          VPOS="1251"
                          HPOS="546"
                          CONTENT="ergo"/>
                  <SP HEIGHT="79" WIDTH="20" VPOS="1251" HPOS="705"/>
                  <String HEIGHT="79" WIDTH="119" VPOS="1251" HPOS="645" CONTENT="in"/>
                  <SP HEIGHT="79" WIDTH="20" VPOS="1251" HPOS="764"/>
                  <String HEIGHT="79"
                          WIDTH="159"
                          VPOS="1251"
                          HPOS="705"
                          CONTENT="haec"/>
                  <SP HEIGHT="79" WIDTH="20" VPOS="1251" HPOS="864"/>
                  <String HEIGHT="79"
                          WIDTH="178"
                          VPOS="1251"
                          HPOS="804"
                          CONTENT="uerba"/>
                  <SP HEIGHT="79" WIDTH="20" VPOS="1251" HPOS="983"/>
                  <String HEIGHT="79"
                          WIDTH="297"
                          VPOS="1251"
                          HPOS="923"
                          CONTENT="statuerunt,"/>
                  <SP HEIGHT="79" WIDTH="20" VPOS="1251" HPOS="1221"/>
                  <String HEIGHT="79"
                          WIDTH="238"
                          VPOS="1251"
                          HPOS="1161"
                          CONTENT="Creatura"/>
                  <SP HEIGHT="79" WIDTH="20" VPOS="1251" HPOS="1399"/>
                  <String HEIGHT="79"
                          WIDTH="178"
                          VPOS="1251"
                          HPOS="1340"
                          CONTENT="omnis"/>
                  <SP HEIGHT="79" WIDTH="20" VPOS="1251" HPOS="1518"/>
                  <String HEIGHT="79"
                          WIDTH="238"
                          VPOS="1251"
                          HPOS="1459"
                          CONTENT="corporea"/>
                  <SP HEIGHT="79" WIDTH="20" VPOS="1251" HPOS="1697"/>
                  <String HEIGHT="79"
                          WIDTH="159"
                          VPOS="1251"
                          HPOS="1637"
                          CONTENT="est:"/>
                  <SP HEIGHT="79" WIDTH="20" VPOS="1251" HPOS="1796"/>
                  <String HEIGHT="79" WIDTH="40" VPOS="1251" HPOS="1716" CONTENT=""/>
               </TextLine>
               <TextLine ID="r1l26"
                         BASELINE="1379"
                         HEIGHT="78"
                         WIDTH="1660"
                         VPOS="1301"
                         HPOS="103">
                  <String HEIGHT="78"
                          WIDTH="200"
                          VPOS="1301"
                          HPOS="83"
                          CONTENT="angeli"/>
                  <SP HEIGHT="78" WIDTH="20" VPOS="1301" HPOS="283"/>
                  <String HEIGHT="78" WIDTH="100" VPOS="1301" HPOS="223" CONTENT="&amp;"/>
                  <SP HEIGHT="78" WIDTH="20" VPOS="1301" HPOS="323"/>
                  <String HEIGHT="78"
                          WIDTH="180"
                          VPOS="1301"
                          HPOS="263"
                          CONTENT="omnes"/>
                  <SP HEIGHT="78" WIDTH="20" VPOS="1301" HPOS="443"/>
                  <String HEIGHT="78"
                          WIDTH="260"
                          VPOS="1301"
                          HPOS="383"
                          CONTENT="coelestes"/>
                  <SP HEIGHT="78" WIDTH="20" VPOS="1301" HPOS="643"/>
                  <String HEIGHT="78"
                          WIDTH="240"
                          VPOS="1301"
                          HPOS="583"
                          CONTENT="uirtutes"/>
                  <SP HEIGHT="78" WIDTH="20" VPOS="1301" HPOS="823"/>
                  <String HEIGHT="78"
                          WIDTH="280"
                          VPOS="1301"
                          HPOS="763"
                          CONTENT="corporeae:"/>
                  <SP HEIGHT="78" WIDTH="20" VPOS="1301" HPOS="1043"/>
                  <String HEIGHT="78"
                          WIDTH="180"
                          VPOS="1301"
                          HPOS="983"
                          CONTENT="licet"/>
                  <SP HEIGHT="78" WIDTH="20" VPOS="1301" HPOS="1163"/>
                  <String HEIGHT="78"
                          WIDTH="140"
                          VPOS="1301"
                          HPOS="1103"
                          CONTENT="non"/>
                  <SP HEIGHT="78" WIDTH="20" VPOS="1301" HPOS="1243"/>
                  <String HEIGHT="78"
                          WIDTH="220"
                          VPOS="1301"
                          HPOS="1183"
                          CONTENT="carnees"/>
                  <SP HEIGHT="78" WIDTH="20" VPOS="1301" HPOS="1403"/>
                  <String HEIGHT="78"
                          WIDTH="300"
                          VPOS="1301"
                          HPOS="1343"
                          CONTENT="subsistant."/>
                  <SP HEIGHT="78" WIDTH="20" VPOS="1301" HPOS="1643"/>
                  <String HEIGHT="78"
                          WIDTH="120"
                          VPOS="1301"
                          HPOS="1583"
                          CONTENT="Ex"/>
                  <SP HEIGHT="78" WIDTH="20" VPOS="1301" HPOS="1703"/>
                  <String HEIGHT="78"
                          WIDTH="120"
                          VPOS="1301"
                          HPOS="1643"
                          CONTENT="eo"/>
                  <SP HEIGHT="78" WIDTH="20" VPOS="1301" HPOS="1763"/>
                  <String HEIGHT="78" WIDTH="80" VPOS="1301" HPOS="1683" CONTENT="au"/>
               </TextLine>
               <TextLine ID="r1l27"
                         BASELINE="1447"
                         HEIGHT="83"
                         WIDTH="1660"
                         VPOS="1364"
                         HPOS="107">
                  <String HEIGHT="83" WIDTH="149" VPOS="1364" HPOS="86" CONTENT="tem"/>
                  <SP HEIGHT="83" WIDTH="21" VPOS="1364" HPOS="235"/>
                  <String HEIGHT="83"
                          WIDTH="255"
                          VPOS="1364"
                          HPOS="171"
                          CONTENT="credimus"/>
                  <SP HEIGHT="83" WIDTH="21" VPOS="1364" HPOS="426"/>
                  <String HEIGHT="83"
                          WIDTH="298"
                          VPOS="1364"
                          HPOS="362"
                          CONTENT="corporeas,"/>
                  <SP HEIGHT="83" WIDTH="21" VPOS="1364" HPOS="660"/>
                  <String HEIGHT="83"
                          WIDTH="170"
                          VPOS="1364"
                          HPOS="596"
                          CONTENT="quod"/>
                  <SP HEIGHT="83" WIDTH="21" VPOS="1364" HPOS="767"/>
                  <String HEIGHT="83"
                          WIDTH="277"
                          VPOS="1364"
                          HPOS="703"
                          CONTENT="localiter"/>
                  <SP HEIGHT="83" WIDTH="21" VPOS="1364" HPOS="980"/>
                  <String HEIGHT="83" WIDTH="106" VPOS="1364" HPOS="916" CONTENT="("/>
                  <SP HEIGHT="83" WIDTH="21" VPOS="1364" HPOS="1022"/>
                  <String HEIGHT="83"
                          WIDTH="192"
                          VPOS="1364"
                          HPOS="958"
                          CONTENT="hodie"/>
                  <SP HEIGHT="83" WIDTH="21" VPOS="1364" HPOS="1150"/>
                  <String HEIGHT="83"
                          WIDTH="192"
                          VPOS="1364"
                          HPOS="1086"
                          CONTENT="forte"/>
                  <SP HEIGHT="83" WIDTH="21" VPOS="1364" HPOS="1278"/>
                  <String HEIGHT="83"
                          WIDTH="277"
                          VPOS="1364"
                          HPOS="1214"
                          CONTENT="commodius"/>
                  <SP HEIGHT="83" WIDTH="21" VPOS="1364" HPOS="1490"/>
                  <String HEIGHT="83"
                          WIDTH="255"
                          VPOS="1364"
                          HPOS="1426"
                          CONTENT="dicuntur"/>
                  <SP HEIGHT="83" WIDTH="21" VPOS="1364" HPOS="1682"/>
                  <String HEIGHT="83"
                          WIDTH="170"
                          VPOS="1364"
                          HPOS="1597"
                          CONTENT="angeli"/>
               </TextLine>
               <TextLine ID="r1l28"
                         BASELINE="1498"
                         HEIGHT="82"
                         WIDTH="1641"
                         VPOS="1416"
                         HPOS="109">
                  <String HEIGHT="82" WIDTH="142" VPOS="1416" HPOS="89" CONTENT="non"/>
                  <SP HEIGHT="82" WIDTH="20" VPOS="1416" HPOS="231"/>
                  <String HEIGHT="82"
                          WIDTH="385"
                          VPOS="1416"
                          HPOS="170"
                          CONTENT="circumscriptiue"/>
                  <SP HEIGHT="82" WIDTH="20" VPOS="1416" HPOS="555"/>
                  <String HEIGHT="82"
                          WIDTH="142"
                          VPOS="1416"
                          HPOS="494"
                          CONTENT="sed"/>
                  <SP HEIGHT="82" WIDTH="20" VPOS="1416" HPOS="636"/>
                  <String HEIGHT="82"
                          WIDTH="284"
                          VPOS="1416"
                          HPOS="575"
                          CONTENT="definitiue"/>
                  <SP HEIGHT="82" WIDTH="20" VPOS="1416" HPOS="859"/>
                  <String HEIGHT="82"
                          WIDTH="162"
                          VPOS="1416"
                          HPOS="798"
                          CONTENT="esse"/>
                  <SP HEIGHT="82" WIDTH="20" VPOS="1416" HPOS="960"/>
                  <String HEIGHT="82" WIDTH="122" VPOS="1416" HPOS="899" CONTENT="in"/>
                  <SP HEIGHT="82" WIDTH="20" VPOS="1416" HPOS="1021"/>
                  <String HEIGHT="82"
                          WIDTH="182"
                          VPOS="1416"
                          HPOS="960"
                          CONTENT="loco)"/>
                  <SP HEIGHT="82" WIDTH="20" VPOS="1416" HPOS="1142"/>
                  <String HEIGHT="82"
                          WIDTH="203"
                          VPOS="1416"
                          HPOS="1081"
                          CONTENT="circum"/>
                  <SP HEIGHT="82" WIDTH="20" VPOS="1416" HPOS="1284"/>
                  <String HEIGHT="82"
                          WIDTH="304"
                          VPOS="1416"
                          HPOS="1223"
                          CONTENT="scribuntur,"/>
                  <SP HEIGHT="82" WIDTH="20" VPOS="1416" HPOS="1527"/>
                  <String HEIGHT="82"
                          WIDTH="182"
                          VPOS="1416"
                          HPOS="1466"
                          CONTENT="sicut"/>
                  <SP HEIGHT="82" WIDTH="20" VPOS="1416" HPOS="1649"/>
                  <String HEIGHT="82" WIDTH="101" VPOS="1416" HPOS="1588" CONTENT="&amp;"/>
                  <SP HEIGHT="82" WIDTH="20" VPOS="1416" HPOS="1689"/>
                  <String HEIGHT="82"
                          WIDTH="142"
                          VPOS="1416"
                          HPOS="1608"
                          CONTENT="anima"/>
               </TextLine>
               <TextLine ID="r1l29"
                         BASELINE="1546"
                         HEIGHT="63"
                         WIDTH="1643"
                         VPOS="1483"
                         HPOS="110">
                  <String HEIGHT="63"
                          WIDTH="164"
                          VPOS="1483"
                          HPOS="89"
                          CONTENT="quae"/>
                  <SP HEIGHT="63" WIDTH="21" VPOS="1483" HPOS="254"/>
                  <String HEIGHT="63"
                          WIDTH="185"
                          VPOS="1483"
                          HPOS="192"
                          CONTENT="carne"/>
                  <SP HEIGHT="63" WIDTH="21" VPOS="1483" HPOS="377"/>
                  <String HEIGHT="63"
                          WIDTH="288"
                          VPOS="1483"
                          HPOS="315"
                          CONTENT="clauditur."/>
                  <SP HEIGHT="63" WIDTH="21" VPOS="1483" HPOS="603"/>
                  <String HEIGHT="63"
                          WIDTH="185"
                          VPOS="1483"
                          HPOS="541"
                          CONTENT="Nihil"/>
                  <SP HEIGHT="63" WIDTH="21" VPOS="1483" HPOS="726"/>
                  <String HEIGHT="63"
                          WIDTH="308"
                          VPOS="1483"
                          HPOS="665"
                          CONTENT="incorporeum"/>
                  <SP HEIGHT="63" WIDTH="21" VPOS="1483" HPOS="973"/>
                  <String HEIGHT="63" WIDTH="103" VPOS="1483" HPOS="911" CONTENT="&amp;"/>
                  <SP HEIGHT="63" WIDTH="21" VPOS="1483" HPOS="1014"/>
                  <String HEIGHT="63"
                          WIDTH="164"
                          VPOS="1483"
                          HPOS="952"
                          CONTENT="inui"/>
                  <SP HEIGHT="63" WIDTH="21" VPOS="1483" HPOS="1116"/>
                  <String HEIGHT="63"
                          WIDTH="205"
                          VPOS="1483"
                          HPOS="1055"
                          CONTENT="sibile"/>
                  <SP HEIGHT="63" WIDTH="21" VPOS="1483" HPOS="1260"/>
                  <String HEIGHT="63"
                          WIDTH="205"
                          VPOS="1483"
                          HPOS="1198"
                          CONTENT="natura"/>
                  <SP HEIGHT="63" WIDTH="21" VPOS="1483" HPOS="1404"/>
                  <String HEIGHT="63"
                          WIDTH="288"
                          VPOS="1483"
                          HPOS="1342"
                          CONTENT="credendum,"/>
                  <SP HEIGHT="63" WIDTH="21" VPOS="1483" HPOS="1630"/>
                  <String HEIGHT="63"
                          WIDTH="164"
                          VPOS="1483"
                          HPOS="1568"
                          CONTENT="nisi"/>
                  <SP HEIGHT="63" WIDTH="21" VPOS="1483" HPOS="1732"/>
                  <String HEIGHT="63"
                          WIDTH="103"
                          VPOS="1483"
                          HPOS="1650"
                          CONTENT="so"
                          SUBS_TYPE="HypPart1"
                          SUBS_CONTENT="solum"/>
                  <HYP CONTENT="-"/>
               </TextLine>
               <TextLine ID="r1l30"
                         BASELINE="1597"
                         HEIGHT="64"
                         WIDTH="1645"
                         VPOS="1533"
                         HPOS="107">
                  <String HEIGHT="64"
                          WIDTH="150"
                          VPOS="1533"
                          HPOS="86"
                          CONTENT="lum"
                          SUBS_TYPE="HypPart2"
                          SUBS_CONTENT="solum"/>
                  <SP HEIGHT="64" WIDTH="21" VPOS="1533" HPOS="235"/>
                  <String HEIGHT="64"
                          WIDTH="192"
                          VPOS="1533"
                          HPOS="171"
                          CONTENT="deum,"/>
                  <SP HEIGHT="64" WIDTH="21" VPOS="1533" HPOS="363"/>
                  <String HEIGHT="64" WIDTH="128" VPOS="1533" HPOS="299" CONTENT="id"/>
                  <SP HEIGHT="64" WIDTH="21" VPOS="1533" HPOS="427"/>
                  <String HEIGHT="64"
                          WIDTH="171"
                          VPOS="1533"
                          HPOS="363"
                          CONTENT="est,"/>
                  <SP HEIGHT="64" WIDTH="21" VPOS="1533" HPOS="534"/>
                  <String HEIGHT="64"
                          WIDTH="214"
                          VPOS="1533"
                          HPOS="470"
                          CONTENT="patrem"/>
                  <SP HEIGHT="64" WIDTH="21" VPOS="1533" HPOS="684"/>
                  <String HEIGHT="64" WIDTH="107" VPOS="1533" HPOS="620" CONTENT="&amp;"/>
                  <SP HEIGHT="64" WIDTH="21" VPOS="1533" HPOS="727"/>
                  <String HEIGHT="64"
                          WIDTH="214"
                          VPOS="1533"
                          HPOS="662"
                          CONTENT="filium"/>
                  <SP HEIGHT="64" WIDTH="21" VPOS="1533" HPOS="876"/>
                  <String HEIGHT="64" WIDTH="107" VPOS="1533" HPOS="812" CONTENT="&amp;"/>
                  <SP HEIGHT="64" WIDTH="21" VPOS="1533" HPOS="919"/>
                  <String HEIGHT="64"
                          WIDTH="256"
                          VPOS="1533"
                          HPOS="855"
                          CONTENT="spiritum"/>
                  <SP HEIGHT="64" WIDTH="21" VPOS="1533" HPOS="1111"/>
                  <String HEIGHT="64"
                          WIDTH="256"
                          VPOS="1533"
                          HPOS="1047"
                          CONTENT="sanctum."/>
                  <SP HEIGHT="64" WIDTH="21" VPOS="1533" HPOS="1303"/>
                  <String HEIGHT="64"
                          WIDTH="150"
                          VPOS="1533"
                          HPOS="1239"
                          CONTENT="Qui"/>
                  <SP HEIGHT="64" WIDTH="21" VPOS="1533" HPOS="1389"/>
                  <String HEIGHT="64"
                          WIDTH="171"
                          VPOS="1533"
                          HPOS="1325"
                          CONTENT="ideo"/>
                  <SP HEIGHT="64" WIDTH="21" VPOS="1533" HPOS="1496"/>
                  <String HEIGHT="64"
                          WIDTH="192"
                          VPOS="1533"
                          HPOS="1432"
                          CONTENT="recte"/>
                  <SP HEIGHT="64" WIDTH="21" VPOS="1533" HPOS="1624"/>
                  <String HEIGHT="64"
                          WIDTH="214"
                          VPOS="1533"
                          HPOS="1538"
                          CONTENT="incorpo"
                          SUBS_TYPE="HypPart1"
                          SUBS_CONTENT="incorporeus"/>
                  <HYP CONTENT="-"/>
               </TextLine>
               <TextLine ID="r1l31"
                         BASELINE="1666"
                         HEIGHT="63"
                         WIDTH="1650"
                         VPOS="1603"
                         HPOS="97">
                  <String HEIGHT="63"
                          WIDTH="157"
                          VPOS="1603"
                          HPOS="77"
                          CONTENT="reus"
                          SUBS_TYPE="HypPart2"
                          SUBS_CONTENT="incorporeus"/>
                  <SP HEIGHT="63" WIDTH="20" VPOS="1603" HPOS="234"/>
                  <String HEIGHT="63"
                          WIDTH="255"
                          VPOS="1603"
                          HPOS="176"
                          CONTENT="creditur,"/>
                  <SP HEIGHT="63" WIDTH="20" VPOS="1603" HPOS="431"/>
                  <String HEIGHT="63"
                          WIDTH="157"
                          VPOS="1603"
                          HPOS="372"
                          CONTENT="quia"/>
                  <SP HEIGHT="63" WIDTH="20" VPOS="1603" HPOS="529"/>
                  <String HEIGHT="63"
                          WIDTH="196"
                          VPOS="1603"
                          HPOS="470"
                          CONTENT="ubique"/>
                  <SP HEIGHT="63" WIDTH="20" VPOS="1603" HPOS="667"/>
                  <String HEIGHT="63"
                          WIDTH="157"
                          VPOS="1603"
                          HPOS="608"
                          CONTENT="est,"/>
                  <SP HEIGHT="63" WIDTH="20" VPOS="1603" HPOS="765"/>
                  <String HEIGHT="63" WIDTH="98" VPOS="1603" HPOS="706" CONTENT="&amp;"/>
                  <SP HEIGHT="63" WIDTH="20" VPOS="1603" HPOS="804"/>
                  <String HEIGHT="63"
                          WIDTH="177"
                          VPOS="1603"
                          HPOS="745"
                          CONTENT="omnia"/>
                  <SP HEIGHT="63" WIDTH="20" VPOS="1603" HPOS="922"/>
                  <String HEIGHT="63"
                          WIDTH="196"
                          VPOS="1603"
                          HPOS="863"
                          CONTENT="implet"/>
                  <SP HEIGHT="63" WIDTH="20" VPOS="1603" HPOS="1060"/>
                  <String HEIGHT="63"
                          WIDTH="177"
                          VPOS="1603"
                          HPOS="1001"
                          CONTENT="atque"/>
                  <SP HEIGHT="63" WIDTH="20" VPOS="1603" HPOS="1177"/>
                  <String HEIGHT="63"
                          WIDTH="314"
                          VPOS="1603"
                          HPOS="1118"
                          CONTENT="constringit:"/>
                  <SP HEIGHT="63" WIDTH="20" VPOS="1603" HPOS="1433"/>
                  <String HEIGHT="63"
                          WIDTH="157"
                          VPOS="1603"
                          HPOS="1374"
                          CONTENT="ideo"/>
                  <SP HEIGHT="63" WIDTH="20" VPOS="1603" HPOS="1531"/>
                  <String HEIGHT="63" WIDTH="98" VPOS="1603" HPOS="1472" CONTENT="&amp;"/>
                  <SP HEIGHT="63" WIDTH="20" VPOS="1603" HPOS="1570"/>
                  <String HEIGHT="63"
                          WIDTH="255"
                          VPOS="1603"
                          HPOS="1492"
                          CONTENT="inuisibilis"/>
               </TextLine>
               <TextLine ID="r1l32"
                         BASELINE="1724"
                         HEIGHT="84"
                         WIDTH="1644"
                         VPOS="1640"
                         HPOS="110">
                  <String HEIGHT="84"
                          WIDTH="226"
                          VPOS="1640"
                          HPOS="89"
                          CONTENT="omnibus"/>
                  <SP HEIGHT="84" WIDTH="21" VPOS="1640" HPOS="315"/>
                  <String HEIGHT="84"
                          WIDTH="288"
                          VPOS="1640"
                          HPOS="254"
                          CONTENT="creaturis,"/>
                  <SP HEIGHT="84" WIDTH="21" VPOS="1640" HPOS="542"/>
                  <String HEIGHT="84"
                          WIDTH="164"
                          VPOS="1640"
                          HPOS="480"
                          CONTENT="quia"/>
                  <SP HEIGHT="84" WIDTH="21" VPOS="1640" HPOS="644"/>
                  <String HEIGHT="84"
                          WIDTH="308"
                          VPOS="1640"
                          HPOS="583"
                          CONTENT="incorporeus"/>
                  <SP HEIGHT="84" WIDTH="21" VPOS="1640" HPOS="891"/>
                  <String HEIGHT="84"
                          WIDTH="164"
                          VPOS="1640"
                          HPOS="829"
                          CONTENT="est."/>
                  <SP HEIGHT="84" WIDTH="21" VPOS="1640" HPOS="994"/>
                  <String HEIGHT="84"
                          WIDTH="164"
                          VPOS="1640"
                          HPOS="932"
                          CONTENT="Haec"/>
                  <SP HEIGHT="84" WIDTH="21" VPOS="1640" HPOS="1096"/>
                  <String HEIGHT="84"
                          WIDTH="164"
                          VPOS="1640"
                          HPOS="1035"
                          CONTENT="ibi."/>
                  <SP HEIGHT="84" WIDTH="21" VPOS="1640" HPOS="1199"/>
                  <String HEIGHT="84"
                          WIDTH="247"
                          VPOS="1640"
                          HPOS="1138"
                          CONTENT="Caeterum"/>
                  <SP HEIGHT="84" WIDTH="21" VPOS="1640" HPOS="1384"/>
                  <String HEIGHT="84"
                          WIDTH="226"
                          VPOS="1640"
                          HPOS="1322"
                          CONTENT="corpora"/>
                  <SP HEIGHT="84" WIDTH="21" VPOS="1640" HPOS="1549"/>
                  <String HEIGHT="84"
                          WIDTH="164"
                          VPOS="1640"
                          HPOS="1487"
                          CONTENT="illa"/>
                  <SP HEIGHT="84" WIDTH="21" VPOS="1640" HPOS="1651"/>
                  <String HEIGHT="84"
                          WIDTH="144"
                          VPOS="1640"
                          HPOS="1590"
                          CONTENT="uel"/>
                  <SP HEIGHT="84" WIDTH="21" VPOS="1640" HPOS="1733"/>
                  <String HEIGHT="84"
                          WIDTH="103"
                          VPOS="1640"
                          HPOS="1651"
                          CONTENT="iu"
                          SUBS_TYPE="HypPart1"
                          SUBS_CONTENT="iuuenum"/>
                  <HYP CONTENT="-"/>
               </TextLine>
               <TextLine ID="line_1593647308870_671"
                         BASELINE="1778"
                         HEIGHT="71"
                         WIDTH="1663"
                         VPOS="1707"
                         HPOS="102">
                  <String HEIGHT="71"
                          WIDTH="197"
                          VPOS="1707"
                          HPOS="80"
                          CONTENT="uenum"
                          SUBS_TYPE="HypPart2"
                          SUBS_CONTENT="iuuenum"/>
                  <SP HEIGHT="71" WIDTH="22" VPOS="1707" HPOS="277"/>
                  <String HEIGHT="71"
                          WIDTH="153"
                          VPOS="1707"
                          HPOS="211"
                          CONTENT="uel"/>
                  <SP HEIGHT="71" WIDTH="22" VPOS="1707" HPOS="365"/>
                  <String HEIGHT="71"
                          WIDTH="219"
                          VPOS="1707"
                          HPOS="299"
                          CONTENT="senum,"/>
                  <SP HEIGHT="71" WIDTH="22" VPOS="1707" HPOS="518"/>
                  <String HEIGHT="71" WIDTH="131" VPOS="1707" HPOS="452" CONTENT="in"/>
                  <SP HEIGHT="71" WIDTH="22" VPOS="1707" HPOS="583"/>
                  <String HEIGHT="71"
                          WIDTH="219"
                          VPOS="1707"
                          HPOS="518"
                          CONTENT="quibus"/>
                  <SP HEIGHT="71" WIDTH="22" VPOS="1707" HPOS="737"/>
                  <String HEIGHT="71"
                          WIDTH="328"
                          VPOS="1707"
                          HPOS="671"
                          CONTENT="apparuerunt"/>
                  <SP HEIGHT="71" WIDTH="22" VPOS="1707" HPOS="999"/>
                  <String HEIGHT="71"
                          WIDTH="153"
                          VPOS="1707"
                          HPOS="934"
                          CONTENT="non"/>
                  <SP HEIGHT="71" WIDTH="22" VPOS="1707" HPOS="1087"/>
                  <String HEIGHT="71"
                          WIDTH="175"
                          VPOS="1707"
                          HPOS="1021"
                          CONTENT="raro"/>
                  <SP HEIGHT="71" WIDTH="22" VPOS="1707" HPOS="1196"/>
                  <String HEIGHT="71"
                          WIDTH="219"
                          VPOS="1707"
                          HPOS="1130"
                          CONTENT="angeli"/>
                  <SP HEIGHT="71" WIDTH="22" VPOS="1707" HPOS="1349"/>
                  <String HEIGHT="71"
                          WIDTH="284"
                          VPOS="1707"
                          HPOS="1284"
                          CONTENT="patribus,"/>
                  <SP HEIGHT="71" WIDTH="22" VPOS="1707" HPOS="1568"/>
                  <String HEIGHT="71"
                          WIDTH="153"
                          VPOS="1707"
                          HPOS="1502"
                          CONTENT="non"/>
                  <SP HEIGHT="71" WIDTH="22" VPOS="1707" HPOS="1656"/>
                  <String HEIGHT="71"
                          WIDTH="197"
                          VPOS="1707"
                          HPOS="1568"
                          CONTENT="fuerunt"/>
               </TextLine>
               <TextLine ID="r1l35"
                         BASELINE="1832"
                         HEIGHT="81"
                         WIDTH="1652"
                         VPOS="1751"
                         HPOS="103">
                  <String HEIGHT="81" WIDTH="146" VPOS="1751" HPOS="82" CONTENT="his"/>
                  <SP HEIGHT="81" WIDTH="21" VPOS="1751" HPOS="228"/>
                  <String HEIGHT="81"
                          WIDTH="230"
                          VPOS="1751"
                          HPOS="166"
                          CONTENT="propria"/>
                  <SP HEIGHT="81" WIDTH="21" VPOS="1751" HPOS="396"/>
                  <String HEIGHT="81"
                          WIDTH="146"
                          VPOS="1751"
                          HPOS="333"
                          CONTENT="uel"/>
                  <SP HEIGHT="81" WIDTH="21" VPOS="1751" HPOS="479"/>
                  <String HEIGHT="81"
                          WIDTH="293"
                          VPOS="1751"
                          HPOS="417"
                          CONTENT="naturalia,"/>
                  <SP HEIGHT="81" WIDTH="21" VPOS="1751" HPOS="709"/>
                  <String HEIGHT="81"
                          WIDTH="146"
                          VPOS="1751"
                          HPOS="647"
                          CONTENT="sed"/>
                  <SP HEIGHT="81" WIDTH="21" VPOS="1751" HPOS="793"/>
                  <String HEIGHT="81"
                          WIDTH="251"
                          VPOS="1751"
                          HPOS="730"
                          CONTENT="assumpta"/>
                  <SP HEIGHT="81" WIDTH="21" VPOS="1751" HPOS="981"/>
                  <String HEIGHT="81" WIDTH="105" VPOS="1751" HPOS="919" CONTENT="&amp;"/>
                  <SP HEIGHT="81" WIDTH="21" VPOS="1751" HPOS="1023"/>
                  <String HEIGHT="81"
                          WIDTH="230"
                          VPOS="1751"
                          HPOS="960"
                          CONTENT="aliunde"/>
                  <SP HEIGHT="81" WIDTH="21" VPOS="1751" HPOS="1190"/>
                  <String HEIGHT="81"
                          WIDTH="209"
                          VPOS="1751"
                          HPOS="1128"
                          CONTENT="ueluti"/>
                  <SP HEIGHT="81" WIDTH="21" VPOS="1751" HPOS="1337"/>
                  <String HEIGHT="81"
                          WIDTH="188"
                          VPOS="1751"
                          HPOS="1274"
                          CONTENT="mutuo"/>
                  <SP HEIGHT="81" WIDTH="21" VPOS="1751" HPOS="1462"/>
                  <String HEIGHT="81"
                          WIDTH="251"
                          VPOS="1751"
                          HPOS="1400"
                          CONTENT="accepta,"/>
                  <SP HEIGHT="81" WIDTH="21" VPOS="1751" HPOS="1650"/>
                  <String HEIGHT="81"
                          WIDTH="125"
                          VPOS="1751"
                          HPOS="1588"
                          CONTENT="ad"/>
                  <SP HEIGHT="81" WIDTH="21" VPOS="1751" HPOS="1713"/>
                  <String HEIGHT="81"
                          WIDTH="125"
                          VPOS="1751"
                          HPOS="1630"
                          CONTENT="tem"
                          SUBS_TYPE="HypPart1"
                          SUBS_CONTENT="tempus,"/>
                  <HYP CONTENT="-"/>
               </TextLine>
               <TextLine ID="r1l37"
                         BASELINE="1889"
                         HEIGHT="70"
                         WIDTH="1650"
                         VPOS="1819"
                         HPOS="100">
                  <String HEIGHT="70"
                          WIDTH="165"
                          VPOS="1819"
                          HPOS="79"
                          CONTENT="pus,"
                          SUBS_TYPE="HypPart2"
                          SUBS_CONTENT="tempus,"/>
                  <SP HEIGHT="70" WIDTH="21" VPOS="1819" HPOS="244"/>
                  <String HEIGHT="70" WIDTH="103" VPOS="1819" HPOS="183" CONTENT="&amp;"/>
                  <SP HEIGHT="70" WIDTH="21" VPOS="1819" HPOS="286"/>
                  <String HEIGHT="70" WIDTH="124" VPOS="1819" HPOS="224" CONTENT="ad"/>
                  <SP HEIGHT="70" WIDTH="21" VPOS="1819" HPOS="348"/>
                  <String HEIGHT="70"
                          WIDTH="206"
                          VPOS="1819"
                          HPOS="286"
                          CONTENT="captum"/>
                  <SP HEIGHT="70" WIDTH="21" VPOS="1819" HPOS="492"/>
                  <String HEIGHT="70"
                          WIDTH="371"
                          VPOS="1819"
                          HPOS="430"
                          CONTENT="imbecillitatis"/>
                  <SP HEIGHT="70" WIDTH="21" VPOS="1819" HPOS="801"/>
                  <String HEIGHT="70"
                          WIDTH="248"
                          VPOS="1819"
                          HPOS="739"
                          CONTENT="nostrae."/>
                  <SP HEIGHT="70" WIDTH="21" VPOS="1819" HPOS="987"/>
                  <String HEIGHT="70"
                          WIDTH="206"
                          VPOS="1819"
                          HPOS="925"
                          CONTENT="Qualia"/>
                  <SP HEIGHT="70" WIDTH="21" VPOS="1819" HPOS="1131"/>
                  <String HEIGHT="70"
                          WIDTH="186"
                          VPOS="1819"
                          HPOS="1069"
                          CONTENT="autem"/>
                  <SP HEIGHT="70" WIDTH="21" VPOS="1819" HPOS="1255"/>
                  <String HEIGHT="70"
                          WIDTH="165"
                          VPOS="1819"
                          HPOS="1193"
                          CONTENT="illa"/>
                  <SP HEIGHT="70" WIDTH="21" VPOS="1819" HPOS="1358"/>
                  <String HEIGHT="70"
                          WIDTH="165"
                          VPOS="1819"
                          HPOS="1296"
                          CONTENT="ipsa"/>
                  <SP HEIGHT="70" WIDTH="21" VPOS="1819" HPOS="1461"/>
                  <String HEIGHT="70"
                          WIDTH="248"
                          VPOS="1819"
                          HPOS="1399"
                          CONTENT="assumpta"/>
                  <SP HEIGHT="70" WIDTH="21" VPOS="1819" HPOS="1647"/>
                  <String HEIGHT="70"
                          WIDTH="186"
                          VPOS="1819"
                          HPOS="1564"
                          CONTENT="corpora"/>
               </TextLine>
               <TextLine ID="r1l38"
                         BASELINE="1937"
                         HEIGHT="65"
                         WIDTH="1649"
                         VPOS="1872"
                         HPOS="104">
                  <String HEIGHT="65"
                          WIDTH="241"
                          VPOS="1872"
                          HPOS="84"
                          CONTENT="fuerint,"/>
                  <SP HEIGHT="65" WIDTH="20" VPOS="1872" HPOS="325"/>
                  <String HEIGHT="65"
                          WIDTH="141"
                          VPOS="1872"
                          HPOS="265"
                          CONTENT="aut"/>
                  <SP HEIGHT="65" WIDTH="20" VPOS="1872" HPOS="406"/>
                  <String HEIGHT="65"
                          WIDTH="161"
                          VPOS="1872"
                          HPOS="345"
                          CONTENT="unde"/>
                  <SP HEIGHT="65" WIDTH="20" VPOS="1872" HPOS="506"/>
                  <String HEIGHT="65"
                          WIDTH="261"
                          VPOS="1872"
                          HPOS="446"
                          CONTENT="assumpta,"/>
                  <SP HEIGHT="65" WIDTH="20" VPOS="1872" HPOS="707"/>
                  <String HEIGHT="65"
                          WIDTH="141"
                          VPOS="1872"
                          HPOS="647"
                          CONTENT="aut"/>
                  <SP HEIGHT="65" WIDTH="20" VPOS="1872" HPOS="788"/>
                  <String HEIGHT="65"
                          WIDTH="141"
                          VPOS="1872"
                          HPOS="727"
                          CONTENT="quo"/>
                  <SP HEIGHT="65" WIDTH="20" VPOS="1872" HPOS="868"/>
                  <String HEIGHT="65"
                          WIDTH="161"
                          VPOS="1872"
                          HPOS="808"
                          CONTENT="post"/>
                  <SP HEIGHT="65" WIDTH="20" VPOS="1872" HPOS="969"/>
                  <String HEIGHT="65"
                          WIDTH="362"
                          VPOS="1872"
                          HPOS="908"
                          CONTENT="dispensationem"/>
                  <SP HEIGHT="65" WIDTH="20" VPOS="1872" HPOS="1270"/>
                  <String HEIGHT="65"
                          WIDTH="241"
                          VPOS="1872"
                          HPOS="1210"
                          CONTENT="deposita"/>
                  <SP HEIGHT="65" WIDTH="20" VPOS="1872" HPOS="1451"/>
                  <String HEIGHT="65"
                          WIDTH="181"
                          VPOS="1872"
                          HPOS="1391"
                          CONTENT="sint,"/>
                  <SP HEIGHT="65" WIDTH="20" VPOS="1872" HPOS="1572"/>
                  <String HEIGHT="65"
                          WIDTH="261"
                          VPOS="1872"
                          HPOS="1492"
                          CONTENT="difficilli"
                          SUBS_TYPE="HypPart1"
                          SUBS_CONTENT="difficillimum"/>
                  <HYP CONTENT="-"/>
               </TextLine>
               <TextLine ID="r1l39"
                         BASELINE="1990"
                         HEIGHT="68"
                         WIDTH="1655"
                         VPOS="1922"
                         HPOS="106">
                  <String HEIGHT="68"
                          WIDTH="147"
                          VPOS="1922"
                          HPOS="85"
                          CONTENT="mum"
                          SUBS_TYPE="HypPart2"
                          SUBS_CONTENT="difficillimum"/>
                  <SP HEIGHT="68" WIDTH="21" VPOS="1922" HPOS="232"/>
                  <String HEIGHT="68"
                          WIDTH="147"
                          VPOS="1922"
                          HPOS="169"
                          CONTENT="est"/>
                  <SP HEIGHT="68" WIDTH="21" VPOS="1922" HPOS="315"/>
                  <String HEIGHT="68"
                          WIDTH="293"
                          VPOS="1922"
                          HPOS="253"
                          CONTENT="explicatu."/>
                  <SP HEIGHT="68" WIDTH="21" VPOS="1922" HPOS="546"/>
                  <String HEIGHT="68" WIDTH="126" VPOS="1922" HPOS="483" CONTENT="S."/>
                  <SP HEIGHT="68" WIDTH="21" VPOS="1922" HPOS="609"/>
                  <String HEIGHT="68"
                          WIDTH="293"
                          VPOS="1922"
                          HPOS="546"
                          CONTENT="Augustinus"/>
                  <SP HEIGHT="68" WIDTH="21" VPOS="1922" HPOS="839"/>
                  <String HEIGHT="68" WIDTH="126" VPOS="1922" HPOS="776" CONTENT="in"/>
                  <SP HEIGHT="68" WIDTH="21" VPOS="1922" HPOS="902"/>
                  <String HEIGHT="68"
                          WIDTH="293"
                          VPOS="1922"
                          HPOS="839"
                          CONTENT="Enchiridio"/>
                  <SP HEIGHT="68" WIDTH="21" VPOS="1922" HPOS="1133"/>
                  <String HEIGHT="68"
                          WIDTH="147"
                          VPOS="1922"
                          HPOS="1070"
                          CONTENT="suo"/>
                  <SP HEIGHT="68" WIDTH="21" VPOS="1922" HPOS="1216"/>
                  <String HEIGHT="68"
                          WIDTH="126"
                          VPOS="1922"
                          HPOS="1153"
                          CONTENT="ad"/>
                  <SP HEIGHT="68" WIDTH="21" VPOS="1922" HPOS="1279"/>
                  <String HEIGHT="68"
                          WIDTH="251"
                          VPOS="1922"
                          HPOS="1216"
                          CONTENT="Laurent."/>
                  <SP HEIGHT="68" WIDTH="21" VPOS="1922" HPOS="1468"/>
                  <String HEIGHT="68"
                          WIDTH="168"
                          VPOS="1922"
                          HPOS="1405"
                          CONTENT="cap."/>
                  <SP HEIGHT="68" WIDTH="21" VPOS="1922" HPOS="1572"/>
                  <String HEIGHT="68"
                          WIDTH="147"
                          VPOS="1922"
                          HPOS="1510"
                          CONTENT="59."/>
                  <SP HEIGHT="68" WIDTH="21" VPOS="1922" HPOS="1656"/>
                  <String HEIGHT="68"
                          WIDTH="168"
                          VPOS="1922"
                          HPOS="1593"
                          CONTENT="Quis"/>
                  <SP HEIGHT="68" WIDTH="21" VPOS="1922" HPOS="1761"/>
                  <String HEIGHT="68" WIDTH="84" VPOS="1922" HPOS="1677" CONTENT="ex"/>
               </TextLine>
               <TextLine ID="r1l40"
                         BASELINE="2054"
                         HEIGHT="77"
                         WIDTH="1656"
                         VPOS="1977"
                         HPOS="94">
                  <String HEIGHT="77"
                          WIDTH="243"
                          VPOS="1977"
                          HPOS="72"
                          CONTENT="plicet,"/>
                  <SP HEIGHT="77" WIDTH="22" VPOS="1977" HPOS="315"/>
                  <String HEIGHT="77"
                          WIDTH="243"
                          VPOS="1977"
                          HPOS="249"
                          CONTENT="inquit,"/>
                  <SP HEIGHT="77" WIDTH="22" VPOS="1977" HPOS="491"/>
                  <String HEIGHT="77"
                          WIDTH="155"
                          VPOS="1977"
                          HPOS="425"
                          CONTENT="cum"/>
                  <SP HEIGHT="77" WIDTH="22" VPOS="1977" HPOS="580"/>
                  <String HEIGHT="77"
                          WIDTH="265"
                          VPOS="1977"
                          HPOS="514"
                          CONTENT="qualibus"/>
                  <SP HEIGHT="77" WIDTH="22" VPOS="1977" HPOS="778"/>
                  <String HEIGHT="77"
                          WIDTH="309"
                          VPOS="1977"
                          HPOS="712"
                          CONTENT="corporibus"/>
                  <SP HEIGHT="77" WIDTH="22" VPOS="1977" HPOS="1021"/>
                  <String HEIGHT="77"
                          WIDTH="331"
                          VPOS="1977"
                          HPOS="955"
                          CONTENT="apparuerint"/>
                  <SP HEIGHT="77" WIDTH="22" VPOS="1977" HPOS="1286"/>
                  <String HEIGHT="77"
                          WIDTH="309"
                          VPOS="1977"
                          HPOS="1220"
                          CONTENT="hominibus,"/>
                  <SP HEIGHT="77" WIDTH="22" VPOS="1977" HPOS="1529"/>
                  <String HEIGHT="77"
                          WIDTH="132"
                          VPOS="1977"
                          HPOS="1463"
                          CONTENT="ut"/>
                  <SP HEIGHT="77" WIDTH="22" VPOS="1977" HPOS="1595"/>
                  <String HEIGHT="77"
                          WIDTH="155"
                          VPOS="1977"
                          HPOS="1529"
                          CONTENT="non"/>
                  <SP HEIGHT="77" WIDTH="22" VPOS="1977" HPOS="1684"/>
                  <String HEIGHT="77"
                          WIDTH="155"
                          VPOS="1977"
                          HPOS="1595"
                          CONTENT="solum"/>
               </TextLine>
               <TextLine ID="r1l41"
                         BASELINE="2114"
                         HEIGHT="69"
                         WIDTH="1648"
                         VPOS="2045"
                         HPOS="103">
                  <String HEIGHT="69"
                          WIDTH="321"
                          VPOS="2045"
                          HPOS="82"
                          CONTENT="cernerentur"/>
                  <SP HEIGHT="69" WIDTH="21" VPOS="2045" HPOS="403"/>
                  <String HEIGHT="69"
                          WIDTH="193"
                          VPOS="2045"
                          HPOS="338"
                          CONTENT="uerum"/>
                  <SP HEIGHT="69" WIDTH="21" VPOS="2045" HPOS="531"/>
                  <String HEIGHT="69"
                          WIDTH="193"
                          VPOS="2045"
                          HPOS="467"
                          CONTENT="etiam"/>
                  <SP HEIGHT="69" WIDTH="21" VPOS="2045" HPOS="659"/>
                  <String HEIGHT="69"
                          WIDTH="342"
                          VPOS="2045"
                          HPOS="595"
                          CONTENT="tangerentur,"/>
                  <SP HEIGHT="69" WIDTH="21" VPOS="2045" HPOS="938"/>
                  <String HEIGHT="69" WIDTH="107" VPOS="2045" HPOS="873" CONTENT="&amp;"/>
                  <SP HEIGHT="69" WIDTH="21" VPOS="2045" HPOS="981"/>
                  <String HEIGHT="69"
                          WIDTH="214"
                          VPOS="2045"
                          HPOS="916"
                          CONTENT="rursus"/>
                  <SP HEIGHT="69" WIDTH="21" VPOS="2045" HPOS="1130"/>
                  <String HEIGHT="69"
                          WIDTH="150"
                          VPOS="2045"
                          HPOS="1066"
                          CONTENT="non"/>
                  <SP HEIGHT="69" WIDTH="21" VPOS="2045" HPOS="1216"/>
                  <String HEIGHT="69"
                          WIDTH="214"
                          VPOS="2045"
                          HPOS="1152"
                          CONTENT="solida"/>
                  <SP HEIGHT="69" WIDTH="21" VPOS="2045" HPOS="1366"/>
                  <String HEIGHT="69"
                          WIDTH="321"
                          VPOS="2045"
                          HPOS="1302"
                          CONTENT="corpulentia"/>
                  <SP HEIGHT="69" WIDTH="21" VPOS="2045" HPOS="1623"/>
                  <String HEIGHT="69"
                          WIDTH="150"
                          VPOS="2045"
                          HPOS="1558"
                          CONTENT="sed"/>
                  <SP HEIGHT="69" WIDTH="21" VPOS="2045" HPOS="1708"/>
                  <String HEIGHT="69"
                          WIDTH="128"
                          VPOS="2045"
                          HPOS="1623"
                          CONTENT="spi"
                          SUBS_TYPE="HypPart1"
                          SUBS_CONTENT="spiritali"/>
                  <HYP CONTENT="-"/>
               </TextLine>
               <TextLine ID="r1l42"
                         BASELINE="2161"
                         HEIGHT="75"
                         WIDTH="1653"
                         VPOS="2086"
                         HPOS="98">
                  <String HEIGHT="75"
                          WIDTH="207"
                          VPOS="2086"
                          HPOS="77"
                          CONTENT="ritali"
                          SUBS_TYPE="HypPart2"
                          SUBS_CONTENT="spiritali"/>
                  <SP HEIGHT="75" WIDTH="21" VPOS="2086" HPOS="284"/>
                  <String HEIGHT="75"
                          WIDTH="248"
                          VPOS="2086"
                          HPOS="222"
                          CONTENT="potentia"/>
                  <SP HEIGHT="75" WIDTH="21" VPOS="2086" HPOS="470"/>
                  <String HEIGHT="75"
                          WIDTH="227"
                          VPOS="2086"
                          HPOS="408"
                          CONTENT="quasdam"/>
                  <SP HEIGHT="75" WIDTH="21" VPOS="2086" HPOS="635"/>
                  <String HEIGHT="75"
                          WIDTH="248"
                          VPOS="2086"
                          HPOS="573"
                          CONTENT="uisiones"/>
                  <SP HEIGHT="75" WIDTH="21" VPOS="2086" HPOS="821"/>
                  <String HEIGHT="75"
                          WIDTH="145"
                          VPOS="2086"
                          HPOS="759"
                          CONTENT="non"/>
                  <SP HEIGHT="75" WIDTH="21" VPOS="2086" HPOS="904"/>
                  <String HEIGHT="75"
                          WIDTH="207"
                          VPOS="2086"
                          HPOS="842"
                          CONTENT="oculis"/>
                  <SP HEIGHT="75" WIDTH="21" VPOS="2086" HPOS="1048"/>
                  <String HEIGHT="75"
                          WIDTH="289"
                          VPOS="2086"
                          HPOS="986"
                          CONTENT="corporeis,"/>
                  <SP HEIGHT="75" WIDTH="21" VPOS="2086" HPOS="1276"/>
                  <String HEIGHT="75"
                          WIDTH="145"
                          VPOS="2086"
                          HPOS="1214"
                          CONTENT="sed"/>
                  <SP HEIGHT="75" WIDTH="21" VPOS="2086" HPOS="1358"/>
                  <String HEIGHT="75"
                          WIDTH="331"
                          VPOS="2086"
                          HPOS="1296"
                          CONTENT="spiritalibus"/>
                  <SP HEIGHT="75" WIDTH="21" VPOS="2086" HPOS="1627"/>
                  <String HEIGHT="75"
                          WIDTH="145"
                          VPOS="2086"
                          HPOS="1565"
                          CONTENT="uel"/>
                  <SP HEIGHT="75" WIDTH="21" VPOS="2086" HPOS="1710"/>
                  <String HEIGHT="75"
                          WIDTH="124"
                          VPOS="2086"
                          HPOS="1627"
                          CONTENT="men"
                          SUBS_TYPE="HypPart1"
                          SUBS_CONTENT="mentibus"/>
                  <HYP CONTENT="-"/>
               </TextLine>
               <TextLine ID="r1l43"
                         BASELINE="2218"
                         HEIGHT="72"
                         WIDTH="1656"
                         VPOS="2146"
                         HPOS="91">
                  <String HEIGHT="72"
                          WIDTH="184"
                          VPOS="2146"
                          HPOS="71"
                          CONTENT="tibus"
                          SUBS_TYPE="HypPart2"
                          SUBS_CONTENT="mentibus"/>
                  <SP HEIGHT="72" WIDTH="20" VPOS="2146" HPOS="255"/>
                  <String HEIGHT="72"
                          WIDTH="266"
                          VPOS="2146"
                          HPOS="193"
                          CONTENT="ingerant,"/>
                  <SP HEIGHT="72" WIDTH="20" VPOS="2146" HPOS="459"/>
                  <String HEIGHT="72"
                          WIDTH="143"
                          VPOS="2146"
                          HPOS="398"
                          CONTENT="uel"/>
                  <SP HEIGHT="72" WIDTH="20" VPOS="2146" HPOS="541"/>
                  <String HEIGHT="72"
                          WIDTH="204"
                          VPOS="2146"
                          HPOS="479"
                          CONTENT="dicant"/>
                  <SP HEIGHT="72" WIDTH="20" VPOS="2146" HPOS="684"/>
                  <String HEIGHT="72"
                          WIDTH="225"
                          VPOS="2146"
                          HPOS="623"
                          CONTENT="aliquid"/>
                  <SP HEIGHT="72" WIDTH="20" VPOS="2146" HPOS="847"/>
                  <String HEIGHT="72"
                          WIDTH="143"
                          VPOS="2146"
                          HPOS="786"
                          CONTENT="non"/>
                  <SP HEIGHT="72" WIDTH="20" VPOS="2146" HPOS="929"/>
                  <String HEIGHT="72" WIDTH="123" VPOS="2146" HPOS="868" CONTENT="ad"/>
                  <SP HEIGHT="72" WIDTH="20" VPOS="2146" HPOS="991"/>
                  <String HEIGHT="72"
                          WIDTH="184"
                          VPOS="2146"
                          HPOS="929"
                          CONTENT="aurem"/>
                  <SP HEIGHT="72" WIDTH="20" VPOS="2146" HPOS="1113"/>
                  <String HEIGHT="72"
                          WIDTH="307"
                          VPOS="2146"
                          HPOS="1052"
                          CONTENT="forinsecus,"/>
                  <SP HEIGHT="72" WIDTH="20" VPOS="2146" HPOS="1359"/>
                  <String HEIGHT="72"
                          WIDTH="143"
                          VPOS="2146"
                          HPOS="1297"
                          CONTENT="sed"/>
                  <SP HEIGHT="72" WIDTH="20" VPOS="2146" HPOS="1440"/>
                  <String HEIGHT="72"
                          WIDTH="184"
                          VPOS="2146"
                          HPOS="1379"
                          CONTENT="intus"/>
                  <SP HEIGHT="72" WIDTH="20" VPOS="2146" HPOS="1563"/>
                  <String HEIGHT="72"
                          WIDTH="123"
                          VPOS="2146"
                          HPOS="1502"
                          CONTENT="in"/>
                  <SP HEIGHT="72" WIDTH="20" VPOS="2146" HPOS="1624"/>
                  <String HEIGHT="72"
                          WIDTH="184"
                          VPOS="2146"
                          HPOS="1563"
                          CONTENT="animo"/>
                  <SP HEIGHT="72" WIDTH="20" VPOS="2146" HPOS="1747"/>
                  <String HEIGHT="72" WIDTH="82" VPOS="2146" HPOS="1665" CONTENT="ho"/>
               </TextLine>
               <TextLine ID="r1l44"
                         BASELINE="2282"
                         HEIGHT="79"
                         WIDTH="1642"
                         VPOS="2203"
                         HPOS="104">
                  <String HEIGHT="79"
                          WIDTH="195"
                          VPOS="2203"
                          HPOS="84"
                          CONTENT="minis,"/>
                  <SP HEIGHT="79" WIDTH="20" VPOS="2203" HPOS="280"/>
                  <String HEIGHT="79"
                          WIDTH="176"
                          VPOS="2203"
                          HPOS="221"
                          CONTENT="etiam"/>
                  <SP HEIGHT="79" WIDTH="20" VPOS="2203" HPOS="397"/>
                  <String HEIGHT="79"
                          WIDTH="195"
                          VPOS="2203"
                          HPOS="339"
                          CONTENT="ibidem"/>
                  <SP HEIGHT="79" WIDTH="20" VPOS="2203" HPOS="534"/>
                  <String HEIGHT="79"
                          WIDTH="156"
                          VPOS="2203"
                          HPOS="475"
                          CONTENT="ipsi"/>
                  <SP HEIGHT="79" WIDTH="20" VPOS="2203" HPOS="632"/>
                  <String HEIGHT="79"
                          WIDTH="293"
                          VPOS="2203"
                          HPOS="573"
                          CONTENT="constituti:"/>
                  <SP HEIGHT="79" WIDTH="20" VPOS="2203" HPOS="866"/>
                  <String HEIGHT="79"
                          WIDTH="176"
                          VPOS="2203"
                          HPOS="808"
                          CONTENT="sicut"/>
                  <SP HEIGHT="79" WIDTH="20" VPOS="2203" HPOS="984"/>
                  <String HEIGHT="79"
                          WIDTH="235"
                          VPOS="2203"
                          HPOS="925"
                          CONTENT="scriptum"/>
                  <SP HEIGHT="79" WIDTH="20" VPOS="2203" HPOS="1160"/>
                  <String HEIGHT="79"
                          WIDTH="137"
                          VPOS="2203"
                          HPOS="1101"
                          CONTENT="est"/>
                  <SP HEIGHT="79" WIDTH="20" VPOS="2203" HPOS="1238"/>
                  <String HEIGHT="79"
                          WIDTH="117"
                          VPOS="2203"
                          HPOS="1179"
                          CONTENT="in"/>
                  <SP HEIGHT="79" WIDTH="20" VPOS="2203" HPOS="1296"/>
                  <String HEIGHT="79"
                          WIDTH="293"
                          VPOS="2203"
                          HPOS="1238"
                          CONTENT="prophetarum"/>
                  <SP HEIGHT="79" WIDTH="20" VPOS="2203" HPOS="1531"/>
                  <String HEIGHT="79"
                          WIDTH="195"
                          VPOS="2203"
                          HPOS="1472"
                          CONTENT="libro:"/>
                  <SP HEIGHT="79" WIDTH="20" VPOS="2203" HPOS="1668"/>
                  <String HEIGHT="79"
                          WIDTH="117"
                          VPOS="2203"
                          HPOS="1609"
                          CONTENT="Et"/>
                  <SP HEIGHT="79" WIDTH="20" VPOS="2203" HPOS="1726"/>
                  <String HEIGHT="79"
                          WIDTH="98"
                          VPOS="2203"
                          HPOS="1648"
                          CONTENT="di"
                          SUBS_TYPE="HypPart1"
                          SUBS_CONTENT="dixit"/>
                  <HYP CONTENT="-"/>
               </TextLine>
               <TextLine ID="r1l45"
                         BASELINE="2332"
                         HEIGHT="69"
                         WIDTH="1645"
                         VPOS="2263"
                         HPOS="95">
                  <String HEIGHT="69"
                          WIDTH="144"
                          VPOS="2263"
                          HPOS="74"
                          CONTENT="xit"
                          SUBS_TYPE="HypPart2"
                          SUBS_CONTENT="dixit"/>
                  <SP HEIGHT="69" WIDTH="21" VPOS="2263" HPOS="218"/>
                  <String HEIGHT="69"
                          WIDTH="165"
                          VPOS="2263"
                          HPOS="157"
                          CONTENT="mihi"/>
                  <SP HEIGHT="69" WIDTH="21" VPOS="2263" HPOS="321"/>
                  <String HEIGHT="69"
                          WIDTH="247"
                          VPOS="2263"
                          HPOS="260"
                          CONTENT="angelus,"/>
                  <SP HEIGHT="69" WIDTH="21" VPOS="2263" HPOS="506"/>
                  <String HEIGHT="69"
                          WIDTH="144"
                          VPOS="2263"
                          HPOS="445"
                          CONTENT="qui"/>
                  <SP HEIGHT="69" WIDTH="21" VPOS="2263" HPOS="589"/>
                  <String HEIGHT="69"
                          WIDTH="288"
                          VPOS="2263"
                          HPOS="527"
                          CONTENT="loquebatur"/>
                  <SP HEIGHT="69" WIDTH="21" VPOS="2263" HPOS="815"/>
                  <String HEIGHT="69" WIDTH="123" VPOS="2263" HPOS="753" CONTENT="in"/>
                  <SP HEIGHT="69" WIDTH="21" VPOS="2263" HPOS="876"/>
                  <String HEIGHT="69"
                          WIDTH="144"
                          VPOS="2263"
                          HPOS="815"
                          CONTENT="me."/>
                  <SP HEIGHT="69" WIDTH="21" VPOS="2263" HPOS="959"/>
                  <String HEIGHT="69"
                          WIDTH="144"
                          VPOS="2263"
                          HPOS="897"
                          CONTENT="Non"/>
                  <SP HEIGHT="69" WIDTH="21" VPOS="2263" HPOS="1041"/>
                  <String HEIGHT="69"
                          WIDTH="165"
                          VPOS="2263"
                          HPOS="979"
                          CONTENT="enim"/>
                  <SP HEIGHT="69" WIDTH="21" VPOS="2263" HPOS="1144"/>
                  <String HEIGHT="69"
                          WIDTH="165"
                          VPOS="2263"
                          HPOS="1082"
                          CONTENT="ait."/>
                  <SP HEIGHT="69" WIDTH="21" VPOS="2263" HPOS="1247"/>
                  <String HEIGHT="69"
                          WIDTH="144"
                          VPOS="2263"
                          HPOS="1185"
                          CONTENT="Qui"/>
                  <SP HEIGHT="69" WIDTH="21" VPOS="2263" HPOS="1329"/>
                  <String HEIGHT="69"
                          WIDTH="288"
                          VPOS="2263"
                          HPOS="1267"
                          CONTENT="loquebatur"/>
                  <SP HEIGHT="69" WIDTH="21" VPOS="2263" HPOS="1555"/>
                  <String HEIGHT="69"
                          WIDTH="123"
                          VPOS="2263"
                          HPOS="1493"
                          CONTENT="ad"/>
                  <SP HEIGHT="69" WIDTH="21" VPOS="2263" HPOS="1617"/>
                  <String HEIGHT="69"
                          WIDTH="144"
                          VPOS="2263"
                          HPOS="1555"
                          CONTENT="me:"/>
                  <SP HEIGHT="69" WIDTH="21" VPOS="2263" HPOS="1699"/>
                  <String HEIGHT="69"
                          WIDTH="123"
                          VPOS="2263"
                          HPOS="1617"
                          CONTENT="sed,"/>
               </TextLine>
               <TextLine ID="r1l46"
                         BASELINE="2386"
                         HEIGHT="78"
                         WIDTH="1648"
                         VPOS="2308"
                         HPOS="101">
                  <String HEIGHT="78" WIDTH="137" VPOS="2308" HPOS="78" CONTENT="ln"/>
                  <SP HEIGHT="78" WIDTH="23" VPOS="2308" HPOS="215"/>
                  <String HEIGHT="78"
                          WIDTH="160"
                          VPOS="2308"
                          HPOS="147"
                          CONTENT="me."/>
                  <SP HEIGHT="78" WIDTH="23" VPOS="2308" HPOS="307"/>
                  <String HEIGHT="78"
                          WIDTH="160"
                          VPOS="2308"
                          HPOS="238"
                          CONTENT="Vel"/>
                  <SP HEIGHT="78" WIDTH="23" VPOS="2308" HPOS="399"/>
                  <String HEIGHT="78"
                          WIDTH="298"
                          VPOS="2308"
                          HPOS="330"
                          CONTENT="appareant"/>
                  <SP HEIGHT="78" WIDTH="23" VPOS="2308" HPOS="627"/>
                  <String HEIGHT="78" WIDTH="114" VPOS="2308" HPOS="559" CONTENT="&amp;"/>
                  <SP HEIGHT="78" WIDTH="23" VPOS="2308" HPOS="673"/>
                  <String HEIGHT="78" WIDTH="137" VPOS="2308" HPOS="605" CONTENT="in"/>
                  <SP HEIGHT="78" WIDTH="23" VPOS="2308" HPOS="742"/>
                  <String HEIGHT="78"
                          WIDTH="252"
                          VPOS="2308"
                          HPOS="673"
                          CONTENT="somnis,"/>
                  <SP HEIGHT="78" WIDTH="23" VPOS="2308" HPOS="925"/>
                  <String HEIGHT="78" WIDTH="114" VPOS="2308" HPOS="856" CONTENT="&amp;"/>
                  <SP HEIGHT="78" WIDTH="23" VPOS="2308" HPOS="971"/>
                  <String HEIGHT="78"
                          WIDTH="366"
                          VPOS="2308"
                          HPOS="902"
                          CONTENT="colloquantur"/>
                  <SP HEIGHT="78" WIDTH="23" VPOS="2308" HPOS="1268"/>
                  <String HEIGHT="78"
                          WIDTH="183"
                          VPOS="2308"
                          HPOS="1200"
                          CONTENT="more"/>
                  <SP HEIGHT="78" WIDTH="23" VPOS="2308" HPOS="1383"/>
                  <String HEIGHT="78"
                          WIDTH="320"
                          VPOS="2308"
                          HPOS="1314"
                          CONTENT="somniorum."/>
                  <SP HEIGHT="78" WIDTH="23" VPOS="2308" HPOS="1635"/>
                  <String HEIGHT="78"
                          WIDTH="206"
                          VPOS="2308"
                          HPOS="1543"
                          CONTENT="Habemus"/>
               </TextLine>
               <TextLine ID="r1l47"
                         BASELINE="2435"
                         HEIGHT="58"
                         WIDTH="1643"
                         VPOS="2377"
                         HPOS="95">
                  <String HEIGHT="58"
                          WIDTH="203"
                          VPOS="2377"
                          HPOS="75"
                          CONTENT="quippe"/>
                  <SP HEIGHT="58" WIDTH="20" VPOS="2377" HPOS="278"/>
                  <String HEIGHT="58" WIDTH="122" VPOS="2377" HPOS="217" CONTENT="in"/>
                  <SP HEIGHT="58" WIDTH="20" VPOS="2377" HPOS="338"/>
                  <String HEIGHT="58"
                          WIDTH="284"
                          VPOS="2377"
                          HPOS="278"
                          CONTENT="euangelio:"/>
                  <SP HEIGHT="58" WIDTH="20" VPOS="2377" HPOS="562"/>
                  <String HEIGHT="58"
                          WIDTH="162"
                          VPOS="2377"
                          HPOS="501"
                          CONTENT="Ecce"/>
                  <SP HEIGHT="58" WIDTH="20" VPOS="2377" HPOS="663"/>
                  <String HEIGHT="58"
                          WIDTH="223"
                          VPOS="2377"
                          HPOS="602"
                          CONTENT="angelus"/>
                  <SP HEIGHT="58" WIDTH="20" VPOS="2377" HPOS="825"/>
                  <String HEIGHT="58"
                          WIDTH="203"
                          VPOS="2377"
                          HPOS="764"
                          CONTENT="domini"/>
                  <SP HEIGHT="58" WIDTH="20" VPOS="2377" HPOS="967"/>
                  <String HEIGHT="58"
                          WIDTH="243"
                          VPOS="2377"
                          HPOS="906"
                          CONTENT="apparuit"/>
                  <SP HEIGHT="58" WIDTH="20" VPOS="2377" HPOS="1150"/>
                  <String HEIGHT="58"
                          WIDTH="162"
                          VPOS="2377"
                          HPOS="1089"
                          CONTENT="illi"/>
                  <SP HEIGHT="58" WIDTH="20" VPOS="2377" HPOS="1251"/>
                  <String HEIGHT="58"
                          WIDTH="122"
                          VPOS="2377"
                          HPOS="1190"
                          CONTENT="in"/>
                  <SP HEIGHT="58" WIDTH="20" VPOS="2377" HPOS="1312"/>
                  <String HEIGHT="58"
                          WIDTH="223"
                          VPOS="2377"
                          HPOS="1251"
                          CONTENT="somnis,"/>
                  <SP HEIGHT="58" WIDTH="20" VPOS="2377" HPOS="1474"/>
                  <String HEIGHT="58"
                          WIDTH="223"
                          VPOS="2377"
                          HPOS="1413"
                          CONTENT="dicens,"/>
                  <SP HEIGHT="58" WIDTH="20" VPOS="2377" HPOS="1637"/>
                  <String HEIGHT="58"
                          WIDTH="142"
                          VPOS="2377"
                          HPOS="1576"
                          CONTENT="&amp;c."/>
                  <SP HEIGHT="58" WIDTH="20" VPOS="2377" HPOS="1718"/>
                  <String HEIGHT="58"
                          WIDTH="101"
                          VPOS="2377"
                          HPOS="1637"
                          CONTENT="His"/>
               </TextLine>
               <TextLine ID="r1l48"
                         BASELINE="2507"
                         HEIGHT="73"
                         WIDTH="1633"
                         VPOS="2434"
                         HPOS="106">
                  <String HEIGHT="73"
                          WIDTH="161"
                          VPOS="2434"
                          HPOS="86"
                          CONTENT="enim"/>
                  <SP HEIGHT="73" WIDTH="20" VPOS="2434" HPOS="247"/>
                  <String HEIGHT="73"
                          WIDTH="181"
                          VPOS="2434"
                          HPOS="187"
                          CONTENT="modis"/>
                  <SP HEIGHT="73" WIDTH="20" VPOS="2434" HPOS="368"/>
                  <String HEIGHT="73"
                          WIDTH="181"
                          VPOS="2434"
                          HPOS="308"
                          CONTENT="uelut"/>
                  <SP HEIGHT="73" WIDTH="20" VPOS="2434" HPOS="489"/>
                  <String HEIGHT="73"
                          WIDTH="242"
                          VPOS="2434"
                          HPOS="429"
                          CONTENT="indicant"/>
                  <SP HEIGHT="73" WIDTH="20" VPOS="2434" HPOS="670"/>
                  <String HEIGHT="73" WIDTH="121" VPOS="2434" HPOS="610" CONTENT="se"/>
                  <SP HEIGHT="73" WIDTH="20" VPOS="2434" HPOS="731"/>
                  <String HEIGHT="73"
                          WIDTH="202"
                          VPOS="2434"
                          HPOS="670"
                          CONTENT="angeli"/>
                  <SP HEIGHT="73" WIDTH="20" VPOS="2434" HPOS="872"/>
                  <String HEIGHT="73"
                          WIDTH="363"
                          VPOS="2434"
                          HPOS="812"
                          CONTENT="contrectabilia"/>
                  <SP HEIGHT="73" WIDTH="20" VPOS="2434" HPOS="1175"/>
                  <String HEIGHT="73"
                          WIDTH="222"
                          VPOS="2434"
                          HPOS="1114"
                          CONTENT="corpora"/>
                  <SP HEIGHT="73" WIDTH="20" VPOS="2434" HPOS="1336"/>
                  <String HEIGHT="73"
                          WIDTH="141"
                          VPOS="2434"
                          HPOS="1275"
                          CONTENT="non"/>
                  <SP HEIGHT="73" WIDTH="20" VPOS="2434" HPOS="1416"/>
                  <String HEIGHT="73"
                          WIDTH="222"
                          VPOS="2434"
                          HPOS="1356"
                          CONTENT="habere:"/>
                  <SP HEIGHT="73" WIDTH="20" VPOS="2434" HPOS="1578"/>
                  <String HEIGHT="73"
                          WIDTH="242"
                          VPOS="2434"
                          HPOS="1497"
                          CONTENT="faciuntque"/>
               </TextLine>
               <TextLine ID="r1l49"
                         BASELINE="2552"
                         HEIGHT="75"
                         WIDTH="1647"
                         VPOS="2477"
                         HPOS="104">
                  <String HEIGHT="75"
                          WIDTH="373"
                          VPOS="2477"
                          HPOS="82"
                          CONTENT="difficillimam"/>
                  <SP HEIGHT="75" WIDTH="22" VPOS="2477" HPOS="455"/>
                  <String HEIGHT="75"
                          WIDTH="351"
                          VPOS="2477"
                          HPOS="389"
                          CONTENT="quaestionem,"/>
                  <SP HEIGHT="75" WIDTH="22" VPOS="2477" HPOS="741"/>
                  <String HEIGHT="75"
                          WIDTH="242"
                          VPOS="2477"
                          HPOS="675"
                          CONTENT="quomodo"/>
                  <SP HEIGHT="75" WIDTH="22" VPOS="2477" HPOS="917"/>
                  <String HEIGHT="75"
                          WIDTH="220"
                          VPOS="2477"
                          HPOS="851"
                          CONTENT="patres"/>
                  <SP HEIGHT="75" WIDTH="22" VPOS="2477" HPOS="1070"/>
                  <String HEIGHT="75"
                          WIDTH="154"
                          VPOS="2477"
                          HPOS="1004"
                          CONTENT="eis"/>
                  <SP HEIGHT="75" WIDTH="22" VPOS="2477" HPOS="1158"/>
                  <String HEIGHT="75"
                          WIDTH="198"
                          VPOS="2477"
                          HPOS="1092"
                          CONTENT="pedes"/>
                  <SP HEIGHT="75" WIDTH="22" VPOS="2477" HPOS="1290"/>
                  <String HEIGHT="75"
                          WIDTH="285"
                          VPOS="2477"
                          HPOS="1224"
                          CONTENT="lauerint?"/>
                  <SP HEIGHT="75" WIDTH="22" VPOS="2477" HPOS="1509"/>
                  <String HEIGHT="75"
                          WIDTH="242"
                          VPOS="2477"
                          HPOS="1444"
                          CONTENT="quomodo"/>
                  <SP HEIGHT="75" WIDTH="22" VPOS="2477" HPOS="1685"/>
                  <String HEIGHT="75"
                          WIDTH="154"
                          VPOS="2477"
                          HPOS="1597"
                          CONTENT="Iacob"/>
               </TextLine>
               <TextLine ID="r1l50"
                         BASELINE="2614"
                         HEIGHT="67"
                         WIDTH="1641"
                         VPOS="2547"
                         HPOS="98">
                  <String HEIGHT="67" WIDTH="138" VPOS="2547" HPOS="78" CONTENT="cum"/>
                  <SP HEIGHT="67" WIDTH="20" VPOS="2547" HPOS="217"/>
                  <String HEIGHT="67"
                          WIDTH="198"
                          VPOS="2547"
                          HPOS="157"
                          CONTENT="angelo"/>
                  <SP HEIGHT="67" WIDTH="20" VPOS="2547" HPOS="355"/>
                  <String HEIGHT="67"
                          WIDTH="138"
                          VPOS="2547"
                          HPOS="296"
                          CONTENT="tam"/>
                  <SP HEIGHT="67" WIDTH="20" VPOS="2547" HPOS="434"/>
                  <String HEIGHT="67"
                          WIDTH="198"
                          VPOS="2547"
                          HPOS="375"
                          CONTENT="solida"/>
                  <SP HEIGHT="67" WIDTH="20" VPOS="2547" HPOS="573"/>
                  <String HEIGHT="67"
                          WIDTH="356"
                          VPOS="2547"
                          HPOS="513"
                          CONTENT="contrectatione"/>
                  <SP HEIGHT="67" WIDTH="20" VPOS="2547" HPOS="869"/>
                  <String HEIGHT="67"
                          WIDTH="237"
                          VPOS="2547"
                          HPOS="810"
                          CONTENT="luctatus"/>
                  <SP HEIGHT="67" WIDTH="20" VPOS="2547" HPOS="1047"/>
                  <String HEIGHT="67"
                          WIDTH="138"
                          VPOS="2547"
                          HPOS="988"
                          CONTENT="sit"/>
                  <SP HEIGHT="67" WIDTH="20" VPOS="2547" HPOS="1126"/>
                  <String HEIGHT="67" WIDTH="99" VPOS="2547" HPOS="1067" CONTENT=":"/>
                  <SP HEIGHT="67" WIDTH="20" VPOS="2547" HPOS="1166"/>
                  <String HEIGHT="67"
                          WIDTH="138"
                          VPOS="2547"
                          HPOS="1106"
                          CONTENT="Cum"/>
                  <SP HEIGHT="67" WIDTH="20" VPOS="2547" HPOS="1245"/>
                  <String HEIGHT="67"
                          WIDTH="158"
                          VPOS="2547"
                          HPOS="1185"
                          CONTENT="ista"/>
                  <SP HEIGHT="67" WIDTH="20" VPOS="2547" HPOS="1344"/>
                  <String HEIGHT="67"
                          WIDTH="297"
                          VPOS="2547"
                          HPOS="1284"
                          CONTENT="quaeruntur,"/>
                  <SP HEIGHT="67" WIDTH="20" VPOS="2547" HPOS="1581"/>
                  <String HEIGHT="67" WIDTH="99" VPOS="2547" HPOS="1522" CONTENT="&amp;"/>
                  <SP HEIGHT="67" WIDTH="20" VPOS="2547" HPOS="1620"/>
                  <String HEIGHT="67"
                          WIDTH="119"
                          VPOS="2547"
                          HPOS="1561"
                          CONTENT="ea"/>
                  <SP HEIGHT="67" WIDTH="20" VPOS="2547" HPOS="1680"/>
                  <String HEIGHT="67"
                          WIDTH="138"
                          VPOS="2547"
                          HPOS="1601"
                          CONTENT="sicut"/>
               </TextLine>
               <TextLine ID="r1l51"
                         BASELINE="2662"
                         HEIGHT="61"
                         WIDTH="1645"
                         VPOS="2601"
                         HPOS="91">
                  <String HEIGHT="61"
                          WIDTH="196"
                          VPOS="2601"
                          HPOS="71"
                          CONTENT="potest"/>
                  <SP HEIGHT="61" WIDTH="20" VPOS="2601" HPOS="267"/>
                  <String HEIGHT="61"
                          WIDTH="215"
                          VPOS="2601"
                          HPOS="208"
                          CONTENT="quisque"/>
                  <SP HEIGHT="61" WIDTH="20" VPOS="2601" HPOS="424"/>
                  <String HEIGHT="61"
                          WIDTH="274"
                          VPOS="2601"
                          HPOS="365"
                          CONTENT="coniectat,"/>
                  <SP HEIGHT="61" WIDTH="20" VPOS="2601" HPOS="639"/>
                  <String HEIGHT="61"
                          WIDTH="137"
                          VPOS="2601"
                          HPOS="581"
                          CONTENT="non"/>
                  <SP HEIGHT="61" WIDTH="20" VPOS="2601" HPOS="718"/>
                  <String HEIGHT="61"
                          WIDTH="274"
                          VPOS="2601"
                          HPOS="659"
                          CONTENT="inutiliter"/>
                  <SP HEIGHT="61" WIDTH="20" VPOS="2601" HPOS="933"/>
                  <String HEIGHT="61"
                          WIDTH="274"
                          VPOS="2601"
                          HPOS="874"
                          CONTENT="exercentur"/>
                  <SP HEIGHT="61" WIDTH="20" VPOS="2601" HPOS="1149"/>
                  <String HEIGHT="61"
                          WIDTH="235"
                          VPOS="2601"
                          HPOS="1090"
                          CONTENT="ingenia:"/>
                  <SP HEIGHT="61" WIDTH="20" VPOS="2601" HPOS="1325"/>
                  <String HEIGHT="61"
                          WIDTH="118"
                          VPOS="2601"
                          HPOS="1266"
                          CONTENT="si"/>
                  <SP HEIGHT="61" WIDTH="20" VPOS="2601" HPOS="1384"/>
                  <String HEIGHT="61"
                          WIDTH="274"
                          VPOS="2601"
                          HPOS="1325"
                          CONTENT="adhibeatur"/>
                  <SP HEIGHT="61" WIDTH="20" VPOS="2601" HPOS="1599"/>
                  <String HEIGHT="61"
                          WIDTH="215"
                          VPOS="2601"
                          HPOS="1521"
                          CONTENT="discepta"
                          SUBS_TYPE="HypPart1"
                          SUBS_CONTENT="disceptatio"/>
                  <HYP CONTENT="-"/>
               </TextLine>
               <TextLine ID="r1l52"
                         BASELINE="2726"
                         HEIGHT="72"
                         WIDTH="1652"
                         VPOS="2654"
                         HPOS="91">
                  <String HEIGHT="72"
                          WIDTH="150"
                          VPOS="2654"
                          HPOS="70"
                          CONTENT="tio"
                          SUBS_TYPE="HypPart2"
                          SUBS_CONTENT="disceptatio"/>
                  <SP HEIGHT="72" WIDTH="21" VPOS="2654" HPOS="220"/>
                  <String HEIGHT="72"
                          WIDTH="279"
                          VPOS="2654"
                          HPOS="155"
                          CONTENT="moderata,"/>
                  <SP HEIGHT="72" WIDTH="21" VPOS="2654" HPOS="434"/>
                  <String HEIGHT="72" WIDTH="107" VPOS="2654" HPOS="370" CONTENT="&amp;"/>
                  <SP HEIGHT="72" WIDTH="21" VPOS="2654" HPOS="477"/>
                  <String HEIGHT="72"
                          WIDTH="193"
                          VPOS="2654"
                          HPOS="413"
                          CONTENT="absit"/>
                  <SP HEIGHT="72" WIDTH="21" VPOS="2654" HPOS="606"/>
                  <String HEIGHT="72"
                          WIDTH="193"
                          VPOS="2654"
                          HPOS="542"
                          CONTENT="error"/>
                  <SP HEIGHT="72" WIDTH="21" VPOS="2654" HPOS="735"/>
                  <String HEIGHT="72"
                          WIDTH="300"
                          VPOS="2654"
                          HPOS="670"
                          CONTENT="opinantium"/>
                  <SP HEIGHT="72" WIDTH="21" VPOS="2654" HPOS="971"/>
                  <String HEIGHT="72" WIDTH="129" VPOS="2654" HPOS="906" CONTENT="se"/>
                  <SP HEIGHT="72" WIDTH="21" VPOS="2654" HPOS="1035"/>
                  <String HEIGHT="72"
                          WIDTH="193"
                          VPOS="2654"
                          HPOS="971"
                          CONTENT="scire"/>
                  <SP HEIGHT="72" WIDTH="21" VPOS="2654" HPOS="1164"/>
                  <String HEIGHT="72"
                          WIDTH="172"
                          VPOS="2654"
                          HPOS="1099"
                          CONTENT="quod"/>
                  <SP HEIGHT="72" WIDTH="21" VPOS="2654" HPOS="1271"/>
                  <String HEIGHT="72"
                          WIDTH="279"
                          VPOS="2654"
                          HPOS="1207"
                          CONTENT="nesciunt."/>
                  <SP HEIGHT="72" WIDTH="21" VPOS="2654" HPOS="1486"/>
                  <String HEIGHT="72"
                          WIDTH="172"
                          VPOS="2654"
                          HPOS="1421"
                          CONTENT="Quid"/>
                  <SP HEIGHT="72" WIDTH="21" VPOS="2654" HPOS="1593"/>
                  <String HEIGHT="72"
                          WIDTH="172"
                          VPOS="2654"
                          HPOS="1528"
                          CONTENT="enim"/>
                  <SP HEIGHT="72" WIDTH="21" VPOS="2654" HPOS="1700"/>
                  <String HEIGHT="72"
                          WIDTH="129"
                          VPOS="2654"
                          HPOS="1614"
                          CONTENT="opus"/>
               </TextLine>
               <TextLine ID="r1l53"
                         BASELINE="2788"
                         HEIGHT="75"
                         WIDTH="1644"
                         VPOS="2713"
                         HPOS="98">
                  <String HEIGHT="75" WIDTH="140" VPOS="2713" HPOS="78" CONTENT="est"/>
                  <SP HEIGHT="75" WIDTH="20" VPOS="2713" HPOS="218"/>
                  <String HEIGHT="75" WIDTH="120" VPOS="2713" HPOS="158" CONTENT="ut"/>
                  <SP HEIGHT="75" WIDTH="20" VPOS="2713" HPOS="278"/>
                  <String HEIGHT="75"
                          WIDTH="160"
                          VPOS="2713"
                          HPOS="218"
                          CONTENT="haec"/>
                  <SP HEIGHT="75" WIDTH="20" VPOS="2713" HPOS="379"/>
                  <String HEIGHT="75"
                          WIDTH="180"
                          VPOS="2713"
                          HPOS="319"
                          CONTENT="atque"/>
                  <SP HEIGHT="75" WIDTH="20" VPOS="2713" HPOS="499"/>
                  <String HEIGHT="75"
                          WIDTH="261"
                          VPOS="2713"
                          HPOS="439"
                          CONTENT="huiusmodi"/>
                  <SP HEIGHT="75" WIDTH="20" VPOS="2713" HPOS="699"/>
                  <String HEIGHT="75"
                          WIDTH="321"
                          VPOS="2713"
                          HPOS="639"
                          CONTENT="affirmentur,"/>
                  <SP HEIGHT="75" WIDTH="20" VPOS="2713" HPOS="960"/>
                  <String HEIGHT="75"
                          WIDTH="140"
                          VPOS="2713"
                          HPOS="900"
                          CONTENT="uel"/>
                  <SP HEIGHT="75" WIDTH="20" VPOS="2713" HPOS="1040"/>
                  <String HEIGHT="75"
                          WIDTH="261"
                          VPOS="2713"
                          HPOS="980"
                          CONTENT="negentur,"/>
                  <SP HEIGHT="75" WIDTH="20" VPOS="2713" HPOS="1241"/>
                  <String HEIGHT="75"
                          WIDTH="140"
                          VPOS="2713"
                          HPOS="1181"
                          CONTENT="uel"/>
                  <SP HEIGHT="75" WIDTH="20" VPOS="2713" HPOS="1321"/>
                  <String HEIGHT="75"
                          WIDTH="301"
                          VPOS="2713"
                          HPOS="1261"
                          CONTENT="definiantur"/>
                  <SP HEIGHT="75" WIDTH="20" VPOS="2713" HPOS="1562"/>
                  <String HEIGHT="75"
                          WIDTH="140"
                          VPOS="2713"
                          HPOS="1501"
                          CONTENT="cum"/>
                  <SP HEIGHT="75" WIDTH="20" VPOS="2713" HPOS="1642"/>
                  <String HEIGHT="75"
                          WIDTH="180"
                          VPOS="2713"
                          HPOS="1562"
                          CONTENT="discri"
                          SUBS_TYPE="HypPart1"
                          SUBS_CONTENT="discrimine,"/>
                  <HYP CONTENT="-"/>
               </TextLine>
               <TextLine ID="r1l54"
                         BASELINE="2824"
                         HEIGHT="60"
                         WIDTH="1653"
                         VPOS="2764"
                         HPOS="89">
                  <String HEIGHT="60"
                          WIDTH="198"
                          VPOS="2764"
                          HPOS="67"
                          CONTENT="mine,"
                          SUBS_TYPE="HypPart2"
                          SUBS_CONTENT="discrimine,"/>
                  <SP HEIGHT="60" WIDTH="22" VPOS="2764" HPOS="265"/>
                  <String HEIGHT="60"
                          WIDTH="220"
                          VPOS="2764"
                          HPOS="199"
                          CONTENT="quando"/>
                  <SP HEIGHT="60" WIDTH="22" VPOS="2764" HPOS="420"/>
                  <String HEIGHT="60"
                          WIDTH="176"
                          VPOS="2764"
                          HPOS="353"
                          CONTENT="sine"/>
                  <SP HEIGHT="60" WIDTH="22" VPOS="2764" HPOS="530"/>
                  <String HEIGHT="60"
                          WIDTH="242"
                          VPOS="2764"
                          HPOS="464"
                          CONTENT="crimine"/>
                  <SP HEIGHT="60" WIDTH="22" VPOS="2764" HPOS="706"/>
                  <String HEIGHT="60"
                          WIDTH="331"
                          VPOS="2764"
                          HPOS="640"
                          CONTENT="nesciuntur?"/>
                  <SP HEIGHT="60" WIDTH="22" VPOS="2764" HPOS="971"/>
                  <String HEIGHT="60"
                          WIDTH="176"
                          VPOS="2764"
                          HPOS="904"
                          CONTENT="Haec"/>
                  <SP HEIGHT="60" WIDTH="22" VPOS="2764" HPOS="1081"/>
                  <String HEIGHT="60"
                          WIDTH="331"
                          VPOS="2764"
                          HPOS="1015"
                          CONTENT="Augustinus."/>
                  <SP HEIGHT="60" WIDTH="22" VPOS="2764" HPOS="1345"/>
                  <String HEIGHT="60"
                          WIDTH="309"
                          VPOS="2764"
                          HPOS="1279"
                          CONTENT="Agnoscamus"/>
                  <SP HEIGHT="60" WIDTH="22" VPOS="2764" HPOS="1588"/>
                  <String HEIGHT="60"
                          WIDTH="132"
                          VPOS="2764"
                          HPOS="1522"
                          CONTENT="in"/>
                  <SP HEIGHT="60" WIDTH="22" VPOS="2764" HPOS="1654"/>
                  <String HEIGHT="60"
                          WIDTH="154"
                          VPOS="2764"
                          HPOS="1588"
                          CONTENT="his"/>
                  <SP HEIGHT="60" WIDTH="22" VPOS="2764" HPOS="1742"/>
                  <String HEIGHT="60" WIDTH="110" VPOS="2764" HPOS="1676" CONTENT="&amp;"/>
                  <SP HEIGHT="60" WIDTH="22" VPOS="2764" HPOS="1786"/>
                  <String HEIGHT="60" WIDTH="44" VPOS="2764" HPOS="1698" CONTENT=""/>
               </TextLine>
               <TextLine ID="r1l56"
                         BASELINE="2883"
                         HEIGHT="69"
                         WIDTH="1637"
                         VPOS="2814"
                         HPOS="104">
                  <String HEIGHT="69"
                          WIDTH="288"
                          VPOS="2814"
                          HPOS="82"
                          CONTENT="similibus"/>
                  <SP HEIGHT="69" WIDTH="22" VPOS="2814" HPOS="369"/>
                  <String HEIGHT="69"
                          WIDTH="243"
                          VPOS="2814"
                          HPOS="303"
                          CONTENT="caussis"/>
                  <SP HEIGHT="69" WIDTH="22" VPOS="2814" HPOS="546"/>
                  <String HEIGHT="69"
                          WIDTH="376"
                          VPOS="2814"
                          HPOS="480"
                          CONTENT="omnipotentiam"/>
                  <SP HEIGHT="69" WIDTH="22" VPOS="2814" HPOS="856"/>
                  <String HEIGHT="69" WIDTH="111" VPOS="2814" HPOS="790" CONTENT="&amp;"/>
                  <SP HEIGHT="69" WIDTH="22" VPOS="2814" HPOS="900"/>
                  <String HEIGHT="69"
                          WIDTH="310"
                          VPOS="2814"
                          HPOS="834"
                          CONTENT="admirandam"/>
                  <SP HEIGHT="69" WIDTH="22" VPOS="2814" HPOS="1144"/>
                  <String HEIGHT="69"
                          WIDTH="398"
                          VPOS="2814"
                          HPOS="1077"
                          CONTENT="dispensationem"/>
                  <SP HEIGHT="69" WIDTH="22" VPOS="2814" HPOS="1476"/>
                  <String HEIGHT="69"
                          WIDTH="199"
                          VPOS="2814"
                          HPOS="1409"
                          CONTENT="eius,"/>
                  <SP HEIGHT="69" WIDTH="22" VPOS="2814" HPOS="1608"/>
                  <String HEIGHT="69"
                          WIDTH="155"
                          VPOS="2814"
                          HPOS="1542"
                          CONTENT="qui"/>
                  <SP HEIGHT="69" WIDTH="22" VPOS="2814" HPOS="1697"/>
                  <String HEIGHT="69"
                          WIDTH="133"
                          VPOS="2814"
                          HPOS="1608"
                          CONTENT="quae"/>
               </TextLine>
               <TextLine ID="r1l57"
                         BASELINE="2942"
                         HEIGHT="67"
                         WIDTH="1637"
                         VPOS="2875"
                         HPOS="107">
                  <String HEIGHT="67"
                          WIDTH="156"
                          VPOS="2875"
                          HPOS="88"
                          CONTENT="uult"/>
                  <SP HEIGHT="67" WIDTH="19" VPOS="2875" HPOS="243"/>
                  <String HEIGHT="67"
                          WIDTH="195"
                          VPOS="2875"
                          HPOS="185"
                          CONTENT="facit,"/>
                  <SP HEIGHT="67" WIDTH="19" VPOS="2875" HPOS="380"/>
                  <String HEIGHT="67"
                          WIDTH="136"
                          VPOS="2875"
                          HPOS="321"
                          CONTENT="cui"/>
                  <SP HEIGHT="67" WIDTH="19" VPOS="2875" HPOS="458"/>
                  <String HEIGHT="67"
                          WIDTH="156"
                          VPOS="2875"
                          HPOS="399"
                          CONTENT="sane"/>
                  <SP HEIGHT="67" WIDTH="19" VPOS="2875" HPOS="555"/>
                  <String HEIGHT="67"
                          WIDTH="136"
                          VPOS="2875"
                          HPOS="497"
                          CONTENT="non"/>
                  <SP HEIGHT="67" WIDTH="19" VPOS="2875" HPOS="633"/>
                  <String HEIGHT="67"
                          WIDTH="253"
                          VPOS="2875"
                          HPOS="575"
                          CONTENT="difficile"/>
                  <SP HEIGHT="67" WIDTH="19" VPOS="2875" HPOS="828"/>
                  <String HEIGHT="67"
                          WIDTH="136"
                          VPOS="2875"
                          HPOS="770"
                          CONTENT="est"/>
                  <SP HEIGHT="67" WIDTH="19" VPOS="2875" HPOS="906"/>
                  <String HEIGHT="67"
                          WIDTH="292"
                          VPOS="2875"
                          HPOS="848"
                          CONTENT="substantias"/>
                  <SP HEIGHT="67" WIDTH="19" VPOS="2875" HPOS="1140"/>
                  <String HEIGHT="67"
                          WIDTH="195"
                          VPOS="2875"
                          HPOS="1081"
                          CONTENT="creare"/>
                  <SP HEIGHT="67" WIDTH="19" VPOS="2875" HPOS="1276"/>
                  <String HEIGHT="67"
                          WIDTH="136"
                          VPOS="2875"
                          HPOS="1218"
                          CONTENT="suo"/>
                  <SP HEIGHT="67" WIDTH="19" VPOS="2875" HPOS="1354"/>
                  <String HEIGHT="67"
                          WIDTH="253"
                          VPOS="2875"
                          HPOS="1296"
                          CONTENT="instituto"/>
                  <SP HEIGHT="67" WIDTH="19" VPOS="2875" HPOS="1549"/>
                  <String HEIGHT="67"
                          WIDTH="214"
                          VPOS="2875"
                          HPOS="1491"
                          CONTENT="idoneas"/>
                  <SP HEIGHT="67" WIDTH="19" VPOS="2875" HPOS="1705"/>
                  <String HEIGHT="67"
                          WIDTH="117"
                          VPOS="2875"
                          HPOS="1627"
                          CONTENT="con"
                          SUBS_TYPE="HypPart1"
                          SUBS_CONTENT="congruasque"/>
                  <HYP CONTENT="-"/>
               </TextLine>
               <TextLine ID="r1l58"
                         BASELINE="3014"
                         HEIGHT="73"
                         WIDTH="1512"
                         VPOS="2941"
                         HPOS="88">
                  <String HEIGHT="73"
                          WIDTH="239"
                          VPOS="2941"
                          HPOS="68"
                          CONTENT="gruasque"
                          SUBS_TYPE="HypPart2"
                          SUBS_CONTENT="congruasque"/>
                  <SP HEIGHT="73" WIDTH="20" VPOS="2941" HPOS="307"/>
                  <String HEIGHT="73" WIDTH="99" VPOS="2941" HPOS="247" CONTENT=":"/>
                  <SP HEIGHT="73" WIDTH="20" VPOS="2941" HPOS="347"/>
                  <String HEIGHT="73"
                          WIDTH="139"
                          VPOS="2941"
                          HPOS="287"
                          CONTENT="cum"/>
                  <SP HEIGHT="73" WIDTH="20" VPOS="2941" HPOS="426"/>
                  <String HEIGHT="73" WIDTH="119" VPOS="2941" HPOS="367" CONTENT="ex"/>
                  <SP HEIGHT="73" WIDTH="20" VPOS="2941" HPOS="486"/>
                  <String HEIGHT="73"
                          WIDTH="199"
                          VPOS="2941"
                          HPOS="426"
                          CONTENT="nihilo"/>
                  <SP HEIGHT="73" WIDTH="20" VPOS="2941" HPOS="625"/>
                  <String HEIGHT="73"
                          WIDTH="279"
                          VPOS="2941"
                          HPOS="565"
                          CONTENT="condiderit"/>
                  <SP HEIGHT="73" WIDTH="20" VPOS="2941" HPOS="844"/>
                  <String HEIGHT="73"
                          WIDTH="179"
                          VPOS="2941"
                          HPOS="784"
                          CONTENT="omnes"/>
                  <SP HEIGHT="73" WIDTH="20" VPOS="2941" HPOS="963"/>
                  <String HEIGHT="73"
                          WIDTH="259"
                          VPOS="2941"
                          HPOS="904"
                          CONTENT="uisibiles"/>
                  <SP HEIGHT="73" WIDTH="20" VPOS="2941" HPOS="1162"/>
                  <String HEIGHT="73" WIDTH="99" VPOS="2941" HPOS="1103" CONTENT="&amp;"/>
                  <SP HEIGHT="73" WIDTH="20" VPOS="2941" HPOS="1202"/>
                  <String HEIGHT="73"
                          WIDTH="298"
                          VPOS="2941"
                          HPOS="1142"
                          CONTENT="inuisibiles"/>
                  <SP HEIGHT="73" WIDTH="20" VPOS="2941" HPOS="1441"/>
                  <String HEIGHT="73"
                          WIDTH="239"
                          VPOS="2941"
                          HPOS="1361"
                          CONTENT="creaturas."/>
               </TextLine>
            </TextBlock>
         </PrintSpace>
      </Page>
   </Layout>
</alto>
