2288 3632
457 298 171 96 alia
563 298 192 96 multa
692 298 128 96 ad
756 298 171 96 Rom.
863 298 128 96 4.
927 298 107 96 &
970 298 128 96 1.
1034 298 256 96 Corinth.
1226 298 150 96 15.
1311 298 150 96 Nam
1397 298 107 96 &
1440 298 128 96 in
1504 298 278 96 euangelio
1718 298 235 96 Ioannis
1889 298 192 96 dicit
1995 298 150 96 domi-

457 371 164 84 nus,
560 371 144 84 Ego
642 371 144 84 sum
724 371 308 84 resurrectio
970 371 103 84 &
1011 371 185 84 uita,
1135 371 144 84 qui
1217 371 205 84 credit
1360 371 123 84 in
1422 371 123 84 me
1483 371 226 84 etiamsi
1648 371 226 84 mortuus
1812 371 205 84 fuerit
1955 371 205 84 uiuet:
2078 371 62 84 &

466 446 189 70 omnis
592 446 147 70 qui
676 446 189 70 uiuit
802 446 105 70 &
844 446 210 70 credit
991 446 126 70 in
1054 446 147 70 me,
1138 446 147 70 non
1222 446 252 70 morietur
1411 446 126 70 in
1453 446 231 70 aeternum.

543 473 327 80 lnspiciamus
805 473 152 80 iam
892 473 196 80 etiam
1022 473 240 80 singula
1197 473 196 80 uerba
1327 473 283 80 articuli.
1545 473 305 80 Confitemur
1785 473 240 80 dominum
1937 473 196 80 resurre

473 544 201 70 xisse.
613 544 141 70 Est
694 544 181 70 autem
814 544 281 70 resurgere,
1035 544 181 70 denuo
1155 544 241 70 surgere,
1336 544 201 70 surgit
1477 544 161 70 quod
1577 544 201 70 cadit.
1717 544 201 70 Corpus
1858 544 221 70 Christi
1998 544 141 70 ceci-

477 600 155 69 dit,
573 600 155 69 ergo
670 600 193 69 corpus
805 600 212 69 Christi
960 600 212 69 surgit,
1114 600 212 69 adeoque
1269 600 251 69 resurgit:
1462 600 116 69 id
1520 600 155 69 est,
1616 600 174 69 illud
1732 600 174 69 ipsum
1848 600 193 69 corpus
1964 600 174 69 Christi

465 649 174 79 quod
574 649 282 79 priusquam
791 649 239 79 caderet
965 649 239 79 uiuebat
1139 649 109 79 &
1182 649 326 79 operabatur,
1443 649 152 79 iam
1530 649 282 79 resurgit,
1747 649 217 79 rursus
1899 649 217 79 inquam
2029 649 109 79 ui-

474 707 147 77 uit
558 707 105 77 &
600 707 274 77 operatur.
811 707 169 77 Vere
916 707 169 77 enim
1022 707 337 77 Tertullianus
1295 707 126 77 de
1359 707 358 77 resurrectione
1654 707 232 77 carnis,
1801 707 337 77 Resurrectionis

471 770 300 78 uocabulum,
706 770 171 78 ait,
813 770 150 78 non
899 770 193 78 aliam
1028 770 150 78 rem
1113 770 257 78 uindicat
1306 770 171 78 quam
1413 770 171 78 quae
1521 770 257 78 cecidit,
1713 770 279 78 Resurgere
1928 770 171 78 enim
2035 770 150 78 non

477 819 139 78 est
557 819 159 78 nisi
656 819 159 78 eius
756 819 159 78 quod
855 819 239 78 cecidit.
1035 819 199 78 Iterum
1174 819 159 78 enim
1274 819 239 78 surgendo
1453 819 159 78 quia
1553 819 219 78 cecidit
1712 819 259 78 resurgere
1911 819 239 78 dicitur,
2070 819 80 78 Re

471 885 170 63 enim
577 885 234 63 syllaba
747 885 212 63 semper
896 885 297 63 iterationi
1129 885 297 63 adhibetur.
1363 885 234 63 Proinde
1533 885 149 63 dum
1618 885 255 63 matronae
1809 885 319 63 euangelicae
2043 885 106 63 abe

474 945 153 58 unt
562 945 132 58 ad
628 945 307 58 sepulchrum
869 945 263 58 uncturae
1066 945 219 58 corpus
1219 945 219 58 domini
1373 945 175 58 quod
1482 945 307 58 pependerat
1724 945 132 58 in
1789 945 219 58 cruce,
1943 945 241 58 audiunt

475 986 127 72 ab
538 986 212 72 angelo
687 986 233 72 domini,
856 986 170 72 Quid
962 986 276 72 quaeritis
1174 986 254 72 uiuentem
1365 986 148 72 cum
1450 986 254 72 mortuis?
1640 986 148 72 Non
1725 986 148 72 est
1810 986 170 72 hic,
1916 986 148 72 sed
1979 986 170 72 surre-

470 1049 167 67 xit,
575 1049 146 67 &c.
658 1049 167 67 Nota
763 1049 146 67 est
846 1049 167 67 enim
951 1049 251 67 historia
1139 1049 272 67 dominicae
1348 1049 376 67 resurrectionis
1661 1049 167 67 apud
1766 1049 188 67 Lucam
1891 1049 125 67 in
1954 1049 167 67 cap.
2038 1049 104 67 24-

472 1115 106 61 &
514 1115 169 61 apud
620 1115 212 61 Marcum
768 1115 127 61 in
832 1115 169 61 cap.
938 1115 148 61 16.
1022 1115 212 61 Petrus
1171 1115 212 61 quoque
1319 1115 275 61 apostolus
1531 1115 127 61 ex
1594 1115 212 61 Dauide
1743 1115 381 61 resurrectionem
2039 1115 106 61 ue-

482 1162 140 77 ram
562 1162 241 77 astruens
743 1162 120 77 2.
803 1162 160 77 cap.
903 1162 221 77 Actorum
1063 1162 120 77 in
1124 1162 180 77 prima
1244 1162 160 77 illa
1344 1162 241 77 concione
1524 1162 140 77 sua
1605 1162 221 77 diserte
1765 1162 241 77 ostendit
1946 1162 241 77 Christum

472 1219 170 75 uere
578 1219 340 75 resurrexisse
854 1219 127 75 ex
897 1219 212 75 mortuis.

561 1278 220 65 Deinde
715 1278 242 65 addimus
891 1278 242 65 dominum
1068 1278 352 65 resurrexisse
1354 1278 132 65 ex
1420 1278 242 65 mortuis
1596 1278 154 65 uel
1684 1278 110 65 a
1728 1278 264 65 mortuis.
1927 1278 176 65 Quae
2015 1278 132 65 par-

485 1329 212 70 ticula
633 1329 255 70 exprimit
824 1329 106 70 &
867 1329 212 70 mortis
1015 1329 106 70 &
1058 1329 382 70 resurrectionis
1376 1329 297 70 ueritatem.
1609 1329 212 70 Corpus
1758 1329 170 70 enim
1864 1329 149 70 uel
1949 1329 170 70 caro
2034 1329 106 70 mo-

478 1388 188 66 ritur
603 1388 104 66 &
645 1388 334 66 corrumpitur:
917 1388 188 66 atqui
1042 1388 230 66 mortuum
1209 1388 355 66 resuscitatur,
1502 1388 209 66 corpus
1648 1388 167 66 ergo
1752 1388 146 66 uel
1836 1388 167 66 caro
1919 1388 230 66 resuscita

482 1441 159 77 tur:
582 1441 179 77 quasi
701 1441 179 77 dicat
820 1441 278 77 confitens,
1039 1441 119 77 Ea
1098 1441 139 77 qua
1178 1441 219 77 caeteri
1337 1441 239 77 mortales
1516 1441 159 77 lege
1615 1441 219 77 naturae
1774 1441 258 77 defunctus
1973 1441 139 77 est
2033 1441 119 77 domi

471 1498 148 71 nus
555 1498 232 71 noster,
724 1498 127 71 at
788 1498 148 71 non
872 1498 211 71 mansit
1020 1498 148 71 aut
1105 1498 211 71 haesit
1253 1498 190 71 inter
1379 1498 254 71 mortuos.
1570 1498 211 71 Eandem
1717 1498 169 71 enim
1823 1498 211 71 carnem
1971 1498 169 71 quam
2055 1498 85 71 se

485 1556 154 63 mel
573 1556 330 63 assumpserat
837 1556 264 63 mortalem
1034 1556 132 63 ac
1100 1556 154 63 per
1188 1556 220 63 mortem
1342 1556 330 63 deposuerat,
1606 1556 154 63 iam
1694 1556 242 63 resumit
1869 1556 330 63 immortalem,

481 1604 346 76 Praedixerat
757 1604 184 76 enim
873 1604 230 76 Dauid,
1034 1604 253 76 Quoniam
1218 1604 161 76 non
1310 1604 346 76 derelinques
1587 1604 230 76 animam
1748 1604 184 76 meam
1863 1604 138 76 in
1910 1604 230 76 inferno.

487 1674 187 64 neque
612 1674 187 64 dabis
737 1674 125 64 ut
799 1674 229 64 sanctus
966 1674 166 64 tuus
1070 1674 208 64 uideat
1216 1674 354 64 corruptionem.
1507 1674 146 64 Est
1590 1674 166 64 enim
1694 1674 333 64 primogenitus
1944 1674 208 64 resurgen

484 1714 161 78 tium
585 1714 262 78 Christus,
786 1714 121 78 in
846 1714 141 78 quo
927 1714 141 78 ceu
1007 1714 121 78 in
1068 1714 201 78 capite
1209 1714 262 78 declarari
1410 1714 262 78 oportuit,
1611 1714 201 78 qualis
1752 1714 141 78 sit
1833 1714 201 78 futura
1954 1714 201 78 resurre-

489 1773 171 87 ctio
596 1773 214 87 omnium
745 1773 278 87 membrorum
959 1773 235 87 Christi
1131 1773 128 87 in
1195 1773 150 87 die
1259 1773 214 87 iudicij.

554 1817 166 89 Hanc
658 1817 166 89 uero
762 1817 374 89 resurrectionem
1073 1817 291 89 confitemur
1301 1817 208 89 factam
1447 1817 166 89 esse
1550 1817 145 89 die
1633 1817 228 89 tertia,
1799 1817 104 89 a
1841 1817 187 89 morte
1965 1817 228 89 inquam.

487 1883 271 81 Deponitur
695 1883 166 81 enim
799 1883 125 81 in
862 1883 146 81 die
945 1883 291 81 parasceues
1174 1883 104 81 a
1216 1883 187 81 cruce
1340 1883 104 81 &
1382 1883 250 81 infertur
1569 1883 291 81 sepulchro,
1798 1883 250 81 quiescit
1965 1883 187 81 sabbato

481 1946 193 65 toto,
609 1946 107 65 &
652 1946 193 65 circa
781 1946 301 65 principium
1018 1946 172 65 diei
1125 1946 193 65 primi
1254 1946 322 65 sabbatorum,
1512 1946 150 65 qui
1598 1946 215 65 primus
1748 1946 215 65 inquam
1898 1946 258 65 occurrit
2070 1946 86 65 in

483 1999 306 69 hebdomada,
723 1999 175 69 quae
833 1999 197 69 nobis
964 1999 197 69 hodie
1095 1999 262 69 dominica
1291 1999 175 69 est,
1400 1999 262 69 resurgit
1597 1999 197 69 circa
1728 1999 240 69 auroram
1903 1999 131 69 ex
1946 1999 197 69 mortuis

482 2058 246 72 Quamuis
661 2058 179 72 ergo
773 2058 134 72 in
840 2058 291 72 euangelio
1063 2058 269 72 Matthaei
1265 2058 157 72 12.
1354 2058 179 72 cap.
1466 2058 246 72 legamus
1645 2058 246 72 dixisse
1824 2058 269 72 dominum,
2003 2058 157 72 Quem-

482 2102 219 75 admodum
641 2102 159 75 fuit
740 2102 179 75 lonas
860 2102 119 75 in
919 2102 199 75 uentre
1058 2102 159 75 ceti
1158 2102 199 75 tribus
1297 2102 199 75 diebus
1436 2102 99 75 &
1476 2102 199 75 tribus
1615 2102 238 75 noctibus
1793 2102 99 75 :
1833 2102 139 75 sic
1913 2102 159 75 erit
1992 2102 159 75 filius

480 2175 218 58 hominis
638 2175 119 58 in
698 2175 178 58 corde
816 2175 198 58 terrae
955 2175 198 58 tribus
1093 2175 198 58 diebus
1232 2175 99 58 &
1271 2175 198 58 tribus
1410 2175 257 58 noctibus:
1607 2175 218 58 attamem
1766 2175 119 58 in
1825 2175 198 58 capite
1963 2175 138 58 16.
2042 2175 99 58 &
2062 2175 99 58 a0-

483 2217 242 70 seipsum
659 2217 198 70 quasi
790 2217 264 70 exponens
988 2217 264 70 loquutum
1186 2217 132 70 id
1252 2217 154 70 per
1339 2217 351 70 syneldocham,
1625 2217 220 70 dicit.
1779 2217 242 70 Oportet
1954 2217 132 70 me
1998 2217 154 70 abire

481 2275 335 75 Hierosolymam,
757 2275 98 75 &
796 2275 177 75 multa
914 2275 157 75 pati
1013 2275 98 75 a
1052 2275 216 75 scribis
1209 2275 98 75 &
1249 2275 256 75 seniorib.
1446 2275 98 75 &
1485 2275 216 75 occidi,
1642 2275 98 75 &
1682 2275 197 75 tertio
1819 2275 138 75 die
1879 2275 276 75 resuscitari.

557 2341 261 64 Sextus
740 2341 235 64 fidei
897 2341 287 64 nostrae
1106 2341 340 64 articulus
1367 2341 183 64 hic
1472 2341 209 64 est,
1602 2341 314 64 ASCENDIT
1837 2341 157 64 AD
1916 2341 287 64 COELOS,

456 2377 381 85 SEDET
710 2377 254 85 AD
837 2377 509 85 DEXTERAM
1219 2377 297 85 DEI
1388 2377 424 85 PATRIS
1642 2377 509 85 OMNIPOTEN-

475 2439 178 83 TIS.
586 2439 223 83 Corpus
742 2439 201 83 illud
876 2439 178 83 quod
988 2439 245 83 corpori
1166 2439 223 83 nostro
1323 2439 424 83 consubstantiale
1679 2439 178 83 est,
1791 2439 290 83 desumptum
2014 2439 134 83 ex
2059 2439 89 83 Ma

480 2505 144 69 ria
563 2505 247 69 uirgine,
748 2505 226 69 adeoque
912 2505 123 69 ex
974 2505 288 69 substantia
1200 2505 247 69 uirginis
1385 2505 288 69 assumptum,
1611 2505 164 69 quod
1713 2505 247 69 pependit
1898 2505 123 69 in
1960 2505 185 69 cruce
2083 2505 103 69 &

479 2568 262 56 excessit,
680 2568 242 56 sepultum
862 2568 141 56 est
942 2568 101 56 &
983 2568 302 56 resurrexit,
1224 2568 181 56 illud
1345 2568 181 56 ipsum
1466 2568 201 56 inquam
1607 2568 242 56 ascendit
1788 2568 121 56 ad
1849 2568 201 56 coelos
1990 2568 101 56 &
2010 2568 141 56 sedet

472 2606 103 91 a
514 2606 226 91 dextris
678 2606 144 91 dei
761 2606 226 91 patris.
925 2606 144 91 Nam
1008 2606 288 91 posteaquam
1234 2606 144 91 per
1316 2606 165 91 dies
1419 2606 144 91 40.
1501 2606 206 91 abunde
1645 2606 185 91 satis
1769 2606 329 91 instruxisset
2016 2606 144 91 domi-

479 2667 143 84 nus
560 2667 205 84 noster
704 2667 287 84 discipulos
929 2667 164 84 suos
1032 2667 123 84 de
1093 2667 246 84 ueritate
1277 2667 369 84 resurrectionis
1585 2667 164 84 suae
1687 2667 102 84 &
1728 2667 123 84 de
1789 2667 184 84 regno
1912 2667 164 84 dei,
1994 2667 164 84 subla-

485 2730 141 82 tus
566 2730 141 82 est
646 2730 121 82 in
687 2730 182 82 coelum.

558 2777 291 74 Ascensione
787 2777 166 74 illa
891 2777 145 74 sua
974 2777 249 74 declarat
1161 2777 249 74 uniuerso
1348 2777 249 74 terrarum
1535 2777 166 74 orbi
1639 2777 229 74 dominus
1805 2777 229 74 noster,
1971 2777 166 74 quod
2054 2777 104 74 sit

484 2832 308 71 uniuersorum
731 2832 247 71 dominus,
916 2832 247 71 omniaque
1101 2832 164 71 sibi
1204 2832 206 71 habeat
1348 2832 247 71 subiecta
1533 2832 288 71 quaecunque
1759 2832 123 71 in
1820 2832 185 71 coelo
1944 2832 164 71 sunt
2046 2832 103 71 &
2067 2832 82 71 in

477 2890 201 75 terra,
618 2890 161 75 quod
718 2890 161 75 ipse
819 2890 141 75 sit
899 2890 181 75 robur
1020 2890 241 75 nostrum,
1200 2890 201 75 uirtus
1341 2890 241 75 fidelium
1522 2890 100 75 &
1562 2890 261 75 gloriatio
1763 2890 201 75 contra
1904 2890 201 75 portas
2024 2890 121 75 infe

477 2957 146 70 ri.
561 2957 271 70 Ascendens
769 2957 167 70 enim
873 2957 125 70 in
936 2957 208 70 coelum
1081 2957 250 70 captiuam
1269 2957 188 70 duxit
1394 2957 354 70 captiuitatem,
1686 2957 333 70 spoliatisque
1936 2957 208 70 hostibus
