2288 3632
62 263 176 132 dere
172 263 396 132 commemorantur,
501 263 198 132 Recte
633 263 220 132 omnino
787 263 286 132 credimus,
1007 263 220 132 animas
1161 263 242 132 nostras
1336 263 198 132 simul
1468 263 198 132 atque
1578 263 154 132 exce-

69 357 176 96 dunt
179 357 110 96 e
223 357 308 96 corporibus
465 357 264 96 protinus
663 357 242 96 ingredi
839 357 220 96 regiam
992 357 286 96 coelorum.
1212 357 242 96 Dominus
1388 357 176 96 enim
1498 357 132 96 in
1542 357 198 96 euange-

63 411 145 91 lio
146 411 208 91 dixit:
292 411 208 91 Amorte
437 411 270 91 transiuit
645 411 125 91 in
707 411 208 91 uitam.
852 411 145 91 Et,
935 411 187 91 Hodie
1060 411 187 91 mecum
1184 411 166 91 eris
1288 411 125 91 in
1351 411 270 91 paradyso.
1558 411 187 91 Atqui
1662 411 83 91 de

63 478 240 82 mendico
238 478 218 82 Lazaro
391 478 218 82 legis:
543 478 240 82 Accidit
718 478 196 82 autem
849 478 131 82 ut
915 478 284 82 moreretur
1133 478 284 82 mendicus,
1351 478 109 82 &
1395 478 349 82 deportaretur
1657 478 87 82 ab

74 532 226 78 angelis
239 532 123 78 in
300 532 185 78 sinum
423 532 246 78 Abrahae.
608 532 144 78 Huc
689 532 144 78 iam
772 532 103 78 &
813 532 185 78 illud
936 532 246 78 Danielis
1120 532 267 78 pertinere
1325 532 246 78 uidetur,
1510 532 267 78 dicentis?

62 579 211 93 Adhuc
202 579 211 93 autem
342 579 140 93 me
413 579 281 93 loquente
623 579 117 93 &
670 579 351 93 supplicante
951 579 117 93 &
998 579 328 93 confitente
1255 579 281 93 peccatum
1466 579 187 93 meum
1583 579 117 93 &
1606 579 117 93 pec

71 639 196 89 catum
202 639 153 89 mei
289 639 218 89 populi
442 639 240 89 lsrael,
616 639 109 89 &
659 639 261 89 fundente
856 639 174 89 meas
964 639 218 89 preces
1117 639 174 89 ante
1226 639 240 89 dominum
1400 639 174 89 deum
1509 639 196 89 meum,
1618 639 109 89 pro

66 690 187 101 monte
191 690 208 101 sancto
336 690 145 101 dei
419 690 166 101 mei:
523 690 145 101 me,
606 690 228 101 inquam,
772 690 187 101 adhuc
897 690 312 101 deprecante,
1146 690 145 101 uir
1229 690 166 101 ille
1333 690 228 101 Gabriel
1500 690 166 101 quem
1583 690 145 101 uide-

59 747 140 96 ram
139 747 120 96 in
199 747 220 96 uisione
359 747 100 96 a
399 747 280 96 principio,
618 747 160 96 cito
718 747 200 96 uolans
858 747 120 96 ad
918 747 120 96 me
978 747 260 96 peruenit.
1178 747 120 96 En
1238 747 200 96 animae
1377 747 220 96 nostrae
1537 747 120 96 ab
1577 747 140 96 ange-

67 803 140 95 lis
147 803 300 95 subuehuntur
387 803 120 95 in
447 803 220 95 coelos,
607 803 160 95 quae
707 803 180 95 tamen
827 803 180 95 alibi
946 803 240 95 dicuntur
1126 803 260 95 euestigio
1326 803 160 95 rapi
1426 803 120 95 in
1486 803 220 95 coelum.
1626 803 100 95 De-

62 863 164 88 inde
165 863 185 88 simul
289 863 185 88 atque
412 863 164 88 orat
515 863 226 88 dominum
679 863 226 88 Daniel,
843 863 185 88 nulla
967 863 164 88 mora
1069 863 308 88 diuturniore
1316 863 329 88 interposita,
1563 863 164 88 celer-

72 920 157 83 rime
170 920 235 83 aduolans
347 920 157 83 (ita
445 920 157 83 enim
543 920 137 83 pro
622 920 177 83 captu
739 920 196 83 nostro
877 920 255 83 scriptura
1073 920 255 83 loquitur)
1269 920 216 83 angelus
1426 920 196 83 oranti
1563 920 196 83 adest,

65 974 315 90 exauditumque
322 974 99 90 a
361 974 138 90 deo
440 974 158 90 esse
538 974 276 90 annunciat.
755 974 158 90 Sunt
854 974 197 90 itaque
992 974 197 90 angeli
1130 974 217 90 celeres
1287 974 99 90 &
1327 974 355 90 expeditissimi,
1603 974 118 90 nul-

57 1029 126 91 lo
120 1029 189 91 onere
246 1029 273 91 depressi,
456 1029 189 91 neque
583 1029 168 91 ullo
688 1029 315 91 impedimento
940 1029 231 91 exclusi
1108 1029 147 91 aut
1192 1029 252 91 impediti
1382 1029 126 91 ab
1445 1029 168 91 his,
1550 1029 126 91 ad
1592 1029 126 91 quae

65 1097 260 77 mittuntur
265 1097 260 77 coelitus,
465 1097 220 77 tametsi
625 1097 120 77 ut
685 1097 260 77 creaturae
885 1097 160 77 loco
986 1097 320 77 contineantur
1246 1097 100 77 (
1286 1097 180 77 licet
1406 1097 140 77 non
1466 1097 260 77 circumscri-

51 1136 238 99 bantur)
224 1136 108 99 &
268 1136 281 99 moueantur
484 1136 238 99 ratione
657 1136 195 99 certa
786 1136 108 99 &
830 1136 173 99 modo
938 1136 130 99 ei
1003 1136 238 99 naturae
1176 1136 303 99 spirituali
1413 1136 259 99 congruo.
1586 1136 130 99 Exi-

53 1210 135 59 git
130 1210 155 59 haec
227 1210 251 59 fortassis
420 1210 270 59 tractatio,
632 1210 116 59 ut
690 1210 232 59 nonnihil
864 1210 212 59 dicatur
1018 1210 97 59 &
1057 1210 116 59 de
1115 1210 193 59 robore
1250 1210 232 59 potentia
1424 1210 135 59 seu
1482 1210 251 59 fortitudine

61 1263 301 80 angelorum.
297 1263 150 80 Sed
383 1263 236 80 quorsum
554 1263 236 80 attinet
726 1263 129 80 in
790 1263 129 80 re
855 1263 279 80 manifesta
1070 1263 193 80 multa
1198 1263 236 80 fundere
1370 1263 215 80 uerba?
1520 1263 150 80 Cum
1606 1263 172 80 enim

47 1304 224 99 dominus
210 1304 224 99 angelos
373 1304 224 99 mittens
536 1304 143 99 sit
617 1304 306 99 omnipotens,
862 1304 183 99 nihil
984 1304 143 99 est
1066 1304 163 99 quod
1168 1304 204 99 angeli
1310 1304 122 99 in
1371 1304 163 99 suis
1473 1304 183 99 illis
1575 1304 143 99 lega-

60 1366 230 85 tionibus
233 1366 96 85 &
271 1366 288 85 ministerijs
501 1366 134 85 non
578 1366 230 85 possint,
751 1366 173 85 nihil
866 1366 134 85 est
942 1366 115 85 in
1000 1366 230 85 uniuersa
1173 1366 173 85 rerum
1288 1366 211 85 natura,
1441 1366 154 85 quod
1537 1366 115 85 se
1576 1366 134 85 obii-

60 1428 163 77 ciat
161 1428 265 77 ministris
365 1428 142 77 dei
446 1428 346 77 omnipotentis.
731 1428 183 77 Neque
853 1428 163 77 enim
955 1428 224 77 frustra
1118 1428 305 77 appellantur
1362 1428 204 77 angeli
1484 1428 224 77 Potentiae

49 1475 117 86 &
95 1475 304 86 Virtutes.
329 1475 187 86 Vnum
446 1475 140 86 ex
516 1475 257 86 multis,
703 1475 210 86 neque
844 1475 164 86 hoc
937 1475 234 86 quidem
1101 1475 257 86 maximum
1288 1475 281 86 referam.
1499 1475 187 86 Vnus
1592 1475 117 86 an-

53 1536 179 84 gelus
173 1536 140 84 una
252 1536 199 84 nocte,
392 1536 179 84 nullo
512 1536 239 84 apparatu
691 1536 140 84 aut
771 1536 239 84 negotio,
950 1536 120 84 in
1010 1536 219 84 castris
1190 1536 279 84 Assyriorum
1409 1536 120 84 ad
1469 1536 199 84 moenia
1588 1536 120 84 Hie-

49 1600 232 78 rusalem
218 1600 253 78 caecidit
407 1600 232 78 centena
576 1600 105 78 &
618 1600 274 78 octaginta
829 1600 232 78 quinque
997 1600 190 78 milia
1124 1600 232 78 militum
1292 1600 422 78 strenuissimorum.
1630 1600 84 78 In

58 1643 238 92 Daniele
231 1643 194 92 talem
361 1643 238 92 habemus
534 1643 216 92 Angeli
685 1643 389 92 descriptionem,
1009 1643 130 92 ex
1074 1643 151 92 qua
1160 1643 108 92 &
1203 1643 194 92 robur
1333 1643 108 92 &
1376 1643 324 92 praestantia
1614 1643 86 92 an

55 1705 211 80 gelorum
209 1705 211 80 colligi
362 1705 211 80 potest.
516 1705 192 80 Corpus
651 1705 154 80 eius
747 1705 173 80 sicut
862 1705 211 80 tharsis
1016 1705 135 80 uel
1093 1705 327 80 chrysolithus,
1362 1705 96 80 &
1400 1705 192 80 facies
1535 1705 154 80 eius
1612 1705 96 80 si-

59 1767 147 77 cut
143 1767 230 77 fulgur,
310 1767 105 77 &
352 1767 189 77 oculi
478 1767 168 77 eius
583 1767 189 77 uelut
708 1767 251 77 lampades
897 1767 209 77 ignis,
1044 1767 105 77 &
1086 1767 230 77 brachia
1253 1767 168 77 eius
1358 1767 105 77 &
1400 1767 189 77 pedes
1525 1767 168 77 eius
1609 1767 105 77 ceu

50 1808 219 87 species
210 1808 180 87 aeris
329 1808 279 87 candentis,
549 1808 100 87 &
589 1808 140 87 uox
669 1808 239 87 uerborum
848 1808 160 87 eius
948 1808 120 87 ut
1008 1808 140 87 uox
1088 1808 339 87 multitudinis.
1367 1808 140 87 Ita
1447 1808 140 87 non
1526 1808 140 87 est
1586 1808 120 87 quod

44 1871 262 85 pluribus
241 1871 306 85 disputemus
481 1871 131 85 de
547 1871 306 85 cognitione
787 1871 109 85 &
831 1871 284 85 sapientia
1049 1871 306 85 angelorum.
1290 1871 153 85 Nam
1377 1871 175 85 haec
1487 1871 153 85 non
1574 1871 153 85 est
1640 1871 87 85 im

45 1933 215 81 mensa,
196 1933 151 81 cum
282 1933 172 81 sint
390 1933 302 81 creaturae.
627 1933 237 81 Quantum
800 1933 172 81 uero
907 1933 237 81 attinet
1080 1933 302 81 legationes
1317 1933 108 81 &
1360 1933 302 81 ministeria
1575 1933 151 81 ipso-

39 1992 162 69 rum,
140 1992 344 69 sapientissimi
423 1992 182 69 certe
545 1992 364 69 instructissimi
849 1992 101 69 &
889 1992 182 69 nulla
1011 1992 182 69 parte
1132 1992 243 69 diminuti
1314 1992 182 69 sunt.
1436 1992 142 69 Qui
1517 1992 162 69 enim
1598 1992 101 69 ip-

50 2036 127 79 sos
122 2036 199 79 mittit,
267 2036 145 79 ipsa
357 2036 127 79 est
430 2036 199 79 aeterna
574 2036 253 79 sapientia,
773 2036 253 79 legatosque
972 2036 145 79 suos
1062 2036 217 79 instruit
1207 2036 289 79 perfectissime.

112 2088 233 94 Ceterum
281 2088 127 94 de
345 2088 318 94 multitudine
600 2088 276 94 ordineque
812 2088 276 94 angelorum
1024 2088 297 94 disputatum
1257 2088 148 94 est
1342 2088 106 94 a
1385 2088 276 94 theologis
1597 2088 170 94 qui

45 2143 193 93 busdam
180 2143 212 93 acriter
334 2143 96 93 &
373 2143 270 93 subtiliter
585 2143 193 93 satis,
720 2143 251 93 Scriptura
913 2143 289 93 simpliciter
1144 2143 193 93 tradit
1279 2143 328 93 innumerabiles
1549 2143 154 93 esse
1627 2143 96 93 an-

45 2200 205 92 gelos.
188 2200 205 92 Daniel
331 2200 184 92 enim:
454 2200 184 92 Mille
576 2200 184 92 milia
699 2200 327 92 ministrabant
965 2200 143 92 ei,
1047 2200 102 92 &
1088 2200 205 92 decies
1231 2200 184 92 mille
1354 2200 245 92 myriades
1538 2200 225 92 stabant

40 2268 168 82 ante
145 2268 210 82 illum.
292 2268 252 82 Christus
482 2268 210 82 quoque
629 2268 126 82 ad
692 2268 210 82 Petrum
839 2268 231 82 dixisse
1007 2268 252 82 legitur,
1196 2268 126 82 An
1259 2268 147 82 non
1344 2268 189 82 putas
1470 2268 168 82 quod
1554 2268 168 82 possum

32 2311 180 93 nunc
145 2311 225 93 rogare
303 2311 225 93 patrem
460 2311 203 93 meum,
595 2311 113 93 &
640 2311 225 93 mittet
798 2311 180 93 mihi
911 2311 180 93 plus
1023 2311 180 93 quam
1136 2311 270 93 duodecim
1338 2311 270 93 legiones
1518 2311 203 93 angelo.

37 2367 164 83 rum?
140 2367 144 83 Sed
222 2367 103 83 &
263 2367 226 83 Paulus,
427 2367 328 83 Accessistis,
694 2367 226 83 inquit,
858 2367 123 83 ad
919 2367 267 83 ciuitatem
1124 2367 144 83 dei
1206 2367 267 83 uiuentis,
1411 2367 287 83 Hierusalem
1616 2367 103 83 coe

37 2422 240 84 lestem,
212 2422 109 84 &
256 2422 131 84 ad
321 2422 393 84 innumerabilium
649 2422 284 84 angelorum
867 2422 240 84 coetum.
1042 2422 262 84 Plerique
1238 2422 284 84 innumeram
1457 2422 197 84 illam
1566 2422 131 84 mul-

42 2482 263 89 titudinem
244 2482 303 89 distinguunt
486 2482 121 89 in
547 2482 182 89 nouem
668 2482 222 89 choros,
830 2482 101 89 &
870 2482 141 89 hos
951 2482 202 89 rursus
1093 2482 242 89 redigunt
1274 2482 121 89 in
1335 2482 162 89 tres
1436 2482 323 89 hierarchias,

42 2547 223 68 quarum
198 2547 268 68 singulas
399 2547 179 68 tres
510 2547 246 68 ordines
689 2547 223 68 habere
845 2547 313 68 affirmant,
1091 2547 201 68 nempe
1225 2547 223 68 primam
1381 2547 290 68 Seraphim,
1582 2547 134 68 Che-

46 2603 209 77 rubim,
193 2603 230 77 Thronos
360 2603 105 77 :
402 2603 251 77 secundam
591 2603 356 77 Dominationes,
884 2603 272 77 Virtutes.
1093 2603 293 77 Potestates
1324 2603 105 77 :
1366 2603 230 77 tertiam
1512 2603 189 77 Princi-

49 2661 203 77 patus,
191 2661 325 77 Archangelos,
455 2661 244 77 Angelos.
638 2661 203 77 Addunt
780 2661 163 77 quid
882 2661 183 77 inter
1003 2661 122 77 se
1064 2661 244 77 distent,
1247 2661 102 77 &
1288 2661 223 77 quodnam
1450 2661 203 77 cuique
1572 2661 122 77 pro-

40 2714 183 78 prium
162 2714 163 78 sit.
263 2714 366 78 Caeterumbeatus
568 2714 284 78 Augustinus
791 2714 122 78 in
852 2714 223 78 Enchir.
1015 2714 163 78 cap.
1116 2714 142 78 58.
1198 2714 163 78 Quid
1299 2714 183 78 inter
1421 2714 122 78 se
1482 2714 244 78 distent,

43 2769 209 70 inquit,
195 2769 323 70 dominationes,
461 2769 304 70 principatus,
708 2769 342 70 potestatesque,
993 2769 190 70 dicant
1126 2769 133 70 qui
1202 2769 228 70 possunt:
1373 2769 114 70 si
1430 2769 171 70 tamem
1525 2769 171 70 possunt

41 2823 221 76 probare
202 2823 161 76 quod
302 2823 221 76 dicunt.
462 2823 141 76 Ego
543 2823 120 76 me
603 2823 161 76 ista
703 2823 241 76 ignorare
884 2823 281 76 confiteor.
1105 2823 120 76 Et
1165 2823 201 76 contra
1306 2823 381 76 Luscillianistas
1607 2823 80 76 ad

40 2880 211 79 Orosium
194 2880 154 79 idem
290 2880 173 79 ille:
405 2880 173 79 Certe
520 2880 173 79 dicit
636 2880 269 79 apostolus,
847 2880 211 79 inquit,
1001 2880 154 79 siue
1097 2880 173 79 sedes
1212 2880 231 79 (throni)
1385 2880 154 79 siue
1482 2880 250 79 dominatio

42 2940 153 84 nes,
138 2940 153 84 siue
233 2940 306 84 principatus,
482 2940 153 84 siue
577 2940 287 84 potestates.
807 2940 115 84 Et
864 2940 153 84 esse
960 2940 191 84 itaque
1094 2940 191 84 sedes,
1228 2940 325 84 dominationes,
1477 2940 210 84 principa
