2288 3632
517 307 142 95 tus
598 307 101 95 &
638 307 284 95 potestates
862 307 122 95 in
923 307 304 95 coelestibus
1166 307 304 95 apparatibus
1410 307 284 95 firmissime
1633 307 203 95 credo,
1775 307 101 95 &
1816 307 244 95 differre
1998 307 183 95 inter
2100 307 81 95 se

514 373 219 89 aliquid
673 373 278 89 indubitata
892 373 159 89 fide
991 373 199 89 teneo:
1130 373 139 89 sed
1209 373 159 89 quae
1309 373 139 89 nam
1388 373 159 89 ista
1488 373 159 89 sint
1587 373 99 89 &
1627 373 159 89 quid
1726 373 179 89 inter
1845 373 119 89 se
1905 373 258 89 differant
2084 373 99 89 ne-

521 423 176 96 scio.
639 423 137 96 Nec
717 423 117 96 ea
775 423 156 96 sane
873 423 273 96 ignorantia
1088 423 293 96 periclitari
1322 423 117 96 me
1381 423 176 96 puto,
1498 423 195 96 sicuti
1634 423 312 96 inobedientia
1888 423 117 96 si
1947 423 195 96 domini
2064 423 117 96 prae

525 486 189 89 cepta
651 486 295 89 neglexero.
883 486 126 89 Et
946 486 147 89 mox
1030 486 168 89 idem
1135 486 210 89 ibidem
1282 486 231 89 indicat
1451 486 126 89 in
1514 486 168 89 baec
1619 486 274 89 operosius
1829 486 105 89 &
1871 486 274 89 curiosius
2061 486 126 89 mini

518 551 125 73 me
581 551 167 73 esse
685 551 334 73 inquirendum.
957 551 188 73 Cuius
1082 551 209 73 quidem
1229 551 251 73 consilio
1417 551 251 73 libenter
1605 551 313 73 obsequimur,
1856 551 272 73 cernentes
2044 551 146 73 scri-

531 595 199 103 pturas
671 595 180 103 omnia
790 595 180 103 nobis
910 595 279 103 necessaria
1130 595 100 103 &
1169 595 259 103 salutaria
1369 595 339 103 suppeditantes
1648 595 120 103 de
1708 595 180 103 illis
1828 595 180 103 nihil
1928 595 199 103 tradere.

601 647 150 91 Hoc
686 647 193 91 tamen
815 647 214 91 negare
965 647 150 91 non
1050 647 257 91 possumus
1243 647 257 91 uocabula
1436 647 171 91 illa
1543 647 193 91 (siue
1672 647 236 91 ordines
1843 647 279 91 appellare
2036 647 150 91 malis

530 706 276 89 angelorum)
747 706 197 89 sacris
885 706 217 89 exprimi
1043 706 237 89 literis:
1221 706 158 89 unde
1319 706 138 89 pro
1398 706 197 89 nostra
1536 706 256 89 tenuitate
1733 706 237 89 utcunque
1911 706 256 89 explicare
2088 706 99 89 con

533 767 199 80 uenit.
672 767 179 80 Beati
791 767 159 80 illi
891 767 238 80 spiritus
1070 767 258 80 coelestes
1268 767 199 80 angeli
1407 767 119 80 in
1467 767 199 80 genere
1606 767 99 80 &
1646 767 298 80 simpliciter
1884 767 258 80 nuncupari
2063 767 139 80 uiden

528 817 167 91 tur,
633 817 167 91 quod
737 817 167 91 sint
842 817 146 91 dei
925 817 188 91 summi
1051 817 251 91 cursores
1239 817 105 91 &
1281 817 230 91 legati.
1448 817 167 91 Quos
1553 817 167 91 dici
1657 817 314 91 Archangelos
1908 817 251 91 apparet,
2076 817 125 91 quan

536 873 124 91 do
598 873 124 91 in
660 873 186 91 rebus
784 873 145 91 dei
867 873 227 91 maximis
1032 873 310 91 ablegantur,
1280 873 289 91 nunciaturi
1507 873 145 91 aut
1589 873 227 91 facturi
1754 873 145 91 res
1837 873 206 91 omnino
1982 873 206 91 arduas
2126 873 103 91 &

534 937 259 84 diuinas.
729 937 151 84 Ita
815 937 173 84 enim
923 937 238 84 legimus
1096 937 130 84 in
1161 937 216 84 Paulo,
1312 937 238 84 dominum
1485 937 151 84 cum
1571 937 238 84 hortatu
1744 937 108 84 &
1788 937 173 84 uoce
1896 937 302 84 archangeli
2112 937 86 84 ac

527 999 174 74 tuba
636 999 152 74 dei
723 999 325 74 descensurum
983 999 130 74 de
1048 999 217 74 coelo.
1200 999 152 74 Nam
1287 999 130 74 ut
1352 999 217 74 magnis
1504 999 217 74 liceat
1656 999 282 74 componere
1873 999 217 74 parua,
2003 999 195 74 uidemus

528 1043 185 85 reges
652 1043 123 85 ac
713 1043 267 85 principes
919 1043 247 85 negotijs
1104 1043 247 85 grauibus
1289 1043 144 85 non
1371 1043 164 85 nisi
1474 1043 267 85 principes
1679 1043 185 85 uiros
1803 1043 267 85 destinare
1988 1043 206 85 legatos.

539 1097 225 90 Thronos
702 1097 164 90 dici
804 1097 245 90 apparet,
988 1097 143 90 uel
1070 1097 164 90 quod
1172 1097 204 90 throno
1315 1097 143 90 dei
1397 1097 204 90 semper
1540 1097 286 90 assistunt,
1765 1097 143 90 uel
1847 1097 164 90 quod
1949 1097 164 90 deus
2051 1097 123 90 in
2092 1097 102 90 an-

538 1149 177 104 gelis
656 1149 157 104 suam
754 1149 196 104 ueluti
892 1149 177 104 sedem
1009 1149 275 104 collocasse
1225 1149 216 104 legitur
1382 1149 118 104 in
1441 1149 275 104 prophetis,
1657 1149 98 104 &
1696 1149 118 104 ab
1755 1149 137 104 his
1833 1149 137 104 ceu
1912 1149 118 104 in
1971 1149 216 104 lectica
2108 1149 98 104 re-

533 1228 144 80 gia
616 1228 185 80 uehi,
739 1228 206 80 Dauide
883 1228 247 80 canente,
1069 1228 288 80 Inclinauit
1295 1228 206 80 coelos
1439 1228 103 80 &
1480 1228 288 80 descendit,
1707 1228 103 80 &
1748 1228 206 80 caligo
1892 1228 144 80 sub
1975 1228 226 80 pedibus
2119 1228 82 80 e-

539 1265 169 85 ius.
644 1265 127 85 Et
708 1265 253 85 ascendit
898 1265 190 85 super
1025 1265 275 85 cherubim.
1236 1265 169 85 Vel,
1341 1265 275 85 Vehebatur
1552 1265 190 85 super
1679 1265 275 85 cherubim,
1890 1265 106 85 &
1932 1265 253 85 uolabat:
2101 1265 106 85 uo-

538 1323 180 84 labat
658 1323 180 84 super
778 1323 200 84 pennas
918 1323 260 84 uentorum.
1118 1323 160 84 Nota
1218 1323 140 84 est
1298 1323 260 84 praeterea
1499 1323 280 84 descriptio
1719 1323 200 84 currus
1859 1323 100 84 &
1899 1323 180 84 solij
2019 1323 140 84 dei
2079 1323 120 84 apud

549 1374 327 88 Ezechielem.
811 1374 371 88 Dominationes,
1116 1374 327 88 Principatus
1378 1374 109 88 &
1421 1374 305 88 Potestates
1661 1374 283 88 nuncupari
1879 1374 283 88 uidentur,
2075 1374 131 88 quod

536 1434 177 91 deus
647 1434 266 91 imperium
846 1434 177 91 suum
956 1434 155 91 per
1045 1434 288 91 angelorum
1266 1434 332 91 ministerium
1532 1434 133 91 in
1598 1434 199 91 mundo
1731 1434 354 91 administrat,
1997 1434 199 91 suamque

537 1487 271 103 potentiam
746 1487 250 103 exercet.
933 1487 146 103 Sic
1017 1487 167 103 enim
1121 1487 104 103 &
1163 1487 250 103 Virtutes
1351 1487 104 103 &
1392 1487 271 103 Exercitus
1601 1487 167 103 siue
1705 1487 271 103 Coelestis
1914 1487 229 103 militia
2060 1487 146 103 dicun

545 1548 160 89 tur.
645 1548 220 89 Dominum
805 1548 160 89 enim
905 1548 140 89 ceu
985 1548 280 89 stipatores
1205 1548 240 89 cingunt,
1385 1548 100 89 &
1425 1548 140 89 his
1505 1548 160 89 ille
1605 1548 200 89 utitur
1745 1548 140 89 ceu
1825 1548 260 89 militibus
2025 1548 180 89 suis,
2125 1548 80 89 di

534 1599 180 98 ctus
647 1599 180 98 deus
760 1599 248 98 abaoth,
940 1599 158 98 uel
1031 1599 338 98 exercituum:
1301 1599 271 98 dominus,
1504 1599 248 98 inquam,
1684 1599 225 98 omnium
1842 1599 293 98 angelorum
2045 1599 158 98 spiri

545 1657 180 87 tuum
657 1657 112 87 &
702 1657 359 87 creaturarum,
994 1657 225 87 quarum
1151 1657 315 87 ministerio
1398 1657 225 87 quando
1555 1657 157 87 ubi
1645 1657 247 87 quomodo
1825 1657 112 87 &
1870 1657 247 87 quantum
2050 1657 202 87 uult,

541 1711 229 81 utitur.
708 1711 250 81 Cherubim
896 1711 209 81 dictos
1042 1711 292 81 arbitratur
1271 1711 104 81 a
1313 1711 313 81 multitudine
1563 1711 271 81 scientiae
1772 1711 209 81 beatus
1918 1711 250 81 Hierony.
2085 1711 125 81 Alij

543 1766 245 86 celeres
721 1766 290 86 exponunt,
944 1766 267 86 Seraphim
1144 1766 134 86 ab
1211 1766 223 86 ardore
1367 1766 200 86 nomen
1500 1766 245 86 habent.
1679 1766 156 86 Vel
1768 1766 178 86 quod
1879 1766 178 86 igni
1968 1766 245 86 purissimo

539 1827 109 74 &
583 1827 305 74 clarissimo
823 1827 349 74 comparantur:
1106 1827 153 74 uel
1193 1827 174 74 quod
1302 1827 196 74 amore
1433 1827 262 74 fagrant.

624 1878 185 91 lstis
748 1878 226 91 interim
913 1878 268 91 uocabulis
1118 1878 309 91 adumbrantur
1365 1878 309 91 multiplicia
1612 1878 268 91 angelorum
1818 1878 226 91 officia
1983 1878 268 91 operatio

523 1948 123 74 ,.
585 1948 185 74 nesue
708 1948 226 74 uariae,
872 1948 164 74 quas
975 1948 144 74 nos
1057 1948 205 74 paucis
1201 1948 349 74 comprehendere
1488 1948 267 74 uolentes,
1694 1948 226 74 diximus
1858 1948 226 74 creatos
2022 1948 164 74 esse
2104 1948 103 74 an-

540 1987 192 101 gelos
668 1987 107 101 a
710 1987 149 101 deo
796 1987 128 101 in
860 1987 214 101 ipsius
1009 1987 149 101 dei
1095 1987 107 101 &
1137 1987 235 101 hominum
1308 1987 342 101 ministerium.
1586 1987 149 101 Nam
1671 1987 192 101 Dauid
1799 1987 256 101 cecinit.
1991 1987 149 101 Qui
2056 1987 149 101 creat

542 2045 223 86 angelos
704 2045 162 86 suos
805 2045 264 86 spiritus,
1008 2045 101 86 &
1049 2045 264 86 ministros
1251 2045 162 86 suos
1353 2045 223 86 flammam
1515 2045 203 86 ignis.
1657 2045 122 86 Et
1717 2045 203 86 iterum
1859 2045 203 86 alibi,
1981 2045 223 86 Benedici-

550 2102 121 88 te
610 2102 202 88 domino
752 2102 182 88 omnes
873 2102 202 88 angeli
1014 2102 182 88 eius,
1136 2102 242 88 potentes
1317 2102 242 88 uirtute,
1499 2102 263 88 facientes
1701 2102 202 88 uerbum
1842 2102 222 88 illius,
2004 2102 121 88 ad
2044 2102 162 88 audien

539 2178 150 64 dam
624 2178 192 64 uocem
752 2178 256 64 sermonum
945 2178 192 64 eius.
1073 2178 299 64 Benedicite
1308 2178 214 64 domino
1457 2178 192 64 omnes
1585 2178 256 64 uirtutes
1778 2178 192 64 eius,
1906 2178 256 64 ministri
2077 2178 128 64 eius

543 2210 145 99 qui
626 2210 228 99 facitis
792 2210 290 99 uoluntatem
1020 2210 187 99 eius.
1145 2210 187 99 Dixit
1269 2210 104 99 &
1311 2210 124 99 S.
1373 2210 207 99 Paulus
1518 2210 124 99 de
1581 2210 249 99 angelis:
1767 2210 187 99 Nonne
1892 2210 187 99 omnes
2016 2210 166 99 sunt
2099 2210 104 99 ad-

544 2268 344 86 ministratorij
827 2268 263 86 spiritus,
1030 2268 142 86 qui
1111 2268 122 86 in
1172 2268 304 86 ministerium
1415 2268 284 86 emittuntur
1638 2268 223 86 propter
1800 2268 142 86 eos
1881 2268 142 86 qui
1962 2268 243 86 haeredes
2124 2268 81 86 e-

544 2324 158 86 runt
643 2324 217 86 salutis
801 2324 99 86 :
841 2324 237 86 Caeterum
1019 2324 198 86 utitur
1157 2324 158 86 deus
1256 2324 257 86 angelorum
1454 2324 277 86 ministerio
1671 2324 178 86 nulla
1790 2324 316 86 necessitate,
2047 2324 138 86 sed
2106 2324 99 86 bo-

543 2386 119 92 na
603 2386 138 92 sua
682 2386 277 92 uoluntate.
899 2386 138 92 Nam
978 2386 178 92 illis
1097 2386 198 92 carere
1235 2386 198 92 posset
1374 2386 99 92 :
1413 2386 138 92 cum
1492 2386 158 92 nutu
1591 2386 138 92 suo
1670 2386 257 92 perficiat
1868 2386 158 92 quod
1967 2386 178 92 uult.
2066 2386 138 92 Dixit

537 2441 169 84 enim
643 2441 106 84 &
685 2441 190 84 facta
812 2441 190 84 sunt,
938 2441 169 84 ipse
1044 2441 254 84 mandauit
1234 2441 106 84 &
1276 2441 211 84 creata
1424 2441 190 84 sunt,
1551 2441 190 84 nullo
1678 2441 169 84 sibi
1783 2441 275 84 angelorum
1974 2441 232 84 cooperan-

544 2492 140 95 te:
624 2492 140 95 ita
704 2492 180 95 hodie
824 2492 200 95 quoque
964 2492 160 95 quod
1064 2492 160 95 uult
1164 2492 180 95 etiam
1284 2492 200 95 absque
1424 2492 220 95 angelis
1584 2492 260 95 perficere
1784 2492 220 95 posset.
1944 2492 220 95 Quoniam
2084 2492 120 95 uero

542 2544 117 98 ex
601 2544 196 98 optima
738 2544 137 98 sua
816 2544 254 98 uoluntate
1012 2544 176 98 illos
1130 2544 235 98 condidit
1306 2544 117 98 ad
1364 2544 313 98 participatum
1619 2544 176 98 uitae
1736 2544 98 98 &
1775 2544 215 98 salutis
1932 2544 254 98 aeternae,
2108 2544 98 98 ip-

542 2621 189 89 sorum
668 2621 168 89 erga
773 2621 147 89 nos
858 2621 210 89 sicuti
1005 2621 105 89 &
1047 2621 231 89 aliarum
1215 2621 316 89 creaturarum
1468 2621 189 89 opera
1594 2621 231 89 utitur:
1762 2621 210 89 quibus
1909 2621 168 89 ipsi
2015 2621 168 89 suam
2099 2621 105 89 de-

543 2661 233 86 clarant
713 2661 191 86 fidem
840 2661 170 86 erga
946 2661 170 86 deum
1052 2661 403 86 obedientiamque,
1392 2661 127 86 ac
1455 2661 170 86 deus
1561 2661 318 86 ineffabilem
1816 2661 170 86 suam
1922 2661 233 86 exercet
2070 2661 149 86 bene-

544 2718 264 76 uolentiam
747 2718 142 76 cum
828 2718 163 76 erga
930 2718 183 76 ipsos
1052 2718 163 76 quos
1154 2718 224 76 aeterni
1317 2718 203 76 gaudij
1459 2718 285 76 participes
1683 2718 183 76 fecit
1805 2718 122 76 ex
1866 2718 224 76 gratia,
2029 2718 142 76 tum
2090 2718 122 76 erga

552 2774 165 83 nos,
655 2774 165 83 quos
758 2774 247 83 dignatus
943 2774 144 83 est
1026 2774 247 83 honorare
1211 2774 144 83 tam
1293 2774 267 83 praeclaro
1499 2774 288 83 famulitio.
1725 2774 185 83 Inter
1849 2774 165 83 alia
1952 2774 165 83 enim
2034 2774 185 83 innume-

541 2837 132 74 ra
607 2837 110 74 &
651 2837 220 74 maxima
805 2837 154 74 dei
893 2837 308 74 beneficia,
1135 2837 132 74 ad
1201 2837 176 74 quae
1311 2837 154 74 non
1400 2837 264 74 immerito
1598 2837 396 74 obstupescimus,
1928 2837 154 74 non
1994 2837 220 74 postremo

539 2885 183 90 loco
653 2885 320 90 numerandum
905 2885 206 90 uenit
1042 2885 183 90 quod
1156 2885 251 90 angelos
1339 2885 206 90 nobis
1476 2885 251 90 famulos
1659 2885 229 90 dedit.
1819 2885 251 90 Equidem
2002 2885 251 90 maximum

549 2941 145 89 hoc
632 2941 145 89 est
715 2941 249 89 paternae
901 2941 166 89 erga
1005 2941 145 89 nos
1088 2941 352 89 solicitudinis
1378 2941 104 89 &
1419 2941 186 89 curae
1543 2941 311 89 argumentum,
1792 2941 124 89 in
1854 2941 207 89 primis
1999 2941 166 89 quod
2102 2941 145 89 tam
