2288 3632
467 264 143 97 cum
548 264 265 97 apostolus
752 264 204 97 dicit:
895 264 204 97 Pugnam
1038 264 163 97 esse
1140 264 184 97 nobis
1263 264 245 97 aduersus
1446 264 306 97 spirituales
1691 264 265 97 nequitias
1896 264 122 97 in
1936 264 225 97 coelesti-

484 337 157 73 bus,
583 337 138 73 per
661 337 256 73 coelestia
858 337 138 73 non
936 337 275 73 intelligit
1153 337 197 73 gaudia
1290 337 275 73 coelestia,
1506 337 256 73 collocans
1703 337 197 73 iterum
1841 337 236 73 daemonas
2017 337 118 73 in
2057 337 98 73 coe

475 392 169 74 los,
580 392 148 74 sed
665 392 211 74 aerem,
813 392 127 74 id
876 392 169 74 est,
982 392 296 74 inferiorem
1214 392 190 74 mundi
1341 392 211 74 partem
1488 392 232 74 adeoque
1657 392 190 74 ipsum
1784 392 232 74 mundum.
1953 392 148 74 Nam
2016 392 148 74 alibi

478 461 208 61 dicit:
624 461 249 61 Secundum
810 461 270 61 spiritum,
1018 461 145 61 cui
1101 461 249 61 potestas
1288 461 145 61 est
1371 461 208 61 aeris.
1516 461 125 61 Et
1579 461 145 61 uet
1662 461 208 61 santur
1807 461 208 61 quidem
1932 461 228 61 principes

481 520 182 60 huius
602 520 182 60 mundi
724 520 122 60 in
785 520 162 60 aere
886 520 203 60 circa,
1028 520 203 60 infra,
1169 520 101 60 &
1210 520 182 60 supra
1332 520 162 60 nos,
1433 520 223 60 undique
1595 520 142 60 nos
1676 520 304 60 impetentes.
1919 520 223 60 Alioqui
2061 520 101 60 nec

488 558 203 80 coelum
630 558 162 80 siue
731 558 244 80 inferior
914 558 183 80 regio
1036 558 183 80 aeris
1157 558 284 80 diabolorum
1381 558 244 80 subiacet
1563 558 244 80 imperio,
1746 558 122 80 ut
1807 558 162 80 quod
1908 558 122 80 in
1969 558 122 80 eo
2010 558 162 80 uelint

478 620 241 84 possint,
659 620 141 84 aut
739 620 181 84 illis
860 620 261 84 abutantur
1061 620 141 84 pro
1141 620 141 84 sua
1221 620 261 84 libidine,
1422 620 161 84 nisi
1523 620 221 84 quantum
1684 620 161 84 deus
1784 620 281 84 permiserit
1985 620 181 84 iudicio

482 675 153 73 suo
570 675 219 73 iusto.
723 675 153 73 Nam
810 675 131 73 in
876 675 153 73 hac
963 675 350 73 disputatione
1247 675 219 73 semper
1400 675 153 73 pro
1487 675 262 73 confessa
1684 675 109 73 &
1728 675 306 73 indubitata
1946 675 219 73 ueritate

477 734 297 87 tenendum
700 734 198 87 est,
824 734 273 87 dominum
1023 734 198 87 deum
1147 734 273 87 nostrum
1345 734 223 87 regem
1494 734 124 87 &
1543 734 397 87 gubernatorem
1866 734 198 87 esse
1965 734 198 87 omnium

483 782 342 89 creaturarum,
760 782 320 89 dominiumque
1017 782 171 89 suum
1123 782 128 89 in
1187 782 192 89 omnes
1316 782 256 89 retinere
1508 782 299 89 creaturas,
1743 782 320 89 exercereque
1978 782 192 89 ratione

454 853 285 84 aequissima,

571 886 257 99 Quanquam
764 886 172 99 uero
871 886 129 99 ex
935 886 150 99 his
1021 886 236 99 omnibus
1193 886 236 99 colligi
1364 886 236 99 possit,
1536 886 215 99 quanta
1686 886 107 99 &
1729 886 215 99 qualis
1879 886 150 99 sit
1943 886 215 99 operatio

483 953 276 76 diabolica,
700 953 237 76 pluscula
878 953 177 76 tamen
996 953 177 76 illis
1114 953 256 76 adiinciam
1311 953 118 76 ne
1370 953 158 76 quid
1469 953 138 76 hac
1548 953 118 76 in
1607 953 118 76 re
1666 953 315 76 defideretur.
1922 953 237 76 Contraxi
2080 953 79 76 in

492 1025 329 60 descriptione
760 1025 226 60 diaboli
924 1025 185 60 omnes
1048 1025 206 60 illius
1192 1025 267 60 effectus,
1397 1025 185 60 actus
1521 1025 144 60 uel
1603 1025 308 60 operationes
1850 1025 123 60 in
1911 1025 144 60 duo
1973 1025 185 60 capita-

492 1066 174 77 Sunt
601 1066 174 77 enim
710 1066 261 77 daemones
906 1066 152 77 deo
993 1066 109 77 &
1037 1066 283 77 hominibus
1254 1066 261 77 aduersi,
1450 1066 131 77 ut
1516 1066 152 77 qui
1603 1066 196 77 omnia
1733 1066 152 77 sua
1821 1066 218 77 studia
1973 1066 131 77 ad
2017 1066 152 77 despe

488 1121 182 84 ctum
602 1121 159 84 dei
693 1121 319 84 hominumque
943 1121 341 84 deceptionem
1216 1121 114 84 &
1262 1121 296 84 pernitiem
1489 1121 341 84 conuertunt.
1762 1121 205 84 Summa
1899 1121 228 84 igitur
2035 1121 114 84 est

497 1189 198 70 omnia
629 1189 154 70 sua
717 1189 264 70 dirigunt
915 1189 132 70 ad
981 1189 308 70 contemptum
1223 1189 154 70 dei
1311 1189 308 70 hominisque
1554 1189 308 70 perniciem.
1796 1189 132 70 Ac
1862 1189 286 70 potentiam
2060 1189 110 70 eis

493 1245 178 59 esse
604 1245 156 59 non
693 1245 245 59 exiguam
871 1245 267 59 nocendi,
1071 1245 333 59 perspicacem
1338 1245 178 59 item
1449 1245 400 59 intelligentiam
1782 1245 311 59 producendi
2004 1245 156 59 omnia

495 1290 131 80 in
561 1290 283 80 effectum,
778 1290 152 80 iam
865 1290 196 80 semel
996 1290 109 80 &
1039 1290 218 80 iterum
1191 1290 305 80 audiuimus.
1431 1290 131 80 De
1496 1290 283 80 uoluntate
1713 1290 239 80 nocendi
1887 1290 152 80 non
1974 1290 152 80 est
2040 1290 131 80 quod

496 1357 257 75 quisquam
688 1357 257 75 dubitet.
881 1357 193 75 Dixit
1009 1357 171 75 enim
1116 1357 128 75 ad
1180 1357 171 75 suos
1287 1357 128 75 in
1351 1357 278 75 euangelio
1565 1357 257 75 dominus:
1758 1357 171 75 Ecce
1865 1357 257 75 sathanas
2036 1357 128 75 expe

499 1403 172 79 tiuit
614 1403 134 79 uos
690 1403 115 79 ut
747 1403 248 79 cribraret
938 1403 172 79 sicut
1053 1403 248 79 triticum.
1244 1403 115 79 Et
1301 1403 210 79 iterum,
1454 1403 229 79 Vigilate
1626 1403 96 79 &
1664 1403 172 79 orate
1779 1403 115 79 ne
1836 1403 229 79 intretis
2008 1403 115 79 in
2046 1403 115 79 ten-

494 1451 268 97 tationem.
700 1451 144 97 Sed
783 1451 103 97 &
824 1451 124 97 S.
886 1451 227 97 Petrus:
1051 1451 288 97 Obambulat,
1277 1451 227 97 inquit,
1442 1451 309 97 aduersarius
1689 1451 206 97 uester
1833 1451 227 97 tanquam
1998 1451 144 97 Ieo
2060 1451 103 97 ru-

498 1513 214 90 giens,
647 1513 256 90 quaerens
839 1513 171 90 quem
946 1513 256 90 deuoret,
1139 1513 278 90 Refragari
1352 1513 192 90 autem
1480 1513 192 90 illum
1609 1513 150 90 deo
1694 1513 107 90 &
1737 1513 256 90 perpetuo
1929 1513 214 90 studio
2057 1513 107 90 con

512 1571 282 72 tradicere,
733 1571 241 72 omnesque
914 1571 262 72 creaturas
1116 1571 121 72 in
1176 1571 161 72 eius
1277 1571 181 72 odium
1397 1571 101 72 &
1438 1571 262 72 despectum
1639 1571 262 72 excitare,
1840 1571 201 72 ubique
1961 1571 201 72 testatur

495 1622 309 86 scriptura.
738 1622 265 86 Primorum
936 1622 198 86 certe
1068 1622 265 86 parentum
1267 1622 287 86 nostrorum
1487 1622 221 86 animis
1642 1622 243 86 improbe
1818 1622 309 86 inspirabat
2039 1622 132 86 opi-

506 1692 203 60 nionem
648 1692 122 60 de
709 1692 142 60 deo
790 1692 183 60 longe
912 1692 366 60 indignissimam,
1216 1692 183 60 quasi
1338 1692 142 60 eis
1420 1692 305 60 felicitatem
1663 1692 223 60 maligne
1826 1692 284 60 inuideret.
2029 1692 142 60 Dice-

504 1737 150 80 bat
589 1737 172 80 enim
697 1737 150 80 per
782 1737 300 80 Serpentem:
1018 1737 193 80 Dixit
1147 1737 129 80 ne
1211 1737 172 80 deus
1318 1737 150 80 non
1404 1737 322 80 manducandum
1661 1737 172 80 esse
1769 1737 129 80 de
1833 1737 214 80 arbore
1983 1737 193 80 illa?
2090 1737 86 80 Et

501 1788 182 74 mox,
615 1788 341 74 Haudquaquam
888 1788 318 74 moriemini,
1138 1788 205 74 uerum
1274 1788 250 74 dominus
1456 1788 205 74 nouit
1593 1788 182 74 quod
1706 1788 136 74 eo
1774 1788 159 74 die
1865 1788 159 74 quo
1934 1788 227 74 ederitis

504 1847 118 74 ex
563 1847 176 74 ipsa,
681 1847 275 74 aperientur
897 1847 176 74 oculi
1014 1847 216 74 uestri,
1171 1847 255 74 eritisque
1367 1847 176 74 sicut
1485 1847 157 74 dij,
1583 1847 235 74 scientes
1759 1847 176 74 bonum
1877 1847 98 74 &
1916 1847 196 74 malum.
2053 1847 157 74 Qui

501 1918 152 64 bus
588 1918 368 64 fallacissimis
891 1918 217 64 uerbis
1043 1918 152 64 cum
1130 1918 303 64 crederent,
1368 1918 282 64 perierunt
1585 1918 195 64 ipsi,
1715 1918 108 64 &
1758 1918 195 64 totum
1888 1918 217 64 mundum
2018 1918 152 64 secum

499 1973 347 73 pertraxerunt
781 1973 130 73 in
846 1973 217 73 ruinam
998 1973 108 73 &
1041 1973 303 73 interitum.
1279 1973 152 73 Nec
1366 1973 195 73 hodie
1496 1973 217 73 quidem
1648 1973 238 73 desinit
1821 1973 303 73 calumniari
2060 1973 152 73 cum

501 2023 165 63 deum
605 2023 186 63 ipsum
728 2023 144 63 tum
811 2023 165 63 eius
914 2023 206 63 opera,
1059 2023 124 63 ut
1120 2023 227 63 pariter
1286 2023 186 63 secum
1409 2023 144 63 nos
1492 2023 248 63 abripiat
1678 2023 124 63 in
1740 2023 186 63 odium
1863 2023 165 63 dei,
1967 2023 124 63 in
2008 2023 165 63 diffi-

507 2082 238 65 dentiam
680 2082 130 65 ac
745 2082 367 65 desperationem
1047 2082 108 65 &
1090 2082 130 65 ad
1155 2082 281 65 interitum
1371 2082 345 65 sempiternum.
1652 2082 238 65 Inuidet
1825 2082 173 65 enim
1932 2082 194 65 nobis
2040 2082 130 65 salu

497 2124 167 87 tem,
601 2124 125 87 ad
664 2124 167 87 quam
768 2124 271 87 destinati
977 2124 188 87 sumus
1102 2124 146 87 per
1186 2124 271 87 Christum.
1395 2124 188 87 Verum
1520 2124 250 87 praestat
1708 2124 188 87 paulo
1833 2124 313 87 distinctius
2063 2124 104 87 hac

500 2187 132 76 de
566 2187 132 76 re
632 2187 221 76 loqui:
787 2187 199 76 Nocet
919 2187 265 76 sathanas
1118 2187 243 76 hominum
1294 2187 243 76 animis,
1471 2187 309 76 corporibus
1714 2187 110 76 &
1758 2187 375 76 facultatibus.
2045 2187 132 76 Ani-

498 2235 147 81 mos
582 2235 168 81 enim
687 2235 273 81 perpellit
896 2235 147 81 aut
980 2235 273 81 solicitat
1190 2235 126 81 ad
1253 2235 293 81 peccandum.
1483 2235 273 81 Praeterea
1693 2235 273 81 perturbat
1902 2235 210 81 mentes
2028 2235 147 81 homi-

501 2307 151 69 num
588 2307 195 69 inque
718 2307 238 69 furorem
891 2307 238 69 adigit,
1063 2307 151 69 mox
1150 2307 195 69 etiam
1280 2307 216 69 furore
1431 2307 346 69 tumultuantes
1712 2307 216 69 misere
1863 2307 238 69 diuexat
2015 2307 151 69 atque

506 2356 284 64 conficit.
725 2356 175 64 Inde
834 2356 197 64 legas
965 2356 240 64 medicos
1140 2356 240 64 aliquot
1315 2356 219 64 maniam
1468 2356 153 64 seu
1555 2356 240 64 furorem
1730 2356 284 64 appellare
1927 2356 240 64 daemonium

494 2416 224 59 malum.
651 2416 247 59 Corpora
830 2416 179 59 uero
942 2416 202 59 uarie
1077 2416 269 59 affligit
1279 2416 224 59 morbis
1436 2416 336 59 potissimum.
1705 2416 269 59 Exemplum
1907 2416 247 59 habemus
2064 2416 112 59 san

503 2459 293 78 ctissimum
729 2459 180 78 lob.
841 2459 135 78 In
909 2459 293 78 euangelio
1134 2459 270 78 secundum
1336 2459 203 78 Lucam
1471 2459 248 78 dicitur
1651 2459 270 78 mulierem
1854 2459 203 78 illam
1966 2459 203 78 contra-

505 2519 188 70 ctam,
630 2519 104 70 a
672 2519 229 70 sathana
839 2519 271 70 alligatam
1047 2519 208 70 fuisse
1193 2519 188 70 annis
1318 2519 188 70 decem
1443 2519 104 70 &
1485 2519 188 70 octo.
1610 2519 208 70 Rursus
1756 2519 125 70 in
1819 2519 271 70 euangelio
2006 2519 167 70 secun-

513 2579 161 78 dum
605 2579 230 78 Marcum
766 2579 253 78 legimus
949 2579 138 78 de
1018 2579 207 78 puero
1156 2579 253 78 habente
1340 2579 276 78 spiritum
1547 2579 230 78 mutum.
1708 2579 368 78 Quandocunque
1983 2579 184 78 corri-

515 2644 210 65 puerit,
668 2644 210 65 Iacerat
820 2644 153 65 eum,
916 2644 114 65 ac
973 2644 210 65 spumans
1126 2644 134 65 hic
1202 2644 210 65 stridet
1355 2644 229 65 dentibus
1526 2644 153 65 suis
1622 2644 95 65 &
1660 2644 229 65 arescit,
1832 2644 172 65 inque
1946 2644 191 65 terram
2061 2644 114 65 pro-

500 2683 208 71 lapsus
646 2683 332 71 prouoluitur.
916 2683 166 71 Idem
1020 2683 249 71 spiritus
1207 2683 166 71 ille
1310 2683 187 71 malus
1435 2683 166 71 opes
1539 2683 145 71 uel
1622 2683 291 71 facultates
1851 2683 249 71 terrenas
2017 2683 166 71 homini

499 2736 210 78 eripit,
651 2736 191 78 uastat
785 2736 114 78 ac
842 2736 210 78 minuit.
994 2736 114 78 Id
1052 2736 152 78 quod
1147 2736 191 78 iterum
1280 2736 191 78 claret
1414 2736 114 78 in
1471 2736 229 78 historia
1642 2736 152 78 lobi
1738 2736 95 78 &
1776 2736 267 78 euangelij.
1985 2736 133 78 lob
2062 2736 152 78 enim

498 2792 166 71 omni
602 2792 145 71 sua
685 2792 291 71 substantia
913 2792 249 71 exuitur,
1100 2792 145 71 sic
1183 2792 291 71 disponente
1411 2792 145 71 res
1494 2792 145 71 per
1577 2792 228 71 milites
1743 2792 104 71 &
1785 2792 270 71 praedones
1972 2792 208 71 sathana.

501 2852 177 84 Grex
612 2852 222 84 quoque
767 2852 266 84 porcorum
966 2852 266 84 immersus
1166 2852 222 84 paludi
1321 2852 111 84 &
1365 2852 332 84 suffocatus,
1631 2852 222 84 ingens
1786 2852 199 84 dedit
1897 2852 288 84 Gergesenis,

498 2907 240 93 damnum.
673 2907 196 93 Atqui
803 2907 218 93 raptus
956 2907 109 93 a
999 2907 305 93 daemonibus
1239 2907 153 93 per
1326 2907 261 93 praeceps
1522 2907 131 93 in
1588 2907 240 93 paludem
1762 2907 370 93 deuoluebatur.
2045 2907 131 93 Cae
