2288 3632
496 257 135 120 hic
573 257 154 120 fere
669 257 135 120 est
747 257 193 120 neruus
882 257 97 120 &
920 257 193 120 uirtus
1055 257 193 120 magiae
1191 257 135 120 uel
1268 257 347 120 incantationis,
1557 257 154 120 quae
1654 257 116 120 in
1712 257 251 120 fidelibus
1905 257 212 120 elumbis
2059 257 154 120 est,

567 344 233 85 Proinde
736 344 148 85 non
821 344 148 85 est
906 344 169 85 quod
1012 344 169 85 quis
1118 344 169 85 sibi
1224 344 212 85 misere
1372 344 212 85 metuat
1520 344 106 85 a
1563 344 254 85 diabolo.
1753 344 169 85 Quin
1859 344 212 85 potius
1986 344 191 85 dominum

495 389 272 95 exercituum
708 389 194 95 ipsum,
844 389 136 95 ait
922 389 214 95 lsaias,
1077 389 330 95 sanctificate,
1349 389 117 95 is
1407 389 136 95 sit
1485 389 175 95 timor
1601 389 194 95 uester
1737 389 97 95 &
1776 389 175 95 pauor
1893 389 214 95 uester.
2048 389 175 95 Aiunt

495 450 216 96 gentes
647 450 238 96 aliquot
820 450 303 96 orientales
1058 450 260 96 uenerari
1253 450 368 96 cacodaemonem,
1556 450 238 96 nimirum
1729 450 130 96 ne
1794 450 195 96 ipsis
1924 450 238 96 noceat.
2076 450 108 96 Sed

496 510 128 94 hi
560 510 149 94 cum
645 510 234 94 ratione
815 510 277 94 insaniunt
1028 510 256 94 prorsus.
1220 510 149 94 Deo
1305 510 170 94 enim
1411 510 256 94 nolente,
1603 510 170 94 quod
1710 510 170 94 modo
1816 510 213 94 dicere
1944 510 234 94 coeperam,

502 563 144 92 aut
585 563 144 92 non
667 563 268 92 annuente,
873 563 144 92 non
955 563 206 92 potest
1100 563 165 92 tibi
1203 563 206 92 sathan
1347 563 144 92 uel
1429 563 185 92 pilum
1553 563 288 92 attingere.
1779 563 144 92 Non
1862 563 165 92 enim
1964 563 206 92 potuit
2088 563 103 92 gre

498 619 171 98 gem
595 619 294 98 porcorum
816 619 220 98 prope
962 619 269 98 paludem
1158 619 318 98 Gadarenam
1403 619 196 98 apud
1525 619 269 98 Gadaram
1721 619 318 98 pascentem
1941 619 245 98 corripe-

493 682 136 83 re
561 682 113 83 &
606 682 249 83 perdere
787 682 181 83 nisi
900 682 271 83 permissu
1103 682 249 83 domini.
1284 682 158 83 Sed
1375 682 113 83 &
1420 682 136 83 S.
1488 682 316 83 Augustinus
1736 682 271 83 enarrans
1939 682 226 83 Psalm.
2075 682 113 83 32-

501 730 146 96 his
584 730 208 96 uerbis
730 730 271 96 historiam
939 730 146 96 lob
1022 730 250 96 adducit.
1209 730 167 96 Quid
1313 730 167 96 ipse
1417 730 271 96 diabolus?
1626 730 229 96 Nunquid
1792 730 187 96 ausus
1917 730 146 96 est
2001 730 146 96 uel
2063 730 125 96 uni-

506 787 150 89 cam
591 787 256 89 ouiculam
783 787 235 89 tollere
954 787 171 89 uiro
1061 787 214 89 sancto
1210 787 171 89 lob,
1317 787 171 89 nisi
1424 787 192 89 prius
1552 787 256 89 diceret:
1744 787 192 89 Mitte
1873 787 192 89 manum
2001 787 192 89 tuam,
2108 787 85 89 id

511 853 156 77 est,
608 853 117 77 da
666 853 292 77 potestatem:
899 853 156 77 llle
997 853 233 77 uolebat,
1172 853 136 77 sed
1250 853 156 77 deus
1347 853 136 77 non
1425 853 233 77 sinebat.
1600 853 194 77 Quando
1736 853 136 77 hic
1814 853 253 77 permisit,
2008 853 156 77 ille
2086 853 97 77 po-

506 899 153 105 tuit
601 899 95 105 :
639 899 134 105 non
716 899 153 105 ergo
811 899 153 105 ille
907 899 210 105 potuit,
1059 899 134 105 sed
1136 899 134 105 qui
1212 899 248 105 permisit.
1403 899 153 105 Ideo
1498 899 153 105 bene
1594 899 229 105 eruditus
1765 899 153 105 ipse
1861 899 153 105 lob,
1956 899 134 105 non
2032 899 134 105 ait
2090 899 95 105 si-

514 958 157 89 cut
603 958 179 89 modo
715 958 336 89 commemorare
984 958 269 89 solemus,
1185 958 246 89 Dominus
1364 958 201 89 dedit
1498 958 112 89 &
1543 958 269 89 diabolus
1744 958 291 89 abstulit:
1968 958 179 89 sed,
2058 958 134 89 Domi

508 1013 149 88 nus
593 1013 213 88 dedit,
742 1013 107 88 &
785 1013 234 88 dominus
955 1013 277 88 abstulit.
1168 1013 170 88 Haec
1275 1013 192 88 autem
1403 1013 128 88 in
1467 1013 362 88 tentationibus
1765 1013 149 88 non
1850 1013 320 88 mediocriter
2084 1013 107 88 con

511 1068 243 91 solantur
693 1068 183 91 pios,
815 1068 142 91 qui
896 1068 304 91 intelligunt
1139 1068 162 91 sibi
1241 1068 183 91 extra
1363 1068 142 91 dei
1444 1068 304 91 permisionem
1687 1068 183 91 nihil
1809 1068 223 91 euenire
1971 1068 203 91 posse:
2093 1068 101 91 nec

513 1122 187 88 illum
638 1122 250 88 quicquam
825 1122 167 88 nisi
929 1122 167 88 quod
1034 1122 125 88 ad
1096 1122 333 88 emendationem
1367 1122 104 88 &
1408 1122 229 88 salutem
1575 1122 250 88 conferat
1762 1122 312 88 permittere,
2012 1122 229 88 ideoque

512 1177 128 96 se
576 1177 213 96 semper
725 1177 128 96 in
789 1177 213 96 diuina
938 1177 299 96 conseruari
1173 1177 320 96 prouidentia
1429 1177 427 96 beneuolentiaque.
1792 1177 149 96 Nam
1877 1177 192 96 omnia
2005 1177 171 96 quae
2090 1177 107 96 ha-

517 1244 217 80 ctenus
669 1244 130 80 de
734 1244 282 80 potestate
951 1244 108 80 &
994 1244 368 80 operationibus
1297 1244 260 80 daemonum
1492 1244 195 80 dicta
1622 1244 195 80 sunt,
1752 1244 152 80 non
1839 1244 152 80 huc
1925 1244 282 80 pertinent
2120 1244 87 80 ut

507 1299 141 75 nos
587 1299 302 75 deiinciant,
829 1299 141 75 sed
909 1299 121 75 ut
970 1299 342 75 uigilantiores
1251 1299 241 75 reddant.
1432 1299 241 75 Vigilare
1614 1299 201 75 iussit
1754 1299 141 75 nos
1835 1299 241 75 dominus,
2016 1299 141 75 qui
2076 1299 121 75 demo

524 1342 150 91 nem
609 1342 214 91 uicit,
759 1342 107 91 &
802 1342 257 91 uincendi
995 1342 257 91 rationem
1188 1342 279 91 tradidit.
1402 1342 171 91 Ideo
1509 1342 171 91 enim
1616 1342 150 91 cum
1702 1342 236 91 sathana
1874 1342 300 91 congressus
2088 1342 107 91 est

521 1400 216 87 semel,
673 1400 238 87 iterum,
846 1400 108 87 &
889 1400 238 87 tertio,
1062 1400 130 87 ut
1127 1400 151 87 nos
1214 1400 303 87 instrueret
1452 1400 238 87 quomodo
1625 1400 303 87 pugnaremus
1863 1400 216 87 contra
2014 1400 216 87 hostem

514 1459 213 88 humani
663 1459 256 88 generis.
855 1459 192 88 Vicit
982 1459 170 88 hunc
1089 1459 213 88 nobis.
1238 1459 128 88 ne
1302 1459 341 88 diffideremus
1579 1459 149 88 iam
1664 1459 234 88 fractum
1835 1459 107 88 a
1877 1459 192 88 nobis
1984 1459 213 88 superari

520 1524 191 85 posse
647 1524 276 85 facilius.
859 1524 255 85 Vincemus
1051 1524 318 85 proculdubio
1305 1524 149 85 per
1390 1524 212 85 fidem.
1539 1524 170 85 Fide
1645 1524 170 85 enim
1751 1524 234 85 Christo
1921 1524 318 85 concctimur,

523 1580 106 72 &
565 1580 169 72 fide
671 1580 253 72 spiritum
861 1580 232 72 Christi
1030 1580 275 72 haurimus,
1241 1580 190 72 cuius
1368 1580 232 72 uirtute
1536 1580 380 72 triumphabimus.
1853 1580 190 72 Certe
1980 1580 211 72 Petrus
2107 1580 84 72 ea

513 1637 121 67 de
573 1637 202 67 caussa
715 1637 202 67 iussit
857 1637 142 67 nos
937 1637 162 67 fide
1038 1637 283 67 resistere.
1261 1637 222 67 Sanctus
1423 1637 202 67 Paulus
1564 1637 121 67 ad
1625 1637 162 67 hanc
1726 1637 202 67 pugnam
1867 1637 142 67 nos
1948 1637 283 67 adhortans,

526 1692 129 75 ac
590 1692 258 75 panoplia
783 1692 408 75 praestantissima
1127 1692 150 75 nos
1212 1692 258 75 muniens,
1406 1692 215 75 dicit:
1556 1692 258 75 Assumite
1749 1692 279 75 uniuersam
1964 1692 279 75 armaturam

521 1738 157 84 dei,
619 1738 117 84 ut
678 1738 235 84 possitis
854 1738 254 84 resistere
1050 1738 117 84 in
1109 1738 137 84 die
1187 1738 176 84 malo,
1304 1738 98 84 &
1344 1738 215 84 omnibus
1500 1738 235 84 peractis
1676 1738 196 84 stare.
1813 1738 176 84 State
1931 1738 196 84 igitur
2048 1738 157 84 lumbis

527 1793 337 83 circuncinctis
805 1793 139 83 per
884 1793 278 83 ueritatem,
1103 1793 99 83 &
1142 1793 198 83 induti
1281 1793 238 83 thoracem
1460 1793 278 83 iustitiae,
1678 1793 99 83 &
1718 1793 238 83 calceati
1896 1793 218 83 pedibus
2055 1793 119 83 ut
2095 1793 99 83 pa-

520 1850 164 84 rati
623 1850 185 84 sitis
746 1850 123 84 ad
808 1850 287 84 euangelium
1033 1850 205 84 pacis.
1177 1850 185 84 Super
1300 1850 185 84 omnia
1423 1850 246 84 assumpto
1608 1850 185 84 scuto
1731 1850 205 84 fidei,
1875 1850 144 84 quo
1957 1850 226 84 possits
2100 1850 103 84 om-

531 1911 133 83 nia
607 1911 190 83 iacula
740 1911 152 83 mali
835 1911 190 83 illius
968 1911 190 83 ignita
1101 1911 285 83 extinguere:
1329 1911 266 83 galeantque
1538 1911 247 83 salutaris
1728 1911 247 83 accipite,
1918 1911 95 83 &
1956 1911 209 83 gladium
2089 1911 114 83 spi-

525 1957 194 92 ritus
655 1957 151 92 qui
741 1957 151 92 est
828 1957 216 92 uerbum
979 1957 173 92 dei,
1087 1957 130 92 in
1151 1957 173 92 omni
1259 1957 345 92 deprecatione
1540 1957 108 92 &
1583 1957 345 92 obsecratione
1864 1957 237 92 orantes
2036 1957 130 92 in
2079 1957 130 92 omni

533 2030 247 85 tempore,
719 2030 123 85 in
780 2030 247 85 spiritu,
965 2030 144 85 &c.
1048 2030 206 85 Quibus
1191 2030 103 85 &
1233 2030 185 85 illud
1356 2030 226 85 accedit
1520 2030 185 85 quod,
1644 2030 185 85 eodem
1767 2030 247 85 apostolo
1952 2030 206 85 teste,
2076 2030 123 85 deus

532 2074 139 87 non
612 2074 179 87 sinit
731 2074 139 87 nos
810 2074 218 87 tentari
969 2074 179 87 supra
1088 2074 119 87 id
1148 2074 159 87 quod
1247 2074 179 87 ferre
1366 2074 258 87 possumus,
1565 2074 238 87 simulque
1743 2074 338 87 tentationibus
2021 2074 218 87 felicem

527 2133 261 90 concedit
723 2133 239 90 exitum.
897 2133 174 90 Hunc
1006 2133 218 90 igitur
1158 2133 174 90 deum
1267 2133 326 90 reuereamur,
1528 2133 174 90 hunc
1637 2133 239 90 oremus,
1811 2133 131 90 ut
1876 2133 218 90 ipsius
2006 2133 196 90 uirtute

513 2201 371 83 uincamus.
769 2201 171 83 Amen

766 2302 93 89 De
812 2302 139 89 anima
904 2302 170 89 hominis
1028 2302 216 89 rationali,
1197 2302 93 89 ex
1244 2302 216 89 certissima
1413 2302 123 89 eius
1490 2302 123 89 post
1567 2302 154 89 mortem
1675 2302 200 89 corpoream
1814 2302 139 89 salute,

1100 2362 488 95 SERMO
1371 2362 217 95 X.

725 2472 364 71 OGNATIONEM
1011 2472 182 71 cum
1115 2472 364 71 spiritibus
1401 2472 260 71 habere
1584 2472 260 71 animam
1766 2472 286 71 hominis
1948 2472 260 71 rationa-

723 2532 143 63 lem
804 2532 245 63 fatentur
988 2532 204 63 omnes.
1130 2532 184 63 neque
1253 2532 163 63 est,
1355 2532 224 63 opinor,
1518 2532 265 63 sapientum
1722 2532 184 63 ullus
1844 2532 143 63 qui
1926 2532 184 63 neget
2028 2532 184 63 saluber

733 2579 194 80 rimam
863 2579 108 80 &
906 2579 237 80 omnibus
1079 2579 173 80 pijs
1186 2579 324 80 necessariam
1445 2579 173 80 esse
1553 2579 324 80 cognitionem
1812 2579 302 80 rationalis
2027 2579 173 80 animae

672 2642 123 70 aa
733 2642 245 70 hominis,
917 2642 123 70 de
978 2642 143 70 qua
1060 2642 143 70 tam
1141 2642 184 70 multa
1264 2642 102 70 &
1305 2642 286 70 diligenter
1529 2642 265 70 praecipit
1733 2642 265 70 scriptura
1938 2642 225 70 sancta.
2080 2642 123 70 Pro-

530 2688 159 94 inde
630 2688 159 94 ordo
729 2688 199 94 rerum,
868 2688 239 94 utilitas
1048 2688 179 94 atque
1167 2688 159 94 ipsa
1267 2688 279 94 necessitas
1485 2688 259 94 requirit,
1685 2688 119 94 ut
1744 2688 179 94 etiam
1864 2688 119 94 de
1923 2688 179 94 anima
2023 2688 179 94 hominis

532 2745 270 83 rationali
740 2745 208 83 dicam.
885 2745 208 83 Sequar
1031 2745 187 83 autem
1155 2745 291 83 scripturae
1384 2745 229 83 eiusque
1550 2745 312 83 interpretum
1799 2745 374 83 simplicitatem,
2090 2745 125 83 phy-

528 2800 166 86 sica
632 2800 187 86 illis
757 2800 291 86 explicanda
985 2800 312 86 relinquens,
1235 2800 208 86 quorum
1380 2800 249 86 officium
1567 2800 104 86 &
1609 2800 270 86 professio
1816 2800 166 86 est,
1920 2800 166 86 nisi
2003 2800 208 86 quatenus

528 2856 251 95 physicis
716 2856 125 95 in
779 2856 209 95 nostra
925 2856 334 95 disputatione
1197 2856 209 95 carere
1343 2856 146 95 non
1427 2856 272 95 possumus,
1636 2856 272 95 Scriptura
1845 2856 209 95 sancta
1991 2856 105 95 &
2033 2856 167 95 eius
2117 2856 105 95 in-

530 2911 280 112 terpretes
746 2911 129 112 de
811 2911 194 112 anima
940 2911 237 112 hominis
1113 2911 151 112 nec
1199 2911 259 112 curiosas
1393 2911 323 112 quaestiones
1651 2911 216 112 mouent
1802 2911 151 112 nec
1889 2911 259 112 curiosis
2061 2911 151 112 homi
