2288 3632
469 253 192 76 autem
597 253 149 76 est
682 253 278 76 scabellum
896 253 192 76 pedum
1024 253 235 76 meorum:
1195 253 235 76 attamen
1365 253 171 76 quia
1472 253 214 76 maxime
1622 253 278 76 elucescit
1835 253 128 76 in
1899 253 192 76 coelo
2006 253 128 76 glo-

475 302 135 74 ria
552 302 154 74 dei,
648 302 96 74 &
687 302 116 74 in
745 302 193 74 coelis
880 302 116 74 se
938 302 154 74 suis
1034 302 232 74 uisendum
1208 302 289 74 fruendumque
1439 302 212 74 prebet,
1594 302 174 74 iuxta
1710 302 193 74 illud,
1845 302 251 74 Videbimus
2038 302 135 74 eum

473 365 201 71 sicuti
614 365 161 71 est.
714 365 181 71 Item,
835 365 161 71 Nemo
935 365 221 71 uidebit
1096 365 141 71 me,
1176 365 141 71 ait
1257 365 241 71 dominus,
1438 365 100 71 &
1478 365 201 71 uiuet,
1618 365 221 71 dicitur
1779 365 201 71 coelos
1900 365 241 71 inhabitare

469 415 194 82 deus.
599 415 151 82 Sed
685 415 108 82 &
728 415 259 82 Christus
923 415 237 82 dominus
1095 415 194 82 iuxta
1225 415 324 82 diuinitatem
1484 415 194 82 nullo
1613 415 324 82 concluditur
1872 415 194 82 loco:
1980 415 151 82 iuxta

473 470 279 75 assumptam
687 470 236 75 humanam
859 470 236 75 naturam
1031 470 172 75 quam
1139 470 193 75 uexit
1268 470 129 75 ad
1332 470 236 75 coelos,
1504 470 172 75 loco
1611 470 193 75 coeli
1740 470 193 75 certo
1848 470 279 75 continetur,

469 526 132 72 nec
545 526 132 72 est
620 526 208 72 interea
771 526 113 72 in
828 526 189 72 terris
960 526 132 72 aut
1036 526 189 72 ubique
1168 526 208 72 locorum
1319 526 321 72 corporaliter,
1583 526 132 72 sed
1659 526 246 72 seiunctus
1848 526 94 72 a
1885 526 170 72 nobis
1980 526 151 72 corpo-

475 599 122 59 re
536 599 243 59 uersatur
718 599 122 59 in
779 599 223 59 coelis.
941 599 243 59 Ascendit
1123 599 162 59 enim
1224 599 142 59 qui
1305 599 263 59 inferiora
1508 599 284 59 relinquens
1731 599 122 59 ad
1792 599 263 59 superiora
1974 599 162 59 conten

481 654 157 60 dit.
580 654 236 60 Christus
757 654 157 60 ergo
855 654 236 60 relictis
1032 654 197 60 terris
1170 654 177 60 supra
1288 654 177 60 omnes
1406 654 197 60 coelos
1544 654 177 60 sedem
1662 654 216 60 corpori
1819 654 138 60 suo
1878 654 256 60 collocauit:

473 705 151 66 non
560 705 172 66 quod
667 705 215 66 elatus
818 705 151 66 sit
904 705 194 66 extra
1033 705 194 66 omnes
1162 705 237 66 coelos,
1334 705 151 66 sed
1420 705 172 66 quod
1528 705 194 66 supra
1657 705 194 66 omnes
1786 705 194 66 orbes
1893 705 237 66 ascendens

479 766 126 62 in
542 766 189 62 ipsum
668 766 231 62 extimum
835 766 189 62 atque
961 766 252 62 supremum
1150 766 231 62 coelum,
1318 766 126 62 in
1380 766 189 62 sedem
1506 766 210 62 inquam
1653 766 252 62 beatorum
1842 766 147 62 sit
1904 766 231 62 receptus.

465 805 212 74 Paulus
613 805 169 74 enim
719 805 275 74 apostolus
931 805 445 74 significantissime
1312 805 254 74 loquens,
1503 805 212 74 Nostra
1651 805 339 74 conuersatio,
1926 805 212 74 inquit
2053 805 85 74 in

476 862 221 86 coelis
631 862 177 86 est,
741 862 133 86 ex
808 862 155 86 quo
896 862 111 86 &
940 862 310 86 seruatorem
1184 862 332 86 expectamus,
1449 862 155 86 &c.
1538 862 199 86 Eodem
1670 862 177 86 modo
1781 862 111 86 &
1825 862 199 86 Lucas
1936 862 199 86 euange-

480 920 168 69 lista
592 920 187 69 dicit,
723 920 112 69 Et
779 920 131 69 cum
854 920 280 69 benediceret
1078 920 149 69 eis,
1171 920 224 69 recessit
1339 920 112 69 ab
1395 920 149 69 eis,
1488 920 112 69 ac
1544 920 243 69 ferebatur
1731 920 112 69 in
1768 920 168 69 coelum.

559 964 150 87 Sed
644 964 171 87 quid
751 964 214 87 multis
901 964 278 87 exponimus
1115 964 171 87 quod
1222 964 128 87 in
1287 964 171 87 ipso
1394 964 236 87 symbolo
1565 964 150 87 per
1651 964 343 87 consequentia
1907 964 236 87 clarissi-

456 1031 101 73 s
496 1031 121 73 me
557 1031 323 73 illustratur?
819 1031 242 73 Sequitur
1001 1031 182 73 enim,
1122 1031 182 73 Sedet
1243 1031 121 73 ad
1304 1031 242 73 dexteram
1486 1031 141 73 dei
1567 1031 202 73 patris
1708 1031 343 73 omnipetentis.
1991 1031 121 73 Ex
2031 1031 101 73 his

475 1091 164 71 enim
578 1091 328 71 intelligimus
845 1091 205 71 qualis
989 1091 185 71 locus
1112 1091 144 71 sit
1194 1091 226 71 coelum,
1358 1091 103 71 &
1399 1091 164 71 quid
1502 1091 123 71 in
1563 1091 205 71 coelis
1707 1091 164 71 agat
1810 1091 226 71 dominus
1953 1091 185 71 noster.

486 1147 141 70 Non
566 1147 141 70 est
647 1147 202 70 quidem
788 1147 222 70 nostrae
950 1147 323 70 fragilitatis
1212 1147 242 70 coelorum
1393 1147 222 70 secreta
1554 1147 202 70 rimari
1695 1147 101 70 &
1736 1147 282 70 discutere,
1958 1147 222 70 interim

474 1199 141 75 non
554 1199 201 75 impium
695 1199 141 75 est
775 1199 181 75 illud
896 1199 161 75 quod
996 1199 281 75 scripturis
1218 1199 181 75 nobis
1338 1199 241 75 traditur
1519 1199 281 75 inquirere,
1740 1199 100 75 &
1780 1199 141 75 ita
1861 1199 121 75 ut
1921 1199 181 75 nobis
2021 1199 121 75 tra-

483 1257 180 69 ditum
603 1257 140 69 est
683 1257 260 69 fideliter
883 1257 220 69 tenere.
1043 1257 300 69 Simpliciter
1283 1257 220 69 dicitur
1442 1257 220 69 dominus
1602 1257 200 69 noster
1742 1257 220 69 sedere,
1902 1257 100 69 &
1942 1257 120 69 ad
1982 1257 160 69 dexte-

479 1309 150 84 ram
564 1309 214 84 quidem
714 1309 214 84 patris
864 1309 343 84 omnipotentis
1143 1309 236 84 sedere.
1315 1309 279 84 Quaeramus
1529 1309 171 84 ergo
1636 1309 129 84 ex
1700 1309 300 84 scripturae
1915 1309 214 84 testimo-

466 1373 157 68 nijs
564 1373 157 68 quid
662 1373 137 68 sit
740 1373 215 68 Dextera
897 1373 215 68 patris,
1054 1373 98 68 &
1093 1373 157 68 quid
1191 1373 137 68 sit
1269 1373 196 68 sedere
1406 1373 117 68 in
1465 1373 215 68 dextera
1602 1373 176 68 patris.

556 1421 233 72 Dextera
725 1421 148 72 Dei
810 1421 212 72 patris
959 1421 127 72 in
1022 1421 276 72 scriptura
1234 1421 254 72 duplicem
1425 1421 191 72 habet
1552 1421 424 72 significationem.
1892 1421 233 72 Principio

480 1483 218 70 dextera
639 1483 139 70 dei
718 1483 139 70 est
798 1483 179 70 locus
917 1483 238 70 beatorum
1095 1483 99 70 &
1135 1483 278 70 foelicitas
1353 1483 218 70 aeterna
1512 1483 119 70 in
1571 1483 218 70 coelis.
1730 1483 119 70 Id
1790 1483 159 70 quod
1889 1483 159 70 ante
1988 1483 139 70 nos
2048 1483 79 70 ob

474 1535 240 67 seruauit
654 1535 200 67 beatus
794 1535 300 67 Augustinus,
1033 1535 140 67 qui
1113 1535 120 67 in
1173 1535 180 67 libro
1293 1535 120 67 de
1353 1535 180 67 Agone
1473 1535 280 67 Christiano
1693 1535 160 67 cap.
1792 1535 140 67 26.
1872 1535 140 67 sic
1932 1535 200 67 reliquit

474 1584 258 73 scriptum,
672 1584 218 73 Dextera
831 1584 198 73 patris
970 1584 139 73 est
1049 1584 258 73 beatitudo
1248 1584 238 73 perpetua
1426 1584 159 73 quae
1525 1584 218 73 sanctis
1684 1584 178 73 datur
1803 1584 99 73 :
1843 1584 178 73 sicut
1942 1584 198 73 Sinistra

476 1662 284 62 rectissime
699 1662 223 62 dicitur
861 1662 223 62 miseria
1023 1662 243 62 perpetua
1205 1662 162 62 quae
1306 1662 203 62 impijs
1448 1662 203 62 datur:
1590 1662 122 62 ut
1651 1662 142 62 non
1732 1662 122 62 in
1793 1662 162 62 ipso
1894 1662 162 62 deo,
1995 1662 142 62 sed
2056 1662 81 62 in

471 1697 269 72 creaturis
678 1697 145 72 hoc
761 1697 165 72 modo
864 1697 145 72 quo
947 1697 227 72 diximus
1112 1697 331 72 intelligatur
1381 1697 227 72 dextera
1546 1697 124 72 et
1608 1697 269 72 sinistra.
1815 1697 145 72 Hoc
1898 1697 186 72 autem
2001 1697 145 72 dixit

474 1753 223 81 beatus
630 1753 312 81 Augustinus
875 1753 267 81 secundum
1075 1753 334 81 scripturas.
1342 1753 200 81 Dauid
1476 1753 178 81 enim
1587 1753 223 81 canit,
1743 1753 200 81 Notam
1877 1753 178 81 mihi
1966 1753 178 81 facies

469 1812 223 62 semitam
631 1812 203 62 uitae,
773 1812 243 62 satietas
955 1812 263 62 gaudiorum
1158 1812 122 62 in
1218 1812 263 62 conspectu
1421 1812 142 62 tuo
1502 1812 162 62 est,
1603 1812 101 62 &
1644 1812 324 62 iucunditates
1907 1812 122 62 in
1948 1812 182 62 dextera

475 1886 144 57 tua
558 1886 123 57 in
619 1886 287 57 perpetuum.
845 1886 144 57 Hoc
927 1886 164 57 quid
1030 1886 185 57 aliud
1153 1886 164 57 est,
1255 1886 164 57 quam
1358 1886 123 57 si
1420 1886 267 57 dixisset?
1625 1886 246 57 Perduces
1810 1886 123 57 me
1871 1886 123 57 ad
1933 1886 205 57 uitam,
2056 1886 82 57 in

471 1933 189 69 ipsos
597 1933 210 69 inquam
744 1933 231 69 coelos,
913 1933 147 69 ubi
997 1933 252 69 satiabor
1186 1933 252 69 gaudijs,
1375 1933 231 69 nimirum
1543 1933 126 69 te
1606 1933 315 69 inspiciendo
1859 1933 105 69 &
1901 1933 126 69 ee
1943 1933 189 69 contem-

473 1994 203 56 plando
615 1994 183 56 atque
736 1994 243 56 fruendo.
919 1994 122 56 In
980 1994 223 56 dextera
1142 1994 142 56 tua
1223 1994 122 56 in
1284 1994 223 56 aeterna
1446 1994 304 56 beatitudine
1690 1994 162 56 sunt
1791 1994 203 56 gaudia
1913 1994 223 56 perpetua.

479 2033 123 69 Et
540 2033 123 69 in
601 2033 266 69 euangelio
806 2033 225 69 legimus
970 2033 164 69 oues
1073 2033 123 69 ad
1134 2033 266 69 dexteram,
1339 2033 205 69 hoedos
1482 2033 266 69 collocari
1687 2033 102 69 a
1728 2033 205 69 iudice
1872 2033 123 69 in
1913 2033 225 69 sinistra.

473 2084 187 68 luxta
598 2084 166 68 hanc
701 2084 394 68 significationem
1033 2084 270 68 dexterae.
1241 2084 207 68 Sedere
1386 2084 290 68 significat
1614 2084 270 68 quiescere
1822 2084 124 68 ab
1884 2084 228 68 omnibus
2029 2084 104 68 la-

486 2143 205 78 borib.
629 2143 102 78 &
670 2143 287 78 tranquille
895 2143 246 78 beateque
1080 2143 225 78 uiuere.
1244 2143 287 78 Notissimum
1469 2143 143 78 est
1551 2143 164 78 enim
1654 2143 184 78 illud
1777 2143 328 78 propheticum,
2023 2143 102 78 Se-

480 2198 182 65 debit
601 2198 142 65 uir
682 2198 142 65 sub
763 2198 162 65 uite
865 2198 162 65 sua,
966 2198 142 65 pro
1047 2198 122 65 eo
1108 2198 162 65 quod
1209 2198 142 65 est
1290 2198 223 65 pacata,
1452 2198 203 65 secura
1594 2198 101 65 &
1635 2198 284 65 tranquilla
1858 2198 182 65 erunt
1959 2198 162 65 omnia.

467 2253 201 70 Dextra
607 2253 201 70 itaque
748 2253 201 70 patris
888 2253 140 70 hac
968 2253 361 70 significatione
1269 2253 201 70 finita
1410 2253 160 70 est:
1510 2253 100 70 &
1550 2253 140 70 cum
1630 2253 281 70 consitemur
1851 2253 201 70 sedere
1972 2253 160 70 filium

471 2322 137 61 in
540 2322 228 61 dextra
699 2322 228 61 patris
858 2322 387 61 omnipotentis,
1177 2322 319 61 confitemur
1427 2322 250 61 dominum
1609 2322 250 61 nostrum
1792 2322 296 61 liberatum
1996 2322 137 61 omni

465 2377 277 62 molestia
672 2377 115 62 &
719 2377 346 62 infirmitate
995 2377 231 62 humana
1157 2377 277 62 secundum
1364 2377 254 62 humanam
1549 2377 254 62 naturam
1733 2377 300 62 quiescere
1964 2377 161 62 iam
2056 2377 115 62 &

474 2433 221 67 laetari
635 2433 121 67 in
695 2433 181 67 certo
816 2433 181 67 coeli
936 2433 181 67 loco,
1057 2433 141 67 ubi
1138 2433 101 67 &
1178 2433 201 67 animas
1319 2433 101 67 &
1359 2433 221 67 corpora
1520 2433 201 67 nostra
1660 2433 241 67 credimus
1841 2433 241 67 aeternum
2022 2433 101 67 &
2043 2433 80 67 fu

466 2484 171 66 tura
572 2484 107 66 &
615 2484 256 66 uictura.
807 2484 149 66 Nam
892 2484 128 66 in
956 2484 277 66 euangelio
1170 2484 171 66 ipse
1276 2484 235 66 dominus
1447 2484 256 66 testatur
1639 2484 128 66 in
1703 2484 171 66 domo
1810 2484 213 66 patris
1959 2484 149 66 sui
2023 2484 107 66 man

472 2536 206 71 siones
616 2536 165 71 esse
719 2536 226 71 multas,
884 2536 123 71 ad
946 2536 165 71 quas
1049 2536 247 71 parandas
1234 2536 123 71 ut
1296 2536 103 71 &
1337 2536 185 71 ipsis
1460 2536 185 71 locus
1584 2536 144 71 sit
1666 2536 206 71 abeat,
1810 2536 103 71 &
1851 2536 247 71 quanquam
2016 2536 103 71 ab-

471 2595 173 68 eat,
579 2595 281 68 rediturum
795 2595 194 68 tamen
925 2595 130 68 ad
990 2595 194 68 ipsos
1119 2595 108 68 &
1162 2595 324 68 assumpturum
1421 2595 194 68 ipsos
1551 2595 130 68 ad
1616 2595 324 68 semetipsum,
1875 2595 130 68 ut
1940 2595 151 68 ubi
2004 2595 130 68 ipse

473 2646 160 65 sit,
573 2646 140 65 ibi
653 2646 140 65 aut
733 2646 180 65 eodem
852 2646 120 65 in
912 2646 160 65 loco
1012 2646 200 65 futuri
1152 2646 160 65 sint
1252 2646 100 65 &
1292 2646 180 65 illi.
1411 2646 220 65 Proinde
1571 2646 240 65 credimus
1751 2646 240 65 Christum
1910 2646 220 65 quiescere

475 2709 120 58 in
535 2709 221 58 coelis,
696 2709 141 58 ubi
776 2709 181 58 nobis
896 2709 201 58 quoque
1037 2709 181 58 locum
1157 2709 361 58 paruitquietis,
1459 2709 120 58 in
1519 2709 141 58 quo
1599 2709 241 58 aeternum
1780 2709 120 58 in
1840 2709 201 58 gaudio
1960 2709 161 58 futuri

464 2758 205 68 simus.
607 2758 123 68 Et
668 2758 164 68 quia
770 2758 225 68 corpora
934 2758 205 68 nostra
1077 2758 123 68 in
1139 2758 307 68 beatitudine
1384 2758 143 68 non
1466 2758 164 68 sunt
1569 2758 205 68 ubique
1712 2758 225 68 futura,
1875 2758 143 68 sed
1957 2758 123 68 in
1998 2758 123 68 loco

462 2818 216 65 certo,
614 2818 173 65 ideo
722 2818 195 65 recte
852 2818 195 65 dixit
982 2818 216 65 beatus
1133 2818 303 65 Augustinus
1371 2818 260 65 Christum
1566 2818 238 65 dominum
1739 2818 195 65 iuxta
1868 2818 173 65 ueri
1955 2818 173 65 corpo-

458 2885 152 71 ris
545 2885 195 71 modum
675 2885 130 71 in
740 2885 152 71 uno
827 2885 217 71 aliquo
979 2885 174 71 loco
1088 2885 195 71 coeli
1218 2885 195 71 esse.
1348 2885 130 71 Et
1413 2885 130 71 S.
1478 2885 304 71 Cyprianus,
1717 2885 217 71 Sedere
1869 2885 130 71 ad
1934 2885 239 71 dextram
