2288 3632
507 294 228 122 Extant
667 294 182 122 enim
781 294 342 122 amplissimae
1054 294 160 122 dei
1145 294 365 122 promisiones.
1442 294 228 122 Extant
1601 294 274 122 multorum
1806 294 296 122 sanctorum
2012 294 182 122 morien

516 376 173 94 tium
625 376 108 94 &
668 376 325 94 inuocantium
928 376 260 94 exempla.
1123 376 238 94 Constat
1296 376 282 94 praeterea
1513 376 130 94 ex
1578 376 152 94 his
1665 376 173 94 quae
1773 376 152 94 iam
1860 376 303 94 attulimus,
2077 376 108 94 per

514 429 230 88 Christi
681 429 209 88 mortem
828 429 188 88 plene
953 429 230 88 expiata
1121 429 167 88 esse
1225 429 251 88 peccata:
1414 429 126 88 ut
1477 429 146 88 iam
1560 429 188 88 nihil
1686 429 230 88 amplius
1853 429 314 88 relinquatur
2083 429 105 88 pur

521 491 236 98 gatorio
692 491 171 98 igni
799 491 343 98 expurgandum.
1077 491 236 98 Euolant
1249 491 214 98 animae
1399 491 193 98 recta
1527 491 107 98 a
1570 491 193 98 morte
1698 491 257 98 corporea
1891 491 128 98 in
1955 491 236 98 coelum,
2105 491 86 98 ni

519 544 143 99 hil
600 544 184 99 secum
723 544 286 99 auferentes
947 544 327 99 expurgatione
1212 544 224 99 dignum.
1376 544 163 99 Ergo
1478 544 184 99 ignis
1600 544 163 99 ille
1702 544 306 99 purgatorius
1947 544 184 99 nihil
2049 544 143 99 aliud

527 609 149 87 est
612 609 235 87 reuera,
783 609 171 87 quam
889 609 363 87 auarissimorum
1188 609 235 87 hominum
1358 609 320 87 negotiatio,
1614 609 149 87 qua
1700 609 277 87 loquulos,
1913 609 149 87 non
1998 609 235 87 animas,

523 679 268 88 pauperum
724 679 112 88 &
768 679 246 88 diuitum
947 679 335 88 artificiose
1193 679 268 88 expurgant.

608 724 118 81 Hi
667 724 158 81 ipsi
766 724 197 81 ruenti
904 724 276 81 structurae
1121 724 335 81 purgatorianae
1398 724 237 81 protinus
1575 724 276 81 subijciunt
1792 724 197 81 fulcra
1930 724 158 81 duo.
2029 724 197 81 Prius,

537 766 252 92 Veteres,
726 766 273 92 inquiunt,
935 766 231 92 orarunt
1103 766 147 92 pro
1187 766 210 92 salute
1334 766 252 92 animarum
1522 766 105 92 a
1564 766 231 92 corpore
1732 766 335 92 separatarum,
2004 766 147 92 est
2067 766 126 92 ergo

528 820 350 112 purgatorium.
812 820 153 112 Nam
900 820 153 112 cum
987 820 131 112 in
1053 820 219 112 coelis
1206 820 153 112 non
1293 820 175 112 opus
1403 820 241 112 habeant
1578 820 284 112 precibus,
1796 820 131 112 in
1862 820 241 112 inferno
2015 820 175 112 preces

520 891 177 84 nihil
639 891 237 84 prosint,
816 891 138 84 cum
895 891 118 84 ex
954 891 217 84 inferis
1112 891 177 84 nulla
1230 891 138 84 sit
1309 891 256 84 redemptio
1506 891 99 84 :
1545 891 296 84 relinquitur
1782 891 177 84 certe
1900 891 177 84 locus
2019 891 217 84 medius,

523 938 127 97 in
586 938 148 97 quo
671 938 317 97 retineantur
924 938 232 97 animae,
1093 938 211 97 quibus
1241 938 232 97 prosunt
1410 938 275 97 orationes
1621 938 296 97 uiuentium,
1853 938 127 97 is
1917 938 148 97 est
1980 938 211 97 purgato-

521 998 181 90 rium.
642 998 141 90 Sic
722 998 161 90 illi
823 998 201 90 quidem
964 998 363 90 argumentantur,
1266 998 141 90 sed
1347 998 121 90 ex
1407 998 222 90 seipsis
1568 998 161 90 sine
1669 998 302 90 authoritate
1911 998 322 90 scripturarum

525 1056 324 82 confingentes
788 1056 202 82 omnia.
929 1056 182 82 Verum
1051 1056 162 82 sane
1152 1056 182 82 illud
1273 1056 142 82 est
1354 1056 162 82 quod
1456 1056 182 82 aiunt
1577 1056 223 82 ueteres
1739 1056 202 82 orasse
1880 1056 142 82 pro
1941 1056 243 82 defunctis.

536 1100 166 95 Scio
640 1100 166 95 quid
744 1100 207 95 doctor
889 1100 270 95 ecclesiae
1096 1100 249 95 insignis
1283 1100 311 95 Augustinus,
1532 1100 166 95 quid
1636 1100 394 95 eloquentissimus
1947 1100 249 95 Chrysosto-

535 1167 132 81 mus
611 1167 208 81 alijque
762 1167 151 81 uiri
856 1167 208 81 uetusti
1007 1167 113 81 ac
1064 1167 170 81 clari
1177 1167 132 81 hac
1252 1167 113 81 de
1309 1167 113 81 re
1366 1167 226 81 scriptum
1535 1167 302 81 reliquerint.
1781 1167 132 81 Sed
1856 1167 189 81 quaero
1988 1167 132 81 num
2064 1167 113 81 hi
2102 1167 94 81 re-

532 1217 148 99 cte
616 1217 253 99 fecerint
806 1217 169 99 quod
912 1217 275 99 fecerunt.
1123 1217 148 99 Non
1208 1217 169 99 enim
1313 1217 190 99 omnia
1440 1217 169 99 quae
1545 1217 253 99 dixerunt
1735 1217 106 99 &
1778 1217 253 99 fecerunt
1968 1217 211 99 sancti
2094 1217 106 99 pa-

531 1288 186 71 tres,
655 1288 145 71 qui
738 1288 145 71 non
821 1288 165 71 raro
924 1288 248 71 nonnihil
1110 1288 207 71 humani
1255 1288 186 71 passi
1379 1288 186 71 sunt,
1503 1288 248 71 absolute
1689 1288 165 71 sunt
1793 1288 248 71 probanda
1979 1288 145 71 uel
2041 1288 165 71 imitan

537 1323 145 94 da.
620 1323 249 94 Probanda
807 1323 104 94 &
848 1323 249 94 imitanda
1035 1323 145 94 non
1118 1323 166 94 sunt
1221 1323 166 94 quae
1325 1323 311 94 proseruntur
1574 1323 124 94 ab
1636 1323 145 94 eis
1719 1323 145 94 (id
1802 1323 166 94 quod
1905 1323 166 94 ipsi
2009 1323 187 94 etiam
2112 1323 104 94 fa-

530 1383 205 90 tentur
674 1383 246 90 ingenue)
859 1383 205 90 contra
1002 1383 328 90 scripturarum
1269 1383 246 90 decreta,
1453 1383 144 90 sed
1535 1383 164 90 illa
1638 1383 246 90 duntaxat
1822 1383 164 90 quae
1925 1383 164 90 sunt
2007 1383 205 90 scriptu-

535 1443 183 94 rarum
657 1443 264 94 sanctarum
860 1443 305 94 authoritate
1104 1443 285 94 confirmata
1328 1443 183 94 atque
1450 1443 244 94 prodita.
1633 1443 183 94 lllae
1755 1443 224 94 copiose
1917 1443 102 94 &
1958 1443 203 94 aperte
2080 1443 122 94 quic

543 1493 171 100 quid
649 1493 128 100 in
714 1493 256 100 doctrina
906 1493 256 100 pietatis
1098 1493 235 100 cognitu
1269 1493 150 100 est
1354 1493 342 100 necessarium,
1632 1493 385 100 complectuntur.
1953 1493 192 100 Verum
2059 1493 150 100 nihil

544 1550 256 93 inuenias
735 1550 128 93 in
799 1550 149 93 eis
884 1550 128 93 de
948 1550 256 93 oratione
1140 1550 149 93 pro
1225 1550 298 93 defunctis.
1460 1550 170 93 Quod
1566 1550 170 93 enim
1673 1550 213 93 quidam
1822 1550 256 93 adferunt
2013 1550 128 93 ex
2056 1550 149 93 secun

532 1609 126 85 do
595 1609 335 85 Machabaeorum
867 1609 209 85 libro,
1013 1609 188 85 nihil
1139 1609 230 85 probat.
1306 1609 188 85 Liber
1432 1609 167 85 enim
1536 1609 167 85 ille
1641 1609 146 85 non
1725 1609 146 85 est
1808 1609 293 85 canonicus.
2039 1609 126 85 Id
2080 1609 126 85 quod

549 1669 152 86 uel
636 1669 130 86 ex
701 1669 281 86 Hieronymo
917 1669 195 86 dudum
1047 1669 281 86 didicisse
1264 1669 303 86 oportuerat
1502 1669 303 86 Adijnciunt
1740 1669 281 86 orationem
1957 1669 152 86 pro
2022 1669 173 86 defun-

548 1718 164 88 ctis
650 1718 307 88 traditionem
895 1718 164 88 esse
997 1718 307 88 apostolorum
1242 1718 143 88 non
1324 1718 266 88 scriptam.
1529 1718 204 88 Audio.
1672 1718 184 88 Verum
1794 1718 143 88 sat
1876 1718 164 88 scio
1978 1718 266 88 traditio

545 1780 143 91 nes
626 1780 143 91 non
708 1780 245 91 scriptas
891 1780 143 91 non
973 1780 224 91 pugnare
1136 1780 143 91 cum
1218 1780 245 91 scriptis
1401 1780 326 91 apostolorum.
1667 1780 143 91 Sat
1748 1780 163 91 scio
1850 1780 224 91 scripta
1993 1780 204 91 apostolo

549 1845 142 72 rum
630 1845 224 72 nullibi
793 1845 284 72 praecipere
1016 1845 264 72 orationes
1219 1845 142 72 pro
1301 1845 244 72 mortuis,
1483 1845 224 72 nullibi
1646 1845 142 72 his
1727 1845 305 72 suffragari.
1971 1845 142 72 Cum
2032 1845 183 72 aposto-

543 1886 147 87 lus
627 1886 210 87 Paulus
774 1886 357 87 Thessalonicen
1068 1886 294 87 hortaretur
1299 1886 126 87 ut
1362 1886 210 87 mortem
1510 1886 210 87 suorum
1657 1886 336 87 aequanimiter
1930 1886 315 87 tolerarent,

539 1951 130 79 ac
604 1951 151 79 tum
691 1951 216 79 maxime
842 1951 303 79 opportunum
1080 1951 238 79 fuisset
1253 1951 303 79 praecipere
1491 1951 130 79 de
1556 1951 324 79 orationibus
1816 1951 151 79 pro
1902 1951 281 79 mortuorum
2097 1951 108 79 spi

541 2000 218 95 ritibus
700 2000 297 95 offerendis,
938 2000 119 95 si
997 2000 159 95 modo
1096 2000 178 95 illas
1215 2000 198 95 utiles
1354 2000 99 95 &
1393 2000 297 95 necessarias
1631 2000 297 95 putauisset,
1869 2000 198 95 nullam
2008 2000 178 95 tamen
2107 2000 99 95 ea-

537 2051 146 91 rum
621 2051 188 91 facit
746 2051 292 91 mentionem,
976 2051 146 91 imo
1059 2051 313 91 simpliciter
1310 2051 188 91 docet
1435 2051 167 91 quid
1540 2051 230 91 credant
1707 2051 125 91 de
1769 2051 272 91 separatis
1978 2051 104 91 a
1999 2051 209 91 corpori-

541 2103 150 99 bus
626 2103 257 99 fidelium
819 2103 278 99 animabus,
1033 2103 193 99 nempe
1161 2103 171 99 quod
1268 2103 193 99 agant
1396 2103 128 99 in
1460 2103 321 99 beatitudine
1717 2103 235 99 aeterna
1888 2103 171 99 apud
1974 2103 235 99 Christum,

542 2159 328 98 expectantes
805 2159 263 98 corporum
1002 2159 219 98 suorum
1155 2159 416 98 resurrectionem.
1505 2159 175 98 Quis
1614 2159 197 98 autem
1746 2159 153 98 non
1833 2159 219 98 uideat
1986 2159 175 98 hanc
2074 2159 131 98 fir-

545 2214 213 104 mitatem
700 2214 388 104 simplicitatemque
1030 2214 252 104 doctrinae
1224 2214 310 104 apostolicae,
1476 2214 272 104 traditione
1689 2214 155 104 illa
1786 2214 272 104 apostolica
2000 2214 175 104 ficta
2097 2214 116 104 con-

542 2270 167 93 cuti
646 2270 104 93 &
688 2270 271 93 implicari
897 2270 417 93 periculosissime?
1251 2270 125 93 Si
1314 2270 167 93 enim
1418 2270 125 93 in
1481 2270 250 93 Christum
1669 2270 271 93 credimus,
1877 2270 188 93 fidem
2002 2270 209 93 uerbis
2128 2270 83 93 ac

541 2337 266 98 promissis
745 2337 164 98 eius
847 2337 266 98 habeamus.
1052 2337 184 98 Dixit
1175 2337 143 98 hic
1257 2337 123 98 se
1318 2337 164 98 esse
1420 2337 245 98 fidelium
1604 2337 368 98 resurrectionem
1911 2337 102 98 &
1952 2337 205 98 uitam,
2095 2337 164 98 ani

543 2401 206 74 masque
688 2401 288 74 credentium
914 2401 144 74 iam
996 2401 165 74 inde
1099 2401 103 74 a
1140 2401 185 74 morte
1264 2401 247 74 corporea
1449 2401 309 74 transiuisse
1696 2401 124 74 in
1758 2401 206 74 uitam.
1902 2401 165 74 His,
2005 2401 247 74 inquam,.

544 2451 328 85 ueracissimis
810 2451 205 85 domini
954 2451 205 85 uerbis
1097 2451 123 85 si
1159 2451 267 85 credimus,
1364 2451 164 85 quid
1466 2451 185 85 adhuc
1589 2451 246 85 soliciti
1774 2451 144 85 pro
1856 2451 267 85 mortuorum
2040 2451 164 85 spiri-

535 2494 179 98 tuum
647 2494 246 98 salute,
826 2494 202 98 quasi
960 2494 224 98 nondum
1117 2494 246 98 salutem
1296 2494 314 98 consequuti
1543 2494 179 98 sint
1655 2494 336 98 deprecamur?
1924 2494 246 98 Apertum
2081 2494 134 98 sane

552 2552 240 107 precibus
732 2552 140 107 his
812 2552 220 107 nostris
972 2552 280 107 argumentum
1192 2552 240 107 aedimus,
1372 2552 120 107 de
1433 2552 200 107 nostra
1573 2552 140 107 nos
1653 2552 160 107 fide
1753 2552 300 107 addubitare,
1993 2552 100 107 &
2033 2552 120 107 de
2093 2552 160 107 ani

538 2621 198 75 marum
670 2621 219 75 salute
823 2621 154 75 non
911 2621 132 75 id
977 2621 241 75 sperare
1153 2621 176 75 quod
1262 2621 110 75 &
1306 2621 219 75 uerbis
1460 2621 307 75 profitemur
1701 2621 110 75 &
1745 2621 241 75 sperare
1921 2621 219 75 iubent
2052 2621 154 75 uerba

549 2674 232 81 Christi
717 2674 105 81 &
759 2674 337 81 apostolorum.
1033 2674 189 81 Fides
1159 2674 189 81 certe
1286 2674 105 81 &
1328 2674 168 81 spes
1433 2674 189 81 firma
1559 2674 295 81 credentium
1791 2674 105 81 &
1833 2674 316 81 innitentium
2065 2674 147 81 Chri-

547 2720 142 95 sti
628 2720 386 95 promissionibus,
953 2720 264 95 prohibent
1156 2720 142 95 hic
1237 2720 183 95 atras
1359 2720 122 95 in
1420 2720 325 95 oblationibus
1684 2720 142 95 pro
1765 2720 264 95 defunctis
1968 2720 203 95 uestes
2090 2720 122 95 sume

533 2795 153 86 re,
621 2795 219 86 quorum
774 2795 219 86 animas
927 2795 284 86 indumenta
1146 2795 175 86 alba
1255 2795 153 86 iam
1343 2795 284 86 sumpsisse
1562 2795 263 86 credimus
1758 2795 109 86 :
1802 2795 284 86 prohibent
1999 2795 219 86 occasio-

538 2837 145 84 nem
621 2837 166 84 dare
725 2837 145 84 uel
807 2837 290 84 incredulis
1035 2837 145 84 uel
1118 2837 331 84 imbecillibus
1387 2837 124 84 in
1449 2837 186 84 fide,
1573 2837 207 84 merito
1718 2837 145 84 nos
1800 2837 372 84 reprehendendi,
2090 2837 124 84 quod

536 2908 151 78 eos
623 2908 173 78 quos
731 2908 173 78 apud
838 2908 173 78 deum
946 2908 216 78 uiuere
1097 2908 259 78 dicimus,
1291 2908 129 78 ut
1356 2908 129 78 in
1421 2908 194 78 ignem
1550 2908 280 78 coniectos
1766 2908 280 78 lugeamus,
1982 2908 216 78 deoque
2111 2908 108 78 sup

542 2949 269 102 plicantes
749 2949 228 102 miseros
915 2949 124 102 ex
977 2949 269 102 tormentis
1184 2949 248 102 liberare
1370 2949 290 102 satagamus,
1598 2949 124 102 id
1660 2949 166 102 est,
1764 2949 186 102 fidem
1888 2949 166 102 quam
1991 2949 228 102 sermone
2157 2949 104 102 &
