2288 3632
525 278 133 98 ludis
614 278 207 98 rationibus
776 278 89 98 ex
820 278 192 98 scriptura
968 278 177 98 deductis
1101 278 236 98 approbauero.
1293 278 89 98 Et
1337 278 162 98 quamuis
1455 278 103 98 tud
1514 278 148 98 pietas
1617 278 103 98 mea
1676 278 236 98 instructione
1868 278 103 98 non
1927 278 192 98 indigeat,
2075 278 89 98 ut
2104 278 74 98 qua

521 360 130 79 satis
607 360 101 79 est
665 360 188 79 instituta
809 360 87 79 in
853 360 188 79 religione
997 360 130 79 uera,
1084 360 188 79 habeatque
1228 360 202 79 undiquaque
1387 360 217 79 doctissimos
1560 360 72 79 &
1589 360 188 79 pijssimos
1733 360 144 79 uiros,
1834 360 130 79 inter
1921 360 116 79 quos
1993 360 101 79 non
2037 360 144 79 postremi

530 405 119 90 sunt
605 405 89 90 D.
649 405 179 90 Robertus
783 405 208 90 Scinnerus,
947 405 74 90 &
977 405 89 90 D.
1021 405 164 90 Andreas
1140 405 193 90 Vullotus,
1289 405 119 90 uiri
1364 405 253 90 praestantiss,
1572 405 164 90 speraui
1691 405 134 90 tamen
1780 405 104 90 hos
1840 405 119 90 meos
1914 405 164 90 labores
2033 405 119 90 tibi
2093 405 89 90 acce

525 456 118 94 ptos
599 456 176 94 futuros,
731 456 162 94 meamque
849 456 250 94 dedicationem,
1055 456 118 94 bono
1128 456 191 94 profectam
1275 456 147 94 animo,
1378 456 88 94 te
1422 456 118 94 boni
1496 456 235 94 consulturum,
1687 456 88 94 ut
1731 456 118 94 pote
1805 456 103 94 qua
1863 456 132 94 nihil
1952 456 147 94 ambio,
2055 456 118 94 nisi
2113 456 74 94 sa-

528 534 132 65 lutem
616 534 190 65 publicam:
763 534 190 65 uidelicet
909 534 88 65 ut
953 534 146 65 regnum
1056 534 132 65 filij
1143 534 117 65 dei,
1217 534 117 65 quod
1290 534 146 65 nostro
1392 534 161 65 tempore
1509 534 220 65 (imminente,
1685 534 73 65 &
1714 534 117 65 ante
1788 534 132 65 fores
1876 534 161 65 nostras
1993 534 103 65 iam
2037 534 146 65 pulsante

527 581 114 80 illo
598 581 172 80 tremendo
727 581 129 80 filij
813 581 100 80 dei
870 581 172 80 iudicio)
998 581 186 80 reftorere
1141 581 157 80 coepit,
1256 581 100 80 cum
1313 581 114 80 apud
1384 581 100 80 uos
1442 581 86 80 in
1485 581 157 80 incloto
1599 581 157 80 Angliae
1713 581 143 80 regno,
1813 581 100 80 tum
1870 581 129 80 alibi
1956 581 186 80 terrarum,
2085 581 100 80 longe

527 636 151 80 lateque
637 636 205 80 propagetur.
801 636 82 80 Et
842 636 109 80 alij
910 636 137 80 quidem
1006 636 82 80 in
1047 636 219 80 dedicatorijs
1225 636 109 80 suis
1294 636 178 80 epistolis
1430 636 109 80 eius
1499 636 137 80 laudes
1595 636 192 80 celebrant,
1745 636 96 80 cui
1800 636 137 80 libros
1896 636 205 80 inscribunt:
2060 636 96 80 ego
2101 636 82 80 uero

530 691 102 72 cum
589 691 131 72 sciam
676 691 87 72 te
719 691 189 72 huiusmodi
865 691 189 72 applausus
1010 691 131 72 nihil
1097 691 160 72 morari,
1213 691 131 72 neque
1301 691 174 72 indigere
1431 691 189 72 huiusmodi
1577 691 218 72 praeconijs,
1751 691 116 72 quod
1824 691 145 72 uirtus
1925 691 102 72 tua
1984 691 160 72 alioqui
2085 691 102 72 satis

525 748 104 85 sit
585 748 193 85 celebris,
733 748 119 85 quam
808 748 89 85 tu
852 748 149 85 quoque
956 748 89 85 in
1001 748 119 85 diem
1075 748 164 85 modesia
1194 748 74 85 &
1224 748 208 85 humilitate
1387 748 149 85 augere
1491 748 208 85 contendis,
1655 748 134 85 magis
1744 748 104 85 huc
1804 748 104 85 mea
1863 748 178 85 deffecto
1997 748 193 85 epistola,
2131 748 59 85 ut

532 795 125 97 tuam
610 795 187 97 pietatem
751 795 125 97 quam
829 795 156 97 possum
938 795 218 97 diligenter
1110 795 203 97 inhorter,
1266 795 109 97 quo
1328 795 156 97 pergas
1437 795 218 97 temetipsum
1609 795 234 97 pulcherrimo
1796 795 187 97 uirtutum
1936 795 156 97 studio
2046 795 78 97 &
2061 795 125 97 incre-

535 869 134 70 mento
624 869 193 70 superare.
773 869 149 70 Domini
877 869 104 70 dei
936 869 149 70 nostri
1040 869 119 70 dona
1114 869 134 70 sunt,
1204 869 208 70 quaecumque
1367 869 119 70 sunt
1441 869 89 70 in
1486 869 193 70 hominibus
1634 869 134 70 laude
1724 869 149 70 digna.
1827 869 163 70 Dominus
1946 869 149 70 mentem
2050 869 119 70 tibi
2110 869 74 70 de-

543 922 119 75 dit,
618 922 90 75 ut
662 922 209 75 intelligas
827 922 149 75 magnum
931 922 149 75 quidem
1036 922 149 75 merito
1140 922 149 75 uideri
1245 922 209 75 beneficium
1409 922 134 75 regia
1498 922 134 75 satum
1588 922 119 75 esse
1663 922 194 75 prosapia,
1812 922 104 75 sed
1872 922 134 75 longe
1961 922 134 75 maius
2036 922 164 75 praestan-

541 978 157 66 tiusque
655 978 129 66 esse,
741 978 186 66 appellari
884 978 86 66 ac
927 978 143 66 reuera
1027 978 114 66 esse
1099 978 100 66 dei
1156 978 157 66 filium,
1270 978 72 66 &
1299 978 157 66 Christi
1413 978 114 66 lesu
1485 978 129 66 filij
1571 978 100 66 dei
1628 978 215 66 cohaeredem.
1799 978 114 66 Hanc
1871 978 215 66 nobilitatem
2043 978 143 66 summam
2128 978 72 66 cum

542 1020 97 94 per
598 1020 152 94 gratiam
708 1020 97 94 dei
764 1020 97 94 sis
819 1020 208 94 consecutus,
986 1020 111 94 uide
1055 1020 83 94 ut
1096 1020 97 94 eam
1152 1020 139 94 sedulo
1249 1020 166 94 pietatis
1374 1020 139 94 studio
1471 1020 166 94 retineas
1595 1020 83 94 in
1637 1020 125 94 finem
1720 1020 125 94 usque
1803 1020 69 94 :
1831 1020 111 94 uide
1900 1020 83 94 ut
1942 1020 194 94 constanter
2080 1020 125 94 Christo

535 1086 206 82 redemptori
697 1086 206 82 adhaereas,
859 1086 74 82 &
888 1086 118 82 eius
962 1086 162 82 gloriam
1079 1086 206 82 promoueas:
1241 1086 118 82 uide
1315 1086 88 82 ut
1359 1086 88 82 ex
1403 1086 132 82 fide,
1491 1086 118 82 quam
1565 1086 118 82 regi
1638 1086 162 82 eternae
1756 1086 162 82 gloriae
1873 1086 162 82 seruas,
1991 1086 132 82 etiam
2065 1086 132 82 ferenil

535 1143 128 90 simae
620 1143 142 90 regiae
719 1143 198 90 maiestati,
875 1143 156 90 totique
988 1143 142 90 incbto
1088 1143 128 90 regno
1173 1143 156 90 Angliae
1286 1143 213 90 dulcissimae
1456 1143 156 90 patriae
1569 1143 113 90 tuae
1640 1143 156 90 fidelis
1754 1143 113 90 esse
1825 1143 156 90 pergas.
1938 1143 170 90 Hactenus
2051 1143 142 90 peregri-

541 1191 135 81 norum
631 1191 75 81 (
661 1191 120 81 quos
736 1191 135 81 nobis
826 1191 180 81 imprimis
961 1191 225 81 commendauit
1141 1191 180 81 dominus)
1276 1191 210 81 praesidium
1442 1191 75 81 &
1472 1191 180 81 refugium
1607 1191 165 81 fuisti,
1727 1191 165 81 denique
1847 1191 240 81 studiosorum,
2042 1191 90 81 et
2072 1191 120 81 docto-

532 1238 105 85 rum
592 1238 164 85 hominum
711 1238 105 85 arx
771 1238 135 85 atque
861 1238 194 85 mecoenas,
1010 1238 135 85 talis
1100 1238 120 85 esse
1175 1238 149 85 perge.
1279 1238 105 85 Sic
1339 1238 135 85 autem
1429 1238 105 85 non
1489 1238 209 85 perituram,
1653 1238 105 85 sed
1713 1238 179 85 perennem
1847 1238 164 85 gloriam
1967 1238 90 85 in
2012 1238 194 85 praesenti
2146 1238 60 85 et

542 1306 155 88 futuro
651 1306 171 88 saeculo
775 1306 248 88 consequeris.
977 1306 217 88 Commendare
1148 1306 93 88 me
1194 1306 186 88 digneris
1334 1306 171 88 obsecro
1458 1306 202 88 magnanimo
1613 1306 140 88 heroi
1706 1306 93 88 D.
1753 1306 155 88 Ioanni
1862 1306 171 88 Dudlaeo
1986 1306 217 88 Vuaruicen.
2141 1306 62 88 Co

543 1366 135 76 miti,
633 1366 165 76 magnati
753 1366 135 76 modis
843 1366 165 76 omnibus
963 1366 255 76 praestantiss,
1173 1366 105 76 cui
1233 1366 135 76 omnia
1323 1366 165 76 felicia
1442 1366 195 76 imprecor,
1592 1366 180 76 omniaque
1727 1366 105 76 mea
1787 1366 150 76 offero
1892 1366 180 76 officia.
2027 1366 165 76 Dominus
2132 1366 75 76 le-

543 1433 115 69 sus
608 1433 196 69 monarcha
755 1433 147 69 orbis
853 1433 164 69 summus
968 1433 82 69 &
1001 1433 180 69 unicus,
1132 1433 115 69 rex
1197 1433 164 69 regum,
1312 1433 82 69 &
1344 1433 180 69 dominus
1475 1433 229 69 dominorum,
1655 1433 164 69 seruet
1770 1433 213 69 incolumem
1933 1433 196 69 Sereniss
2064 1433 131 69 regem,

552 1483 172 77 totumque
681 1483 158 77 Angliae
796 1483 144 77 regnum
896 1483 172 77 incltum,
1026 1483 230 77 fidelissimos
1213 1483 115 77 item
1284 1483 302 77 prudentissimosque
1543 1483 129 77 regni
1629 1483 244 77 consiliarios,
1830 1483 86 77 ex
1874 1483 86 77 te
1917 1483 144 77 quoque
2017 1483 172 77 princeps
2132 1483 72 77 cle

534 1541 265 86 mentissime,
746 1541 177 86 Tiguri
870 1541 106 86 in
923 1541 230 86 Heluetijs
1099 1541 159 86 Mense
1205 1541 194 86 Martio,
1347 1541 159 86 AnoM.
1435 1541 106 86 D.LI
