2288 3632
66 298 216 95 domino
218 298 130 95 in
283 298 281 95 euangelio
499 298 259 95 testante
693 298 108 95 &
737 298 259 95 dicente,
931 298 130 95 Si
996 298 173 95 quis
1104 298 130 95 in
1169 298 130 95 me
1234 298 151 95 non
1321 298 281 95 manserit,
1537 298 259 95 eiectus,

75 360 144 78 est
158 360 185 78 foras
281 360 185 78 sicut
404 360 226 78 palmes,
568 360 103 78 &
609 360 246 78 exaruit,
794 360 103 78 &
835 360 267 78 colligunt
1040 360 164 78 eos,
1143 360 103 78 &
1184 360 123 78 in
1245 360 185 78 ignem
1369 360 308 78 conijciunt,
1615 360 103 78 &
1635 360 103 78 ar-

71 409 198 94 dent.
203 409 176 94 Quae
313 409 198 94 uerba
445 409 308 94 saluatoris
687 409 264 94 imitatus
885 409 286 94 apostolus
1106 409 198 94 (quod
1238 409 110 94 &
1282 409 176 94 modo
1392 409 308 94 adduximus)
1612 409 132 94 di-

73 475 171 72 xit,
180 475 150 72 Qui
265 475 257 72 spiritum
458 475 235 72 Christi
629 475 150 72 non
714 475 214 72 habet,
864 475 150 72 hic
950 475 150 72 non
1035 475 150 72 est
1121 475 193 72 eius.
1249 475 257 72 Caeterum
1442 475 150 72 non
1506 475 235 72 destituti

77 516 224 97 Christi
240 516 245 97 spiritu,
423 516 286 97 dilectione
648 516 143 97 dei
729 516 224 97 ardent.
893 516 184 97 Neque
1015 516 163 97 enim
1117 516 102 97 a
1158 516 163 97 fide
1260 516 265 97 separamus
1443 516 286 97 dilectionem,

70 574 177 97 ipso
180 574 154 97 nos
269 574 221 97 iterum
423 574 221 97 Ioanne
577 574 243 97 docente
754 574 110 97 &
798 574 265 97 dicente,
997 574 177 97 Deus
1107 574 265 97 charitas
1306 574 177 97 est,
1416 574 110 97 &
1460 574 154 97 qui
1548 574 199 97 manet
1659 574 88 97 in

64 639 303 82 charitate,
303 639 130 82 in
368 639 152 82 deo
454 639 217 82 manet,
606 639 108 82 &
649 639 173 82 deus
757 639 130 82 in
822 639 152 82 eo.
909 639 217 82 Etenim
1061 639 130 82 in
1126 639 282 82 euangelio
1342 639 195 82 dixit
1472 639 260 82 dominus,
1645 639 87 82 Si

65 695 173 89 quis
174 695 238 89 diligit
347 695 152 89 me,
433 695 260 89 sermonem
628 695 173 89 meum
736 695 281 89 seruabit,
953 695 108 89 &
996 695 195 89 pater
1126 695 173 89 meus
1234 695 238 89 diliget
1407 695 173 89 eum,
1516 695 108 89 &
1559 695 130 89 ad
1624 695 152 89 eum

70 747 316 70 ueniemus,
313 747 122 70 &
362 747 316 70 mansionem
605 747 195 70 apud
726 747 170 70 eum
799 747 268 70 faciemus,

138 802 237 92 Tametsi
311 802 172 92 uero
419 802 194 92 fides
548 802 237 92 proprie
721 802 237 92 Christo
893 802 216 92 capiti
1044 802 151 92 nos
1130 802 302 92 coniungat,
1367 802 194 92 eadem
1497 802 194 92 tamen
1605 802 129 92 con-

66 866 222 85 nectit
221 866 155 85 nos
310 866 244 85 omnibus
487 866 200 85 etiam
621 866 244 85 membris
798 866 244 85 Christi
976 866 133 85 in
1042 866 244 85 terris.
1220 866 155 85 Cum
1308 866 178 85 enim
1419 866 222 85 omnium
1575 866 200 85 eadem

59 911 143 98 sit
140 911 204 98 fides,
283 911 102 98 &
324 911 225 98 iccirco
488 911 245 98 spiritus
672 911 184 98 idem,
794 911 143 98 non
876 911 204 98 potest
1019 911 143 98 non
1101 911 163 98 idem
1203 911 143 98 os,
1284 911 184 98 eadem
1407 911 163 98 mens
1509 911 184 98 atque
1611 911 123 98 sen-

68 975 219 85 tentia
222 975 175 85 esse
331 975 263 85 omnibus:
528 975 241 85 quamuis
704 975 197 85 fides
835 975 175 85 nunc
945 975 153 85 non
1033 975 285 85 usurpetur
1252 975 153 85 pro
1339 975 241 85 fiducia
1515 975 219 85 tantum
1646 975 88 85 in

58 1026 356 93 misericordiam
351 1026 146 93 dei
435 1026 146 93 per
518 1026 188 93 Iesum
644 1026 272 93 Christum,
853 1026 146 93 sed
937 1026 105 93 &
979 1026 146 93 pro
1062 1026 314 93 confessione
1314 1026 188 93 fidei
1439 1026 251 93 externa.
1606 1026 126 93 Ean-

63 1084 154 91 dem
151 1084 176 91 enim
261 1084 220 91 fidem,
416 1084 110 91 &
460 1084 176 91 unum
570 1084 198 91 atque
702 1084 176 91 idem
812 1084 220 91 caput,
967 1084 154 91 uno
1055 1084 242 91 spiritu
1231 1084 110 91 &
1275 1084 154 91 ore
1363 1084 331 91 confitentes
1606 1084 132 91 uni-

64 1144 212 83 uersi,
212 1144 191 83 simul
339 1144 191 83 etiam
466 1144 296 83 profitemur
699 1144 148 83 nos
784 1144 191 83 omnes
911 1144 191 83 unius
1038 1144 191 83 atque
1165 1144 233 83 eiusdem
1334 1144 254 83 corporis
1524 1144 169 83 esse
1609 1144 127 83 mem-

68 1189 171 96 bra.
174 1189 149 96 Nec
260 1189 149 96 est
345 1189 128 96 in
409 1189 192 96 mundo
537 1189 171 96 ulla
644 1189 149 96 res
730 1189 192 96 alia,
858 1189 171 96 quae
964 1189 214 96 animos
1114 1189 235 96 hominum
1285 1189 278 96 dissociet
1477 1189 256 96 implacabi-

61 1251 186 84 lius,
185 1251 165 84 quam
289 1251 186 84 fidei
413 1251 145 84 uel
495 1251 289 84 religionis
723 1251 310 84 diuersitas:
970 1251 227 84 iccirco
1136 1251 186 84 nihil
1260 1251 145 84 est
1342 1251 165 84 quod
1446 1251 145 84 nos
1508 1251 227 84 compingat

63 1304 266 92 arctius,
262 1304 177 92 quam
373 1304 199 92 fidei
506 1304 243 92 unitas.
683 1304 332 92 Descendimus
948 1304 177 92 modo
1059 1304 133 92 ad
1125 1304 332 92 charitatem,
1391 1304 177 92 quam
1502 1304 177 92 dixi
1590 1304 133 92 mem-

63 1360 147 98 bra
147 1360 252 98 corporis
336 1360 357 98 ecclesiastici
630 1360 189 98 mutuo
756 1360 189 98 inter
882 1360 126 98 se
946 1360 315 98 connectere.
1198 1360 189 98 Dicit
1324 1360 126 98 in
1387 1360 273 98 euangelio
1576 1360 147 98 domi-

57 1421 175 89 nus,
166 1421 306 89 Praeceptum
407 1421 197 89 nouum
538 1421 131 89 do
604 1421 219 89 uobis,
757 1421 131 89 ut
822 1421 284 89 diligatis
1041 1421 262 89 inuicem,
1237 1421 197 89 sicut
1368 1421 219 89 dilexi
1521 1421 175 89 uos,
1631 1421 131 89 ut
1674 1421 66 89 &

71 1475 142 89 uos
152 1475 264 89 diligatis
355 1475 244 89 inuicem.
538 1475 122 89 In
599 1475 142 89 hoc
681 1475 285 89 cognoscent
905 1475 203 89 omnes,
1047 1475 163 89 quod
1149 1475 264 89 discipuli
1352 1475 142 89 mei
1433 1475 203 89 sitis,
1576 1475 122 89 si
1616 1475 102 89 cha

61 1537 234 80 ritatem
231 1537 298 80 habueritis
465 1537 192 80 inter
593 1537 149 80 uos
678 1537 234 80 mutuam.
848 1537 319 80 Indubitatum
1104 1537 170 80 ergo
1210 1537 170 80 est,
1317 1537 213 80 unicam
1466 1537 170 80 post
1572 1537 192 80 fidem

51 1598 291 74 ecclesiae
275 1598 291 74 tesseram,
498 1598 179 74 esse
610 1598 336 74 charitatem,
879 1598 269 74 uinculum
1081 1598 202 74 omnia
1215 1598 224 74 membra
1372 1598 179 74 quam
1461 1598 269 74 arctissime

59 1652 317 68 connectens.
313 1652 254 68 Nascitur
503 1652 169 68 ipsa
609 1652 127 68 ex
672 1652 275 68 comunione
884 1652 233 68 Christi
1053 1652 296 68 unitateque
1286 1652 275 68 spiritus.
1497 1652 169 68 Quia
1603 1652 169 68 enim

54 1695 257 96 Christus
246 1695 150 96 rex
332 1695 193 96 caput
461 1695 107 96 &
504 1695 257 96 pontifex
696 1695 279 96 ecclesiae
911 1695 321 96 catholicae,
1168 1695 193 96 omnes
1296 1695 150 96 nos
1382 1695 150 96 uno
1468 1695 107 96 &
1511 1695 193 96 eodem
1618 1695 107 96 spi

61 1757 165 87 ritu
165 1757 227 87 donans,
330 1757 186 87 omnes
454 1757 165 87 sibi
557 1757 269 87 adaptauit
764 1757 124 87 in
826 1757 227 87 membra,
992 1757 207 87 filios
1136 1757 165 87 dei,
1240 1757 227 87 fratres
1405 1757 103 87 &
1446 1757 310 87 cohaeredes,

52 1812 176 90 quos
162 1812 176 90 haud
272 1812 198 90 dubie
403 1812 242 90 diligit
579 1812 373 90 impensissime,
887 1812 154 90 non
974 1812 220 90 potest
1128 1812 154 90 non
1216 1812 242 90 fidelis
1392 1812 264 90 quilibet
1567 1812 154 90 summo

52 1872 200 62 amore
185 1872 267 62 coplecti
386 1872 200 62 regis
519 1872 245 62 capitis
698 1872 111 62 &
742 1872 312 62 pontificis
987 1872 200 62 summi
1121 1872 223 62 membra
1277 1872 111 62 &
1321 1872 334 62 cohaeredes.
1566 1872 156 62 Ioan-

61 1930 150 81 nes
146 1930 172 81 enim
254 1930 301 81 apostolus.
490 1930 215 81 Omnis,
640 1930 236 81 inquit,
812 1930 150 81 qui
898 1930 236 81 diligit
1070 1930 150 81 eum
1155 1930 150 81 qui
1241 1930 236 81 genuit,
1413 1930 236 81 diligit
1585 1930 107 81 &
1628 1930 150 81 eum

58 1983 147 65 qui
142 1983 189 65 natus
268 1983 147 65 est
352 1983 126 65 ex
415 1983 147 65 eo.
498 1983 126 65 Si
561 1983 168 65 quis
666 1983 252 65 dixerit,
855 1983 210 65 diligo
1002 1983 189 65 deum,
1128 1983 105 65 &
1170 1983 231 65 fratrem
1337 1983 168 65 suum
1442 1983 231 65 oderit,
1589 1983 126 65 men-

55 2038 160 88 dax
146 2038 183 88 est.
261 2038 160 88 Qui
352 2038 183 88 enim
466 2038 160 88 non
557 2038 251 88 diligit
740 2038 251 88 fratrem
922 2038 183 88 suum
1036 2038 183 88 quem
1151 2038 228 88 uidet,
1310 2038 183 88 deum
1424 2038 183 88 quem
1538 2038 160 88 non
1607 2038 114 88 ui-

53 2090 160 85 det
144 2090 251 85 quomodo
327 2090 228 85 potest
486 2090 296 85 diligere:
714 2090 228 85 Paulus
874 2090 137 85 ut
942 2090 182 85 hanc
1056 2090 274 85 unitatem
1261 2090 114 85 &
1307 2090 365 85 consensionem
1580 2090 137 85 mem-

54 2137 255 86 brorum,
239 2137 185 86 quam
355 2137 370 86 proprijssime
656 2137 324 86 exprimeret
911 2137 116 86 &
957 2137 232 86 oculis
1119 2137 255 86 nostris
1304 2137 162 86 ceu
1374 2137 347 86 contemplandam

45 2205 316 78 proponeret,
298 2205 253 78 parabola
488 2205 232 78 utitur,
656 2205 211 78 sumpta
804 2205 105 78 a
846 2205 211 78 mebris
993 2205 211 78 humani
1141 2205 274 78 corporis,
1352 2205 126 78 et
1415 2205 211 78 dicit,
1562 2205 190 78 Quema
1668 2205 63 78 l

43 2265 271 84 admodum
241 2265 148 84 in
315 2265 173 84 uno
413 2265 271 84 corpore
611 2265 247 84 membra
783 2265 222 84 multa
932 2265 296 84 habemus,
1154 2265 247 84 membra
1326 2265 197 84 uero
1450 2265 222 84 omnia
1598 2265 173 84 non

48 2322 219 78 eundem
201 2322 197 78 actum
332 2322 241 78 habent:
507 2322 153 78 sic
595 2322 197 78 multi
726 2322 175 78 unum
835 2322 219 78 corpus
988 2322 131 78 in
1054 2322 241 78 Christo
1229 2322 219 78 sumus,
1382 2322 306 78 sigillatim
1601 2322 109 78 au-

48 2372 154 75 tem
136 2372 176 75 alij
246 2372 242 75 aliorum
422 2372 242 75 membra.
597 2372 176 75 Idem
707 2372 132 75 in
773 2372 154 75 12.
861 2372 242 75 prioris
1037 2372 132 75 ad
1103 2372 308 75 Corinthios
1344 2372 220 75 capite
1476 2372 242 75 copiosius

48 2419 486 90 significantiusque
464 2419 231 90 eandem
626 2419 254 90 capitis
811 2419 139 90 ac
880 2419 301 90 membrorum
1112 2419 116 90 &
1158 2419 208 90 horum
1297 2419 301 90 praecipue
1505 2419 208 90 parabo-

53 2477 147 92 lam
137 2477 253 92 exponens
327 2477 421 92 elegantissimeque
685 2477 295 92 expoliens,
917 2477 337 92 testificatur
1190 2477 190 92 inter
1317 2477 147 92 ima
1401 2477 105 92 &
1443 2477 190 92 summa
1548 2477 169 92 eccle-

51 2532 182 94 siae
165 2532 228 94 membra
325 2532 228 94 summum
484 2532 114 94 &
530 2532 456 94 congruentissimum
917 2532 182 94 esse
1031 2532 319 94 consensum,
1281 2532 296 94 praeterea
1509 2532 251 94 sedulam

53 2586 388 97 solicitudinem
373 2586 114 97 &
418 2586 274 97 auxilium
624 2586 160 97 tum
715 2586 297 97 perpetuum
943 2586 160 97 tum
1034 2586 342 97 fidissimum.
1308 2586 137 97 Ex
1377 2586 228 97 quibus
1536 2586 228 97 quidem

58 2650 233 84 omnibus
227 2650 233 84 confit,
397 2650 191 84 notas
524 2650 191 84 uerae
652 2650 106 84 &
694 2650 191 84 uiuae
821 2650 233 84 Christi
991 2650 276 84 ecclesiae
1203 2650 170 84 esse
1309 2650 318 84 communionem
1542 2650 170 84 spiri-

51 2705 155 86 tus
139 2705 265 86 Christi,
338 2705 265 86 synceram
538 2705 199 86 fidem
670 2705 111 86 &
715 2705 310 86 charitatem
958 2705 354 86 Christianam:
1245 2705 177 86 sine
1356 2705 221 86 quibus
1511 2705 177 86 nemo
1599 2705 111 86 com

54 2763 223 91 municat
216 2763 142 91 hoc
297 2763 284 91 spirituali
520 2763 243 91 corpore.
703 2763 122 91 Ex
764 2763 142 91 his
845 2763 203 91 quoque
987 2763 284 91 facillimum
1210 2763 162 91 erit
1311 2763 264 91 iudicare,
1514 2763 142 91 sis
1595 2763 122 91 ne
1636 2763 81 91 in

56 2805 241 78 consortio
242 2805 241 78 ecclesiae
428 2805 111 78 an
483 2805 130 78 non
558 2805 149 78 sis,

105 2865 260 77 Praeterea
305 2865 279 77 colligimus
524 2865 120 77 ex
584 2865 180 77 illis
704 2865 160 77 quae
804 2865 299 77 disseruimus
1043 2865 240 77 hucusque
1223 2865 120 77 de
1283 2865 200 77 signis
1423 2865 260 77 ecclesiae
1602 2865 120 77 Chri

46 2903 177 126 sti,
156 2903 177 126 unde
267 2903 154 126 sit
355 2903 221 126 origo.
509 2903 199 126 eius,
642 2903 243 126 quomodo
818 2903 177 126 item
929 2903 309 126 plantetur,
1171 2903 309 126 propagetur
1414 2903 110 126 &
1436 2903 287 126 conseruetur
