2288 3632
38 282 179 97 quam
149 282 179 97 ulla
261 282 291 97 indigeant
485 282 425 97 interpretatione
842 282 335 97 copiosiore.
1110 282 201 97 Locum
1244 282 179 97 aunt
1356 282 156 97 hic
1445 282 246 97 haberet
1602 282 134 97 Ordo

38 352 316 80 gubernandi
287 352 294 80 ecclesiam
513 352 158 80 per
603 352 407 80 praedicationem
942 352 203 80 uerbi
1078 352 181 80 dei,
1191 352 181 80 quam
1304 352 271 80 plerique
1484 352 249 80 appellant

33 409 339 82 ministerium
305 409 203 82 uerbi
440 409 158 82 uel
531 409 317 82 ecclesiae.
779 409 136 82 De
847 409 158 82 quo
938 409 271 82 dicemus,
1141 409 158 82 deo
1232 409 271 82 uolente,
1435 409 249 82 Sermone
1593 409 136 82 lls,

38 449 193 92 Satis
166 449 214 92 fuerit
316 449 150 92 hic
402 449 236 92 tenere,
573 449 236 92 dominum
744 449 171 92 deum
851 449 257 92 nostrum,
1044 449 193 92 datis
1172 449 278 92 ecclesiae
1386 449 321 92 doctoribus,
1622 449 107 92 ec-

31 520 266 86 clesiam
224 520 194 86 suam
345 520 169 86 per
442 520 266 86 Verbum,
636 520 121 86 &
684 520 242 86 quidem
853 520 169 86 per
950 520 218 86 solum
1095 520 242 86 uerbum
1264 520 218 86 suum,
1410 520 290 86 fundare,
1603 520 121 86 ex-

33 568 218 61 truere
186 568 109 61 &
230 568 306 61 conseruare
470 568 371 61 propagareque.

97 620 243 93 Veniunt
273 620 199 93 autem
406 620 132 93 in
472 620 287 93 praesenti
693 620 353 93 consideranda
980 620 177 93 duo.
1090 620 221 93 Prius,
1244 620 287 93 ecclesiam
1465 620 154 93 dei
1531 620 199 93 propter

43 679 295 91 perpetuum
271 679 136 91 ac
339 679 273 91 constans
543 679 205 91 uerbi
680 679 159 91 dei
771 679 250 91 studium
952 679 295 91 appellari
1180 679 341 91 Propheticam
1452 679 114 91 &
1475 679 250 91 apostoli-

32 744 182 77 cam,
146 744 251 77 denique
329 744 114 77 &
374 744 342 77 orthodoxam.
648 744 319 77 Prophetica
899 744 182 77 enim
1013 744 114 77 &
1059 744 319 77 apostolica
1310 744 274 77 dicitur,
1515 744 182 77 quod
1606 744 137 77 ope-

29 799 139 80 ra
98 799 347 80 prophetarum
376 799 116 80 &
422 799 347 80 apostolorum
700 799 232 80 primum
862 799 162 80 sit
955 799 301 80 extructa,
1186 799 139 80 ac
1256 799 162 80 per
1348 799 278 80 eorundem
1534 799 208 80 doctri-

33 857 149 83 nam
118 857 320 83 conseruetur
374 857 149 83 uel
460 857 214 83 hodie,
609 857 363 83 propageturque
908 857 128 83 in
972 857 192 83 finem
1100 857 192 83 usque
1228 857 256 83 saeculi.
1421 857 278 83 Orthodoxa
1613 857 128 83 di

38 901 208 82 citur,
184 901 166 82 quod
287 901 208 82 rectae
433 901 291 82 sententiae
661 901 270 82 opinionis
869 901 125 82 ac
931 901 166 82 hdei
1035 901 166 82 sit.
1139 901 187 82 Extra
1263 901 270 82 ecclesiam
1471 901 166 82 enim
1575 901 145 82 non
1637 901 104 82 est

36 970 159 72 uera
136 970 199 72 fides,
275 970 179 72 neque
395 970 159 72 ulla
494 970 120 72 de
554 970 159 72 uera
654 970 219 72 uirtute
813 970 100 72 &
853 970 279 72 selicitate
1072 970 239 72 doctrina
1252 970 259 72 absoluta.
1451 970 259 72 Ecclesiae
1630 970 100 72 fi-

40 1016 154 89 des
128 1016 110 89 &
172 1016 263 89 doctrina
369 1016 263 89 coelitus
567 1016 132 89 ab
633 1016 176 89 ipso
742 1016 154 89 deo
830 1016 263 89 reuelata
1028 1016 154 89 est
1115 1016 154 89 per
1203 1016 219 89 Adamum
1357 1016 110 89 &
1401 1016 351 89 patriarchas,

36 1079 160 87 per
127 1079 205 87 Mosen
264 1079 114 87 &
310 1079 319 87 prophetas,
561 1079 160 87 per
652 1079 274 87 Christum
857 1079 114 87 &
903 1079 319 87 apostolos.
1154 1079 182 87 Vnde
1268 1079 114 87 &
1313 1079 205 87 mater
1450 1079 205 87 alibi
1564 1079 160 87 dici-

38 1130 193 69 tur.
159 1130 145 69 De
231 1130 169 69 quo
328 1130 266 69 dicemus
521 1130 266 69 Sermone
690 1130 241 69 proximo.

81 1183 310 90 Posterius,
324 1183 354 90 successionem
611 1183 265 90 doctorum
810 1183 155 90 uel
899 1183 265 90 pastorum
1098 1183 287 90 ecclesiae
1319 1183 177 90 sine
1429 1183 199 90 uerbo
1562 1183 155 90 dei
1628 1183 111 90 per

22 1247 127 86 se
85 1247 191 86 nihil
212 1247 254 86 probare.
403 1247 233 86 Iactant
572 1247 296 86 Papisticae
805 1247 275 86 ecclesiae
1017 1247 381 86 propugnatores,
1335 1247 127 86 se
1398 1247 318 86 certissimum
1631 1247 106 86 ha-

28 1293 178 98 bere
139 1293 222 98 signum
294 1293 333 98 apostolicae
561 1293 311 98 ecclesiae,
805 1293 244 98 nimirum
983 1293 133 98 in
1049 1293 267 98 perpetua
1249 1293 178 98 illa
1360 1293 333 98 episcoporum
1605 1293 133 98 suca

26 1364 295 66 cessione,
253 1364 113 66 a
299 1364 227 66 sancto
457 1364 204 66 Petro
593 1364 159 66 per
684 1364 295 66 Clementem
911 1364 250 66 primum,
1093 1364 136 66 ad
1161 1364 295 66 Clementem
1387 1364 204 66 usque
1524 1364 181 66 VII.
1614 1364 91 66 ad

31 1404 221 90 Paulum
185 1404 177 90 item
296 1404 177 90 115:
406 1404 199 90 nuper
538 1404 265 90 mortuum,
737 1404 110 90 &
781 1404 132 90 ad
847 1404 221 90 lulium
1002 1404 199 90 usque
1134 1404 177 90 11I.
1245 1404 154 90 non
1333 1404 154 90 ita
1421 1404 221 90 pridem
1554 1404 154 90 crea-

21 1475 176 83 tum,
131 1475 331 83 decurrente.
396 1475 309 83 Adijnciunt
638 1475 243 83 resecta
815 1475 176 83 esse
925 1475 221 83 membra
1079 1475 265 83 quotquot
1278 1475 132 83 ab
1344 1475 176 83 illa
1454 1475 132 83 se
1498 1475 221 83 separent

29 1519 269 96 ecclesia,
236 1519 124 96 in
299 1519 145 96 qua
381 1519 166 96 sola
485 1519 290 96 reperiatur
713 1519 269 96 successio
920 1519 166 96 illa
1023 1519 311 96 apostolica.
1272 1519 145 96 Nos
1355 1519 166 96 uero
1458 1519 145 96 non
1521 1519 186 96 negamus

28 1575 350 93 successionem
312 1575 262 93 pastorum
509 1575 219 93 certam
662 1575 131 93 in
728 1575 284 93 primitiua
946 1575 262 93 ecclesia
1143 1575 197 93 magni
1274 1575 219 93 fuisse
1427 1575 262 93 momenti.
1602 1575 109 93 Qui

33 1632 180 93 enim
146 1632 180 93 tunc
259 1632 406 93 appellabantur,
597 1632 203 93 erant
732 1632 293 93 pastores,
958 1632 113 93 &
1003 1632 203 93 munia
1138 1632 271 93 pastorum
1341 1632 271 93 obibant.
1522 1632 180 93 Quales

34 1699 186 76 autem
158 1699 227 76 fuerint
323 1699 248 76 pastores
509 1699 103 76 a
550 1699 248 76 saeculis
736 1699 227 76 multis,
901 1699 165 76 quos
1004 1699 227 76 Romanae
1169 1699 268 76 ecclesiae
1375 1699 248 76 pastores
1540 1699 165 76 appel-

26 1741 208 95 lauit
164 1741 369 95 Cardinalium,
464 1741 346 95 episcoporum
741 1741 323 95 mitratorum
995 1741 115 95 &
1041 1741 346 95 sophistarum
1318 1741 254 95 uulgus,
1502 1741 185 95 nemo
1595 1741 115 95 ne-

20 1795 180 98 scit
133 1795 180 98 nisi
246 1795 203 98 sensu
381 1795 248 98 communi
561 1795 248 98 carens.
741 1795 203 98 Audit
876 1795 293 98 Aacharias
1101 1795 270 98 propheta
1303 1795 180 98 sibi
1416 1795 248 98 suggeri
1596 1795 113 98 a
1618 1795 113 98 do-

33 1860 197 82 mino,
164 1860 197 82 Adhuc
295 1860 175 82 sume
405 1860 175 82 tibi
514 1860 175 82 uasa
623 1860 262 82 pastoris
820 1860 240 82 stulti.
995 1860 175 82 Quia
1104 1860 175 82 ecce
1213 1860 153 82 ego
1301 1860 284 82 suscitabo
1497 1860 219 82 pastorem

27 1914 126 93 in
90 1914 210 93 terra,
237 1914 147 93 qui
321 1914 273 93 derelicta
532 1914 147 93 non
616 1914 294 93 uisitabit,
847 1914 273 93 dispersum
1057 1914 147 93 non
1141 1914 273 93 quaerent,
1352 1914 105 93 &
1394 1914 273 93 contritum
1604 1914 147 93 non

30 1967 268 93 sanabit,
230 1967 111 93 &
275 1967 134 93 id
342 1967 178 93 quod
453 1967 178 93 stat
565 1967 156 93 non
654 1967 290 93 enutriet,
877 1967 111 93 &
922 1967 223 93 carnes
1078 1967 268 93 pinguium
1278 1967 268 93 comedet,
1479 1967 111 93 &
1501 1967 201 93 ungulas

20 2036 189 75 eorum
146 2036 295 75 dissoluet.
378 2036 147 75 Vae
462 2036 232 75 pastori
630 2036 211 75 idolo,
778 2036 147 75 qui
862 2036 232 75 deserit
1030 2036 232 75 gregem.
1199 2036 126 75 Et
1262 2036 253 75 caetera.
1451 2036 232 75 Proinde
1599 2036 105 75 ni-

25 2080 178 91 hilo
136 2080 178 91 plus
247 2080 244 91 probant
424 2080 178 91 isti
535 2080 266 91 continua
735 2080 200 91 serie
868 2080 355 91 episcoporum,
1157 2080 222 91 uerbum
1312 2080 155 91 dei
1401 2080 155 91 non
1468 2080 244 91 docentium

29 2134 279 90 syncere,
238 2134 210 90 neque
378 2134 326 90 fungentium
634 2134 279 90 pastorum
844 2134 256 90 munere,
1030 2134 186 90 quam
1146 2134 140 90 si
1216 2134 210 90 mundo
1356 2134 140 90 ob
1426 2134 233 90 oculos
1565 2134 140 90 sta-

23 2197 220 86 tuant
169 2197 245 86 magnam
341 2197 294 86 idolorum
561 2197 269 86 copiam.
757 2197 196 86 Quis
880 2197 196 86 enim
1002 2197 245 86 negare
1173 2197 245 86 audeat
1345 2197 245 86 bonam,
1516 2197 171 86 imo
1590 2197 122 86 ma-

20 2260 233 80 ximam
175 2260 259 80 partem
357 2260 337 80 Romanorum
616 2260 388 80 pontificum,
926 2260 207 80 post
1056 2260 337 80 Gregorium
1315 2260 285 80 magnum,
1496 2260 207 80 huius-

27 2306 177 88 modi
137 2306 221 88 fuisse
292 2306 221 88 idola,
446 2306 287 88 huiusmodi
667 2306 199 88 lupos
799 2306 110 88 &
843 2306 331 88 depastores,
1108 2306 221 88 quales
1263 2306 309 88 descripsit
1483 2306 221 88 propheta

30 2359 305 87 acharias?
264 2359 188 87 Quid
381 2359 188 87 ergo
499 2359 235 87 talium
663 2359 422 87 pseudopastorum
1015 2359 281 87 probaret
1226 2359 281 87 continua
1414 2359 281 87 successio-

24 2417 182 72 Quid
138 2417 182 72 quod
252 2417 273 72 postremi
457 2417 296 72 uniuersam
684 2417 205 72 prope
821 2417 296 72 ecclesiam
1048 2417 387 72 traditionibus
1367 2417 250 72 hominum
1526 2417 182 72 opple-

26 2480 215 71 uerunt
176 2480 107 71 &
219 2480 215 71 uerbum
369 2480 150 71 dei
455 2480 215 71 partim
606 2480 365 71 oppresserunt,
907 2480 215 71 partim
1057 2480 279 71 persecuti
1272 2480 193 71 sunt?
1401 2480 129 71 In
1466 2480 215 71 ueteri
1595 2480 107 71 ls-

25 2541 214 76 raelis
174 2541 257 76 ecclesia
367 2541 171 76 erat
474 2541 278 76 continuus
688 2541 171 76 ordo
795 2541 321 76 pontificum,
1051 2541 150 76 non
1137 2541 299 76 interrupta
1372 2541 214 76 serie,
1522 2541 128 76 ab
1565 2541 128 76 ipso

29 2583 212 94 Aarone
177 2583 127 94 ad
241 2583 191 94 Vriam
368 2583 212 94 usque,
516 2583 148 94 sub
601 2583 191 94 Achas
728 2583 254 94 uiuente,
918 2583 106 94 &
961 2583 127 94 ad
1024 2583 191 94 alios
1151 2583 191 94 usque
1278 2583 212 94 impios
1427 2583 318 94 pontifices,

23 2637 114 95 a
69 2637 205 95 uerbo
205 2637 159 95 dei
296 2637 137 95 ad
365 2637 341 95 traditiones
638 2637 273 95 hominum,
842 2637 159 95 imo
933 2637 114 95 &
979 2637 137 95 ad
1047 2637 364 95 idololatriam
1343 2637 364 95 deficientes.
1616 2637 91 95 At

22 2696 263 94 successio
224 2696 162 94 illa
325 2696 141 94 non
406 2696 242 94 probabat
588 2696 303 94 idololatras
830 2696 303 94 pontifices,
1073 2696 141 94 cum
1153 2696 242 94 ecclesia
1335 2696 182 94 ipsis
1457 2696 283 94 adherente,

26 2760 182 76 ueros
147 2760 141 76 dei
228 2760 303 76 pontifices,
470 2760 242 76 ueramque
652 2760 141 76 dei
733 2760 162 76 esse
834 2760 283 76 eeclesiam.
1056 2760 182 76 Certe
1177 2760 263 76 prophetae
1379 2760 141 76 dei
1460 2760 182 76 ueri,
1561 2760 141 76 ortho

32 2805 165 84 doxi
135 2805 103 84 &
177 2805 268 84 catholici
383 2805 185 84 uiri,
506 2805 247 84 solumque
692 2805 144 84 dei
774 2805 206 84 uerbum
918 2805 165 84 sine
1021 2805 371 84 traditionibus,
1330 2805 144 84 imo
1413 2805 206 84 contra
1536 2805 165 84 tradis

15 2869 214 85 tiones
165 2869 364 85 praedicantes,
465 2869 150 85 non
550 2869 279 85 potuerunt
765 2869 193 85 ullam
893 2869 279 85 recensere
1108 2869 343 85 antecessorum
1386 2869 300 85 sacerdotum
1601 2869 107 85 non

16 2924 303 88 interruptam
258 2924 222 88 seriem,
420 2924 121 88 in
481 2924 142 88 qua
562 2924 303 88 succederent
804 2924 182 88 ipsi,
926 2924 101 88 &
966 2924 182 88 tamen
1087 2924 182 88 erant
1209 2924 344 88 illustrissima
1472 2924 222 88 ecclesiae
