2288 3632
105 248 327 83 Antichristus
370 248 123 83 ut
432 248 225 83 minimum
596 248 245 83 supersit
780 248 205 83 fidei,
923 248 245 83 impijque
1107 248 245 83 dixerint
1291 248 143 83 pax
1373 248 102 83 &
1414 248 286 83 securitas,
1639 248 143 83 tum
1700 248 82 83 re

100 320 273 70 pentinus
305 320 228 70 ueniet
465 320 319 70 interitus.
715 320 228 70 Mittet
875 320 182 70 enim
989 320 342 70 archangelum
1262 320 182 70 suum
1376 320 205 70 iudex
1513 320 251 70 dominus
1672 320 114 70 no-

106 381 190 66 ster,
233 381 148 66 qui
317 381 232 66 clangat
486 381 190 66 tuba,
613 381 106 66 &
655 381 106 66 a
697 381 232 66 quatuor
866 381 211 66 uentis
1014 381 253 66 colligat
1204 381 190 66 omnem
1331 381 211 66 carnem
1478 381 127 66 ad
1542 381 275 66 iudicium:

106 435 147 70 mox
190 435 253 70 sequetur
380 435 169 70 ipse
485 435 190 70 iudex
611 435 232 70 dominus
780 435 211 70 noster
927 435 190 70 Iesus
1054 435 253 70 Christus
1243 435 147 70 cum
1328 435 169 70 toto
1433 435 253 70 exercitu
1601 435 169 70 coelo-

111 484 163 76 rum:
213 484 265 76 descendet
417 484 184 76 autem
539 484 102 76 e
580 484 184 76 coelo
702 484 122 76 in
764 484 204 76 nubes:
906 484 122 76 ac
968 484 122 76 in
1029 484 224 76 nubibus
1192 484 143 76 ceu
1274 484 122 76 in
1335 484 265 76 tribunali
1539 484 245 76 sublimis
1702 484 82 76 re

107 537 202 77 fidens
248 537 262 77 apparebit
450 537 262 77 illustris
651 537 161 77 omni
752 537 202 77 carni.
893 537 121 77 Qu
954 537 161 77 enim
1054 537 242 77 uixerint
1236 537 121 77 in
1296 537 141 77 hoc
1377 537 242 77 saeculo,
1558 537 161 77 isto
1639 537 141 77 iudi-

106 594 150 73 cij
191 594 235 73 tempore
362 594 235 73 stabunt
533 594 193 73 coram
662 594 214 73 iudice
811 594 128 73 in
876 594 214 73 puncto
1025 594 278 73 immutati:
1239 594 214 73 mortui
1389 594 171 73 uero
1496 594 278 73 resurgent
1688 594 86 73 in

103 651 243 72 momento
280 651 221 72 omnes.
435 651 177 72 Tunc
546 651 199 72 iudex
678 651 288 72 separabit
900 651 177 72 oues
1010 651 133 72 ab
1077 651 221 72 hoedis
1232 651 111 72 :
1276 651 111 72 &
1320 651 354 72 pronunciabit
1608 651 221 72 iustam

100 718 148 64 pro
185 718 212 64 ouibus
333 718 106 64 &
375 718 212 64 contra
523 718 212 64 hoedos
672 718 318 64 sententiam,
926 718 212 64 Venite
1074 718 297 64 benedicti,
1307 718 148 64 &c.
1392 718 148 64 Et,
1476 718 191 64 Abite
1582 718 191 64 maledi-

100 764 170 76 cti,
206 764 149 76 &c.
291 764 256 76 Sequetur
483 764 149 76 mox
568 764 170 76 ipsa
675 764 277 76 executio.
888 764 170 76 Ques
995 764 170 76 enim
1101 764 213 76 sursum
1250 764 256 76 protinus
1442 764 277 76 rapientur
1655 764 128 76 in
1698 764 85 76 nu

109 811 138 81 bes
188 811 197 81 obuiam
326 811 197 81 domino
465 811 118 81 in
524 811 178 81 aera,
642 811 316 81 ascendentque
899 811 138 81 cum
978 811 158 81 illo
1076 811 178 81 laeti
1195 811 118 81 in
1254 811 197 81 coelos
1392 811 118 81 ad
1451 811 237 81 dexteram
1629 811 138 81 dei
1688 811 99 81 pa-

110 876 177 67 tris,
228 876 236 67 aeternum
406 876 216 67 uicturi
563 876 118 67 in
622 876 197 67 gloria
760 876 98 67 &
799 876 216 67 gaudio.
956 876 197 67 Impijs
1094 876 236 67 dehiscet
1271 876 138 67 ima
1350 876 216 67 tellus,
1488 876 295 67 absorbebitque

106 932 334 74 horribiliter
377 932 292 74 uniuersos,
607 932 271 74 demittens
815 932 146 74 eos
899 932 125 74 ad
961 932 229 74 tartara
1128 932 250 74 aeternum
1316 932 146 74 cum
1400 932 229 74 sathana
1566 932 104 74 &
1587 932 188 74 angelis

99 985 165 68 eius
203 985 310 68 cruciandos.
450 985 186 68 Fient
574 985 165 68 haec
677 985 186 68 omnia
801 985 144 68 non
884 985 206 68 longo,
1028 985 248 68 molesto,
1214 985 289 68 uersipelli
1441 985 103 68 &
1482 985 248 68 iuridico
1647 985 124 68 quo-

105 1050 148 71 dam
189 1050 274 71 processu,
400 1050 148 71 sed
485 1050 274 71 extemplo.
695 1050 169 71 Tunc
801 1050 169 71 enim
906 1050 253 71 patebunt
1096 1050 211 71 omnium
1244 1050 211 71 corda,
1391 1050 127 71 et
1455 1050 274 71 accusabit
1644 1050 127 71 unum

112 1100 223 72 quemque
274 1100 142 72 sua
355 1100 202 72 ipsius
496 1100 324 72 conscientia.
759 1100 263 72 Copiosius
962 1100 162 72 haec
1063 1100 263 72 traduntur
1265 1100 202 72 Matth.
1407 1100 142 72 24.
1488 1100 101 72 &
1528 1100 142 72 25.
1609 1100 162 72 Sap.
1690 1100 81 72 3-

112 1153 88 75 &
148 1153 105 75 5.
200 1153 105 75 5.
253 1153 141 75 Cor.
341 1153 123 75 15.
411 1153 105 75 2.
464 1153 176 75 Corin.
587 1153 105 75 5.
639 1153 88 75 .
675 1153 176 75 Lhess.
797 1153 105 75 4.
850 1153 88 75 &
885 1153 105 75 5.
938 1153 141 75 Rom.
1026 1153 105 75 2.
1079 1153 105 75 2.
1131 1153 141 75 Pet.
1219 1153 105 75 3.
1254 1153 88 75 &c.

181 1198 258 78 Caeterum
374 1198 343 78 singulariter
653 1198 300 78 confitemur
889 1198 300 78 iudicandos
1125 1198 172 78 fore
1232 1198 193 78 uiuos
1361 1198 107 78 &
1404 1198 258 78 mortuos.
1597 1198 129 78 Id
1661 1198 172 78 quod

107 1276 256 63 nonnulli
298 1276 256 63 exponunt
490 1276 128 63 de
554 1276 170 63 pijs
661 1276 107 63 &
703 1276 234 63 impijs.
874 1276 192 63 Atqui
1002 1276 256 63 symbolum
1193 1276 234 63 paratum
1364 1276 149 63 est
1449 1276 320 63 simplicibus
1683 1276 107 63 ma-

107 1324 190 72 xime.
233 1324 126 72 At
297 1324 316 72 simplicibus
549 1324 295 72 conueniunt
781 1324 295 72 simplicia.
1013 1324 232 72 lccirco
1181 1324 211 72 mortui
1329 1324 169 72 sunt
1434 1324 190 72 omnes
1539 1324 232 72 quicunque

104 1385 133 67 ab
170 1385 243 67 exordio
347 1385 199 67 mundi
480 1385 133 67 ad
547 1385 177 67 diem
657 1385 199 67 usque
790 1385 243 67 ultimum
967 1385 332 67 excesserunt
1233 1385 111 67 e
1277 1385 221 67 uiuis.
1432 1385 177 67 Viui
1543 1385 199 67 autem
1653 1385 133 67 sunt

111 1445 169 62 quos
216 1445 317 62 deprehendet
470 1445 169 62 dies
575 1445 169 62 illa
681 1445 253 62 uiuentes
871 1445 190 62 adhuc
998 1445 127 62 in
1061 1445 148 62 hoc
1146 1445 253 62 saeculo.
1336 1445 275 62 Apostolus
1547 1445 190 62 enim,
1652 1445 127 62 Ecce

104 1495 304 64 mysterium
337 1495 210 64 uobis
478 1495 210 64 dico,
618 1495 187 64 ait,
735 1495 164 64 Non
828 1495 210 64 omnes
969 1495 234 64 quidem
1132 1495 327 64 dormiemus,
1390 1495 210 64 omnes
1530 1495 210 64 tamen
1647 1495 140 64 immu

109 1543 239 72 tabimur
283 1543 130 72 in
348 1543 217 72 puncto
500 1543 282 72 temporis,
718 1543 130 72 in
783 1543 239 72 momento
956 1543 196 72 oculi
1087 1543 152 72 per
1174 1543 261 72 extremam
1369 1543 217 72 tubam.
1521 1543 196 72 Canet
1630 1543 152 72 enim,

104 1601 111 67 &
148 1601 222 67 mortui
303 1601 288 67 resurgent
525 1601 444 67 incorruptibiles,
902 1601 111 67 &
946 1601 155 67 nos
1035 1601 355 67 immutabimur,
1323 1601 222 67 Rursus
1479 1601 177 67 alio
1590 1601 133 67 in
1634 1601 133 67 locc

96 1667 180 61 idem
208 1667 314 61 apostolus,
455 1667 157 61 Hoc
544 1667 247 61 dicimus
724 1667 202 61 uobis
859 1667 135 61 in
926 1667 202 61 uerbo
1061 1667 247 61 domini,
1240 1667 180 61 quod
1353 1667 157 61 nos
1442 1667 157 61 qui
1532 1667 247 61 uiuemus
1712 1667 112 61 &

97 1729 250 63 reliqui
279 1729 227 63 erimus
438 1729 136 63 in
506 1729 272 63 aduentum
710 1729 250 63 domini,
892 1729 295 63 nequaquam
1119 1729 363 63 praeueniemus
1414 1729 159 63 eos
1505 1729 159 63 qui
1573 1729 204 63 dormie-

111 1783 198 55 runt.
243 1783 242 55 Quoniam
419 1783 176 55 ipse
529 1783 242 55 dominus
705 1783 154 55 cum
793 1783 242 55 hortatu
969 1783 110 55 &
1013 1783 176 55 uoce
1123 1783 308 55 archangeli
1365 1783 132 55 ac
1431 1783 176 55 tuba
1541 1783 154 55 dei
1607 1783 176 55 descen

115 1823 149 66 det
200 1823 107 66 e
243 1823 214 66 coelo,
392 1823 107 66 &
435 1823 214 66 mortui
584 1823 128 66 in
648 1823 235 66 Christo
819 1823 278 66 resurgent
1033 1823 235 66 primum,
1204 1823 214 66 deinde
1353 1823 149 66 nos
1438 1823 149 66 qui
1524 1823 235 66 uiuemus
1673 1823 107 66 qui

108 1889 224 62 reliqui
271 1889 224 62 erimus,
433 1889 183 62 simul
556 1889 143 62 cum
637 1889 183 62 illis
759 1889 244 62 rapiemur
942 1889 122 62 in
1003 1889 244 62 nubibus,
1187 1889 122 62 in
1248 1889 244 62 occursum
1431 1889 224 62 domini,
1594 1889 122 62 in
1634 1889 143 62 aera:

108 1936 116 67 &
154 1936 163 67 sic
247 1936 233 67 semper
410 1936 163 67 cum
503 1936 233 67 domino
643 1936 209 67 erimus,

204 1992 303 64 Confitemur
443 1992 173 64 ergo
551 1992 152 64 hoc
637 1992 260 64 articulo
832 1992 130 64 7.
897 1992 152 64 nos
984 1992 238 64 credere
1157 1992 195 64 finem
1287 1992 217 64 affore
1439 1992 195 64 rerum
1568 1992 217 64 omnium
1698 1992 87 64 in

103 2037 149 78 hoc
188 2037 255 78 saeculo,
379 2037 383 78 felicitatemque
699 2037 255 78 impiorum
890 2037 149 78 non
975 2037 170 78 fore
1082 2037 298 78 perpetuam.
1316 2037 170 78 Deum
1422 2037 170 78 enim
1529 2037 213 78 iustum
1656 2037 128 78 esse

115 2115 139 60 qui
195 2115 159 60 omne
294 2115 219 60 dederit
453 2115 238 60 iudicium
632 2115 179 60 filio
751 2115 159 60 suo,
850 2115 139 60 qui
930 2115 99 60 &
969 2115 278 60 repensurus
1188 2115 139 60 sit
1267 2115 119 60 in
1327 2115 159 60 illo
1426 2115 139 60 die
1506 2115 258 60 unicuique
1685 2115 99 60 iu-

115 2155 145 72 xta
198 2155 187 72 opera
323 2155 166 72 sua,
427 2155 208 72 impijs
572 2155 249 72 tormenta
759 2155 228 72 nunquam
925 2155 312 72 terminanda,
1175 2155 166 72 pijs
1278 2155 208 72 eterna
1424 2155 228 72 gaudia.
1590 2155 228 72 Adeoque

111 2221 292 69 profitemur
341 2221 146 69 hoc
424 2221 250 69 articulo
612 2221 146 69 nos
696 2221 271 69 expectare
904 2221 355 69 liberationem,
1197 2221 334 69 refrigerium,
1468 2221 104 69 &
1510 2221 250 69 praemium
1677 2221 104 69 ui-

113 2279 152 62 tae
200 2279 281 62 aeternae.
416 2279 238 62 Quomodo
590 2279 173 62 enim
698 2279 281 62 credentes
914 2279 195 62 suos,
1044 2279 238 62 populum
1217 2279 195 62 suum,
1347 2279 108 62 &
1390 2279 216 62 seruos
1542 2279 173 62 suos
1628 2279 152 62 perde

106 2336 141 60 ret
187 2336 141 60 qui
267 2336 121 60 in
328 2336 303 60 ueracissimo
570 2336 262 60 euangelio
771 2336 202 60 dixit,
913 2336 161 60 Amen
1014 2336 161 60 dico
1114 2336 202 60 uobis,
1256 2336 161 60 quod
1356 2336 141 60 uos
1437 2336 141 60 qui
1518 2336 202 60 secuti
1639 2336 141 60 estis

119 2388 134 60 me,
196 2388 115 60 in
253 2388 346 60 regeneratione,
541 2388 134 60 cum
618 2388 211 60 sederit
772 2388 192 60 filius
906 2388 211 60 hominis
1060 2388 115 60 in
1118 2388 154 60 sede
1214 2388 269 60 maiestatis
1425 2388 173 60 suae,
1540 2388 250 60 sedibitis
1713 2388 58 60 &

111 2439 144 70 uos
194 2439 185 70 super
317 2439 185 70 sedes
441 2439 247 70 duodecim
626 2439 288 70 iudicantes
853 2439 247 70 duodecim
1038 2439 206 70 tribus
1183 2439 227 70 lsrael.
1347 2439 288 70 Certissima
1574 2439 165 70 sunt
1656 2439 124 70 prae

123 2488 144 73 mia
205 2488 103 73 &
246 2488 267 73 supplicia
451 2488 164 73 pijs
553 2488 103 73 &
594 2488 205 73 impijs
738 2488 123 73 in
799 2488 185 73 uerbo
922 2488 267 73 ueritatis
1127 2488 287 73 proposita.
1353 2488 328 73 Veracissimus
1619 2488 144 73 est
1681 2488 103 73 qui

107 2560 127 58 ad
170 2560 211 58 lsaiam
318 2560 211 58 dixit,
465 2560 211 58 Dicite
613 2560 190 58 iusto
740 2560 169 58 quod
845 2560 169 58 bene
951 2560 148 58 sit
1035 2560 295 58 habiturus,
1267 2560 211 58 fructu
1414 2560 274 58 studiorum
1604 2560 169 58 suorum

110 2602 267 76 fruetur.
310 2602 156 76 Vae
399 2602 222 76 impio,
555 2602 178 76 male
666 2602 267 76 habebit,
866 2602 245 76 quoniam
1044 2602 311 76 rependetur
1289 2602 133 76 ei
1355 2602 267 76 secundum
1556 2602 200 76 opera
1667 2602 111 76 ma-

110 2668 180 70 nuum
223 2668 248 70 suarum.
404 2668 135 70 Et
471 2668 180 70 haec
584 2668 226 70 quidem
742 2668 271 70 hactenus
945 2668 135 70 de
1013 2668 226 70 ordine
1171 2668 248 70 symboli
1351 2668 271 70 secundo.
1532 2668 248 70 Descendis

117 2725 150 59 mus
202 2725 150 59 iam
288 2725 128 59 ad
352 2725 235 59 ordinem
501 2725 235 59 tertium.-

202 2747 367 93 Articulus
484 2747 254 93 fidei
653 2747 310 93 octauus
879 2747 197 93 hic
991 2747 226 93 est,
1132 2747 254 93 CREDO
1302 2747 169 93 IN
1386 2747 338 93 SPIRITVM
1612 2747 169 93 SAN-

115 2835 185 64 CTVM.
239 2835 247 64 Continet
424 2835 144 64 hic
506 2835 165 64 ordo
609 2835 247 64 tertius,
794 2835 226 64 tertiae
959 2835 123 64 in
1020 2835 247 64 adoranda
1205 2835 267 64 trinitate
1411 2835 329 64 proprietatem
1658 2835 123 64 per-

117 2881 213 77 sonae,
266 2881 192 77 Recte
394 2881 192 77 autem
522 2881 256 77 credimus
713 2881 128 77 in
777 2881 256 77 spiritum
969 2881 256 77 sanctum,
1161 2881 192 77 sicut
1289 2881 128 77 in
1353 2881 213 77 patrem
1502 2881 107 77 &
1545 2881 128 77 in
1587 2881 192 77 filium.
