2288 3632
525 273 122 81 in
586 273 142 81 hoc
667 273 162 81 esse
768 273 182 81 datam
890 273 263 81 ecclesiae
1092 273 304 81 potestatem,
1335 273 122 81 ut
1396 273 284 81 exerceatur
1619 273 122 81 in
1680 273 263 81 ecclesiae
1883 273 243 81 salutem.
2045 273 162 81 Etenim

538 325 132 87 S.
604 325 243 87 Paulus,
781 325 199 87 Dedit
913 325 199 87 nobis
1045 325 243 87 dominus
1222 325 331 87 potestatem,
1487 325 221 87 inquit
1641 325 132 87 in
1707 325 419 87 aedificationem,
2061 325 110 87 &
2105 325 154 87 non

529 392 128 70 in
593 392 363 70 destructionem
892 392 299 70 ecclesiae.
1126 392 171 70 Ergo
1233 392 171 70 quae
1340 392 128 70 in
1404 392 320 70 detrimentum
1660 392 107 70 &
1703 392 320 70 perditionem
1959 392 235 70 uergit,
2108 392 107 70 ty-

527 451 208 72 rannis
673 451 146 72 est
756 451 292 72 sathanica,
986 451 146 72 non
1069 451 250 72 potestas
1256 451 104 72 a
1298 451 146 72 deo
1382 451 333 72 proficiscens
1652 451 375 72 ecclesiastica.
1965 451 125 72 Ac
2007 451 208 72 praestat

531 507 162 80 hunc
632 507 183 80 finem
754 507 284 80 potestatis
977 507 366 80 ecclesiasticae
1282 507 284 80 diligenter
1485 507 183 80 tenere.

595 554 234 73 Caeterum
770 554 234 73 potestas
945 554 156 73 illa
1042 554 234 73 limitata
1217 554 253 73 ecclesiae
1412 554 156 73 fere
1509 554 117 73 in
1568 554 175 73 hisce
1684 554 234 73 uersatur
1860 554 272 73 capitibus,
2074 554 117 73 in
2113 554 97 73 or-

543 607 257 85 dinandis
735 607 321 85 ecclesiarum
992 607 300 85 ministris,
1228 607 128 85 in
1292 607 278 85 doctrina,
1506 607 107 85 &
1549 607 128 85 in
1613 607 364 85 dijudicatione
1913 607 343 85 doctrinarum,

548 672 229 65 denique
715 672 125 65 in
777 672 313 65 dispositone
1027 672 188 65 rerum
1152 672 438 65 ecclesiasticarum.
1527 672 125 65 De
1590 672 250 65 singulis
1777 672 208 65 ordine
1923 672 229 65 paucula
2069 672 146 65 dice-

546 718 167 88 mus,
650 718 313 88 explicantes
900 718 208 88 qualis
1046 718 146 88 sit
1130 718 271 88 ecclesiae
1338 718 271 88 potestas,
1546 718 104 88 &
1588 718 229 88 quomodo
1755 718 271 88 limitetur
1963 718 125 88 in
2005 718 208 88 singulis

545 776 295 96 capitibus.
777 776 232 96 Dominus
946 776 169 96 ipse
1051 776 211 96 quidem
1199 776 211 96 primos
1347 776 274 96 ecclesiae
1558 776 253 96 doctores
1748 776 274 96 apostolos
1959 776 295 96 ordinauit,

541 834 122 79 ut
602 834 183 79 omnes
724 834 224 79 homines
887 834 346 79 intelligerent
1172 834 306 79 ministerium
1417 834 367 79 ecclesiasticum
1722 834 204 79 ipsius
1865 834 143 79 dei
1946 834 224 79 diuinam
2089 834 122 79 esse

537 888 398 91 institutionem,
869 888 111 91 &
913 888 155 91 non
1001 888 133 91 ab
1068 888 288 91 hominibus
1289 888 265 91 inuentam
1488 888 354 91 traditionem.
1776 888 177 91 Ergo
1886 888 243 91 postque
2041 888 177 91 assum-

536 943 168 94 ptus
641 943 189 94 esset
766 943 126 94 in
829 943 209 94 coelos
976 943 251 94 dominus,
1165 943 126 94 S.
1227 943 209 94 Petrus
1374 943 272 94 conuocata
1584 943 251 94 ecclesia
1772 943 251 94 loquitur
1961 943 126 94 ex
2003 943 209 94 scriptu-

534 1017 147 62 ris
618 1017 126 62 de
681 1017 168 62 alio
786 1017 294 62 surrogando
1018 1017 252 62 apostolo
1207 1017 126 62 in
1270 1017 189 62 locum
1396 1017 294 62 proditoris
1627 1017 210 62 ludae,
1774 1017 126 62 eo
1838 1017 168 62 ipso
1943 1017 189 62 facto
2048 1017 168 62 decla-

530 1053 162 77 rans
631 1053 264 77 ecclesiae
834 1053 102 77 a
875 1053 142 77 deo
956 1053 183 77 datam
1078 1053 162 77 esse
1179 1053 244 77 eligendi
1362 1053 264 77 ministros
1565 1053 142 77 uel
1646 1053 244 77 doctores
1829 1053 305 77 potestatem.
2073 1053 183 77 Eadem

540 1121 257 69 ecclesia
733 1121 150 69 mox
818 1121 107 69 &
861 1121 257 69 diaconos
1054 1121 236 69 septem,
1226 1121 150 69 ita
1311 1121 257 69 suadente
1504 1121 193 69 Petro
1633 1121 300 69 apostolis,
1869 1121 236 69 nimirum
2019 1121 193 69 spiritu

545 1168 196 76 sancto
682 1168 293 76 inspiratis,
917 1168 215 76 elegit.
1074 1168 274 76 Antiochena
1289 1168 235 76 ecclesia
1465 1168 254 76 manifeste
1660 1168 254 76 instructa
1856 1168 98 76 a
1895 1168 215 76 spiritu
2032 1168 176 76 sancto,

536 1225 221 78 Paulum
691 1225 110 78 &
735 1225 287 78 Barnabam,
956 1225 199 78 licet
1088 1225 155 78 iam
1177 1225 177 78 olim
1287 1225 133 78 ad
1353 1225 331 78 ministerium
1618 1225 331 78 designatos,
1884 1225 243 78 ordinat
2060 1225 110 78 &
2082 1225 133 78 mit-

537 1298 162 61 tit.
638 1298 243 61 Leguntur
821 1298 264 61 praeterea
1023 1298 122 61 in
1084 1298 183 61 Actis
1206 1298 304 61 apostolorum
1449 1298 284 61 ecclefiae,
1672 1298 264 61 apostolis
1875 1298 142 61 ita
1956 1298 304 61 iubentibus,

537 1352 259 61 doctores
732 1352 130 61 ad
797 1352 324 61 ministerium
1056 1352 216 61 sacrum
1208 1352 238 61 quoties
1381 1352 151 61 res
1467 1352 303 61 postulabat
1705 1352 303 61 ordinasse.
1943 1352 130 61 At
2008 1352 151 61 non
2073 1352 151 61 ordi-

538 1408 205 61 nabant
681 1408 225 61 interim
845 1408 287 61 quoslibet,
1070 1408 143 61 sed
1152 1408 246 61 idoneos,
1336 1408 123 61 id
1397 1408 143 61 est
1479 1408 205 61 tales,
1622 1408 205 61 quales
1766 1408 225 61 legibus
1929 1408 266 61 expressis
2114 1408 102 61 po-

539 1452 160 77 stea
639 1452 361 77 descripserunt,
940 1452 120 77 Si
1000 1452 160 77 quis
1101 1452 181 77 esset
1221 1452 341 77 inculpabilis,
1502 1452 181 77 unius
1622 1452 201 77 uxoris
1763 1452 241 77 maritus,
1943 1452 261 77 uigilans,
2124 1452 100 77 so-

548 1512 211 72 brius,
696 1512 148 72 &c.
780 1512 190 72 Notus
907 1512 148 72 est
992 1512 169 72 enim
1097 1512 190 72 Canon
1224 1512 317 72 apostolicus
1478 1512 232 72 aeditus
1647 1512 127 72 1.
1710 1512 232 72 Timoth.
1879 1512 127 72 3.
1942 1512 169 72 cap.
2048 1512 148 72 Sed
2111 1512 106 72 di-

535 1568 227 75 cemus,
694 1568 159 75 deo
785 1568 273 75 uolente,
990 1568 136 75 de
1058 1568 341 75 Ordinatione
1330 1568 341 75 ministrorum
1603 1568 250 75 Sermone
1784 1568 204 75 huius
1921 1568 227 75 Decad.
2080 1568 136 75 3.
2125 1568 91 75 Si

544 1619 171 75 uero
650 1619 235 75 accepit
821 1619 256 75 ecclesia
1013 1619 299 75 potestatem
1248 1619 235 75 ponendi
1419 1619 278 75 ministros
1633 1619 320 75 ecclesiarum
1889 1619 256 75 idoneos,
2060 1619 149 75 certe

681 1691 234 67 negabit
851 1691 276 67 ecclesiam
1064 1691 276 67 facultate
1276 1691 298 67 destitutam
1510 1691 170 67 esse
1617 1691 276 67 deponendi
1829 1691 255 67 indignos
2021 1691 106 67 &
2042 1691 170 67 impios

532 1746 288 62 seductores
758 1746 103 62 :
800 1746 288 62 corrigendi
1026 1746 226 62 denique
1190 1746 123 62 ea
1252 1746 164 62 quae
1354 1746 164 62 huic
1457 1746 247 62 uidentur
1642 1746 205 62 deesse
1786 1746 205 62 ordini
1909 1746 267 62 necessaria.

619 1797 229 74 Quoniam
786 1797 166 74 uero
889 1797 249 74 ministri
1077 1797 270 74 praecipue
1284 1797 125 74 ad
1347 1797 249 74 docendum
1534 1797 312 74 deliguntur,
1783 1797 249 74 ecclesia
1971 1797 291 74 potestatem

537 1842 196 78 habet
668 1842 261 78 docendi,
864 1842 327 78 adhortandi,
1126 1842 327 78 consolandi,
1387 1842 153 78 &c.
1474 1842 153 78 per
1561 1842 283 78 ministros
1779 1842 174 78 suos
1888 1842 305 78 legitimos:
2106 1842 109 78 do-

543 1900 195 86 cendi
674 1900 195 86 autem
804 1900 152 86 non
891 1900 304 86 quidlibet,
1129 1900 152 86 sed
1216 1900 174 86 quod
1325 1900 261 86 traditum
1520 1900 239 86 accepit
1694 1900 109 86 a
1737 1900 239 86 domino,
1911 1900 152 86 per
1976 1900 239 86 doctrinam

537 1954 327 96 prophetarum
799 1954 109 96 &
843 1954 349 96 apostolorum.
1126 1954 218 96 Docete
1279 1954 175 96 eos,
1388 1954 153 96 ait
1475 1954 262 96 dominus,
1672 1954 175 96 quae
1781 1954 153 96 ego
1868 1954 262 96 praecepi
2042 1954 175 96 uobis.

543 2014 167 69 ste,
648 2014 293 69 praedicate
878 2014 293 69 euangelium
1108 2014 167 69 omni
1212 2014 293 69 creaturae.
1442 2014 125 69 Et
1505 2014 230 69 Paulus,
1672 2014 293 69 Segregatus
1902 2014 146 69 sum
1986 2014 125 69 ad
2028 2014 188 69 praedi-

543 2068 209 79 candum
690 2068 314 79 euangelium,
941 2068 167 79 quod
1046 2068 167 79 ante
1150 2068 251 79 promisit
1339 2068 147 79 per
1422 2068 272 79 prophetas
1632 2068 167 79 suos
1736 2068 126 79 in
1799 2068 293 79 scripturis
2009 2068 209 79 sanctis.

541 2128 144 67 Est
624 2128 185 67 autem
747 2128 144 67 hoc
830 2128 227 67 docendi
995 2128 309 67 ministerium
1242 2128 185 67 aliud
1366 2128 185 67 nihil
1489 2128 165 67 quam
1592 2128 247 67 potestas
1778 2128 247 67 clauium,
1963 2128 165 67 quas
2046 2128 185 67 accepit

552 2185 264 62 ecclesia:
754 2185 264 62 officium,
957 2185 223 62 inquam,
1119 2185 223 62 ligandi
1282 2185 101 62 &
1322 2185 264 62 soluendi,
1525 2185 264 62 aperiendi
1727 2185 182 62 atque
1849 2185 264 62 claudendi
2032 2185 182 62 coelum,

543 2243 296 68 Acceperunt
776 2243 190 68 alibi
902 2243 212 68 quoque
1051 2243 106 68 a
1093 2243 212 68 domino
1241 2243 254 68 apostoli
1431 2243 296 68 potestatem
1664 2243 190 68 super
1791 2243 212 68 omnia:
1939 2243 190 68 super
2045 2243 169 68 omnia,

539 2301 249 67 inquam,
720 2301 158 67 non
811 2301 294 67 absolute,
1037 2301 158 67 sed
1127 2301 203 67 super
1263 2301 203 67 omnia
1398 2301 294 67 daemonia,
1624 2301 113 67 &
1670 2301 158 67 non
1760 2301 203 67 super
1896 2301 203 67 omnes
2009 2301 203 67 angelos

545 2349 114 74 &
591 2349 274 74 homines:
796 2349 114 74 &
842 2349 183 74 quam
956 2349 137 74 in
1025 2349 274 74 daemones
1230 2349 320 74 potestatem
1481 2349 320 74 acceperunt
1733 2349 137 74 ne
1801 2349 206 74 ipsam
1938 2349 228 74 quidem
2075 2349 137 74 abso

539 2403 204 81 lutam
675 2403 340 81 acceperunt.
947 2403 249 81 Additur
1129 2403 204 81 enim,
1265 2403 136 81 Vt
1333 2403 340 81 expellerent
1605 2403 181 81 eos.
1718 2403 249 81 Proinde
1900 2403 159 81 non
1968 2403 249 81 potuerunt

550 2458 152 86 pro
637 2458 152 86 suo
724 2458 260 86 arbitrio
919 2458 152 86 cum
1006 2458 282 86 demonibus
1223 2458 195 86 agere
1353 2458 173 86 quod
1461 2458 304 86 uoluerunt,
1700 2458 152 86 sed
1786 2458 173 86 quod
1895 2458 108 86 &
1938 2458 239 86 quantum
2090 2458 130 86 ille

549 2522 212 80 uoluit
697 2522 148 80 cui
782 2522 254 80 absoluta
973 2522 148 80 est
1058 2522 127 80 in
1121 2522 254 80 daemonas
1312 2522 276 80 potestas.
1524 2522 127 80 Et
1588 2522 127 80 ut
1651 2522 254 80 daemonas
1842 2522 276 80 expellere
2054 2522 127 80 ex
2097 2522 127 80 homi

539 2579 197 74 nibus
670 2579 153 74 non
758 2579 306 74 immittere,
998 2579 175 74 etsi
1107 2579 306 74 uoluissent
1347 2579 240 74 maxime,
1522 2579 306 74 potuerunt:
1762 2579 153 74 ita
1850 2579 131 74 de
1915 2579 218 74 morbis
2068 2579 153 74 non
2134 2579 87 74 po

543 2626 249 71 tuerunt
725 2626 204 71 agere
861 2626 181 71 quod
974 2626 317 71 uoluerunt.
1223 2626 249 71 Alioqui
1405 2626 181 71 enim
1518 2626 159 71 non
1609 2626 340 71 reliquisset
1881 2626 136 71 S.
1949 2626 227 71 Paulus
2085 2626 136 71 Tro-

542 2681 218 82 phimum
695 2681 218 82 Mileti
848 2681 327 82 languentem,
1110 2681 284 82 tantopere
1328 2681 175 82 ipsi
1437 2681 131 82 in
1503 2681 306 82 ministerio
1743 2681 196 82 sacro
1874 2681 240 82 utilem.
2027 2681 196 82 Euocas-

552 2755 176 58 sent,
670 2755 118 58 si
729 2755 216 58 quiduis
886 2755 274 58 potuissent
1101 2755 137 58 duo
1179 2755 118 58 in
1238 2755 216 58 Samaria
1395 2755 274 58 discipuli,
1611 2755 176 58 ignem
1728 2755 255 58 coelitus,
1924 2755 176 58 atque
2042 2755 137 58 ita
2100 2755 118 58 sup-

548 2816 249 63 plicium
729 2816 339 63 sumpsissent
1000 2816 136 63 de
1068 2816 339 63 Samaritanis
1339 2816 294 63 inhumanis
1566 2816 113 63 &
1611 2816 271 63 barbaris
1814 2816 294 63 hominibus
2018 2816 203 63 Christo

546 2851 182 74 doino
667 2851 283 74 negantibus
889 2851 283 74 hospitium.
1111 2851 161 74 Pari
1212 2851 161 74 modo
1313 2851 161 74 illi
1414 2851 161 74 ipsi
1515 2851 242 74 apostoli
1696 2851 222 74 claues,
1858 2851 121 74 id
1918 2851 141 74 est
1979 2851 242 74 potestatem

531 2909 304 89 acceperunt
770 2909 239 89 ligandi
944 2909 109 89 &
987 2909 282 89 soluendi,
1204 2909 282 89 aperiendi
1421 2909 109 89 &
1464 2909 282 89 claudendi
1681 2909 239 89 coelum,
1855 2909 304 89 remittendi
2094 2909 109 89 &
2115 2909 109 89 re
