2288 3632
499 267 144 112 pro
582 267 185 112 ueris
705 267 144 112 dei
787 267 267 112 ecclesiae
992 267 267 112 ministris
1197 267 144 112 aut
1279 267 308 112 doctoribus,
1525 267 144 112 sed
1607 267 328 112 condemnentur
1874 267 144 112 pro
1936 267 246 112 seditiosis

515 336 256 78 ecclesiae
712 336 315 78 turbatoribus
968 336 98 78 &
1008 336 276 78 haereticis
1224 336 355 78 execrabilibus.
1520 336 236 78 Exemplis
1697 336 98 78 e
1737 336 256 78 scriptura
1934 336 217 78 petitis
2072 336 98 78 res

507 405 169 76 fiet
613 405 318 76 illustrior.
867 405 296 76 Temporibus
1100 405 191 76 Achaz
1227 405 191 76 regis
1354 405 191 76 luda,
1481 405 169 76 Vria
1586 405 191 76 Pont.
1713 405 191 76 summo
1840 405 318 76 conniuente,
2073 405 106 76 nec

507 453 365 74 resistentibus
807 453 193 74 regni
935 453 322 74 principibus
1193 453 107 74 &
1236 453 365 74 sacerdotibus,
1536 453 150 74 rex
1622 453 236 74 templum
1793 453 214 74 domini
1943 453 257 74 clausit,
2115 453 64 74 &

515 505 257 75 cathedram
713 505 197 75 sacram
851 505 257 75 sustulit:
1048 505 118 75 id
1108 505 158 75 quod
1206 505 257 75 scriptura
1404 505 217 75 diserte
1562 505 257 75 testatur:
1759 505 217 75 ideoque
1917 505 276 75 cessauerat
2115 505 59 75 &

505 561 323 93 ministerium
764 561 194 93 uerbi
893 561 108 93 &
936 561 366 93 sacrificiorum
1238 561 280 93 legitimum
1453 561 151 93 seu
1539 561 301 93 ordinarium
1776 561 108 93 :
1819 561 151 93 sed
1905 561 215 93 nihilo
2034 561 151 93 minus

520 611 160 82 erat
620 611 200 82 sancta
760 611 120 82 in
820 611 180 82 regno
940 611 180 82 ludae
1061 611 260 82 ecclesia:
1261 611 120 82 in
1321 611 140 82 qua
1401 611 200 82 lsaiam
1541 611 240 82 docuisse
1721 611 140 82 cum
1802 611 180 82 alijs
1922 611 260 82 quibusdam
2102 611 80 82 ue

520 670 166 83 luti
624 670 435 83 extraordinarie(ut
996 670 145 83 sic
1079 670 207 83 dicam)
1224 670 186 83 nulli
1348 670 145 83 est
1431 670 228 83 dubium.
1597 670 145 83 Sub
1679 670 228 83 Manasse
1845 670 207 83 Achaze
1990 670 186 83 tegis
2093 670 83 83 ne

507 724 172 90 pote
614 724 258 90 exulabat
807 724 236 90 syncera
979 724 258 90 doctrina
1172 724 107 90 &
1215 724 365 90 sacramentorum
1516 724 301 90 celebratio
1752 724 387 90 (circuncisione
2075 724 150 90 dem

520 781 178 94 pta:)
639 781 119 94 ac
698 781 218 94 durauit
857 781 119 94 ea
916 781 237 94 defectio
1094 781 178 94 donec
1213 781 317 94 reformaretur
1470 781 99 94 a
1509 781 178 94 losia
1628 781 237 94 pijssimo
1806 781 158 94 rege
1905 781 257 94 ecclesia:
2083 781 99 94 in-

518 837 180 80 terea
638 837 160 80 uero
738 837 180 80 missi
858 837 160 80 sunt
958 837 260 80 prophetae
1158 837 100 80 &
1198 837 160 80 fuit
1298 837 120 80 in
1358 837 160 80 luda
1457 837 140 80 dei
1537 837 260 80 ecclesia,
1737 837 180 80 licet
1857 837 180 80 maior
1977 837 160 80 pars
2057 837 120 80 popu

515 894 137 80 li
584 894 160 80 cum
675 894 411 80 gubernatoribus
1018 894 320 80 sequeretur
1269 894 114 80 &
1314 894 274 80 tueretur
1520 894 320 80 impietatem
1771 894 114 80 &
1817 894 343 80 defectionem
2068 894 114 80 Ma-

517 946 251 90 nasseam.
705 946 126 90 In
768 946 188 90 regno
894 946 251 90 lsraelis
1082 946 251 90 leroboam
1270 946 146 90 rex
1354 946 230 90 Leuitas
1521 946 251 90 doctores
1710 946 188 90 legis
1835 946 209 90 domini
1982 946 105 90 &
2003 946 188 90 praedi-

517 1015 232 73 catores
686 1015 274 73 ueritatis
896 1015 253 73 syncerae
1086 1015 232 73 officio
1255 1015 148 73 suo
1339 1015 316 73 deturbauit,
1592 1015 105 73 &
1634 1015 274 73 prophanos
1845 1015 105 73 &
1887 1015 253 73 indoctos
2056 1015 126 73 popu

524 1071 120 70 lo
584 1071 279 70 sacerdotes
803 1071 140 70 uel
883 1071 319 70 gubernatores
1142 1071 199 70 dedit,
1282 1071 160 70 noua
1381 1071 219 70 insuper
1541 1071 219 70 templa,
1700 1071 179 70 eaque
1820 1071 319 70 cathedralia,
2059 1071 120 70 fun-

516 1136 209 63 dauit,
663 1136 188 63 idola
788 1136 146 63 uel
872 1136 251 63 uitulos,
1060 1136 188 63 nouum
1186 1136 230 63 cultum,
1353 1136 188 63 nouas
1479 1136 167 63 aras
1583 1136 105 63 &
1625 1136 188 63 festa
1751 1136 167 63 noua
1855 1136 293 63 instituit,
2085 1136 146 63 at

522 1187 148 73 que
606 1187 148 73 hoc
691 1187 169 73 modo
796 1187 190 73 uerum
923 1187 148 73 dei
1007 1187 211 73 cultum
1155 1187 295 73 abrogauit,
1387 1187 148 73 ita
1471 1187 127 73 ut
1534 1187 127 73 in
1597 1187 232 73 lsraele
1766 1187 190 73 porro
1893 1187 190 73 nulla
1998 1187 190 73 appare-

525 1232 168 83 rent
630 1232 272 83 ecclesiae
839 1232 147 83 dei
923 1232 230 83 externa
1091 1232 251 83 symbola,
1279 1232 105 83 &
1321 1232 189 83 tamen
1447 1232 209 83 dubium
1593 1232 147 83 non
1677 1232 147 83 est
1761 1232 251 83 insignem
1950 1232 126 83 in
1991 1232 189 83 lsraele

523 1283 159 90 dei
614 1283 295 90 ecclesiam
841 1283 250 90 fuisse,
1023 1283 136 90 ad
1091 1283 182 90 quam
1205 1283 364 90 conseruandam
1500 1283 114 90 &
1546 1283 318 90 reparandam
1796 1283 250 90 subinde
1978 1283 114 90 a
2000 1283 182 90 domino

526 1341 311 90 mittebantur
775 1341 290 90 prophetae,
1003 1341 187 90 licet
1128 1341 104 90 a
1169 1341 207 90 pseudo
1315 1341 249 90 ecclesia
1501 1341 104 90 &
1543 1341 207 90 pseudo
1688 1341 270 90 prophetis
1896 1341 145 90 pro
1979 1341 187 90 ueris
2082 1341 104 90 dei

543 1396 282 92 prophetis
760 1396 217 92 minime
912 1396 390 92 agnoscerentur.
1237 1396 217 92 Docuit
1388 1396 152 92 sub
1475 1396 303 92 Ieroboamo,
1713 1396 173 92 eius
1822 1396 238 92 nominis
1995 1396 152 92 II.
2060 1396 130 92 Amos

536 1458 259 86 propheta,
735 1458 199 86 pastor
875 1458 140 86 uel
955 1458 299 86 armentarius
1194 1458 120 86 de
1254 1458 199 86 Tecoa,
1393 1458 239 86 ueramque
1573 1458 140 86 dei
1653 1458 259 86 doctrinam
1852 1458 259 86 tradidit:
2051 1458 140 86 sed
2111 1458 80 86 au

534 1513 138 74 dit
613 1513 118 74 ab
672 1513 197 74 Amasia
810 1513 177 74 summo
928 1513 256 74 pontifice
1125 1513 197 74 regni,
1262 1513 157 74 Vade
1361 1513 256 74 protinus,
1557 1513 98 74 &
1597 1513 197 74 recipe
1734 1513 118 74 te
1794 1513 118 74 in
1853 1513 197 74 terram
1990 1513 177 74 luda,
2089 1513 98 74 il-

535 1563 203 75 licque
677 1563 244 75 propheta
860 1563 142 75 uel
942 1563 264 75 praedica.
1145 1563 122 75 In
1206 1563 203 75 Bethel
1348 1563 183 75 autem
1471 1563 122 75 ne
1532 1563 224 75 posthac
1694 1563 346 75 praedicaueris
1979 1563 102 75 :
2020 1563 224 75 quoniam

524 1618 275 93 fundatio
731 1618 115 93 &
776 1618 252 93 templum
960 1618 229 93 :agium
1121 1618 184 93 est.
1235 1618 252 93 Quinimo
1419 1618 161 93 cum
1511 1618 207 93 Achab
1648 1618 298 93 impietate
1878 1618 207 93 omnes
2015 1618 184 93 ante
2107 1618 92 93 se

526 1678 188 77 reges
651 1678 271 77 uicisset,
860 1678 229 77 insuper
1027 1678 104 77 &
1069 1678 313 77 abominandum
1319 1678 209 77 Baalis
1465 1678 209 77 cultum
1611 1678 271 77 impietati
1820 1678 355 77 defectionique
2091 1678 104 77 Ie-

525 1725 284 84 roboamicae
748 1725 406 84 superaddidisset,
1094 1725 244 84 omniaque
1277 1725 122 84 in
1338 1725 183 84 regno
1459 1725 244 84 lsraelis
1642 1725 305 84 oppleuisset
1866 1725 325 84 superstitioni-

531 1784 160 86 bus,
631 1784 319 86 idololatria,
890 1784 240 86 augurijs
1070 1784 100 86 &
1110 1784 319 86 sacrilegijs,
1370 1784 260 86 praeterea
1569 1784 100 86 &
1609 1784 140 86 dei
1689 1784 240 86 synceram
1869 1784 260 86 doctrinam
2048 1784 140 86 perse

535 1837 241 91 queretur
715 1837 120 91 in
776 1837 261 91 prophetis
976 1837 321 91 atrocissime,
1237 1837 221 91 inuenta
1398 1837 140 91 est
1478 1837 181 91 tamen
1598 1837 120 91 in
1658 1837 221 91 lsraele
1819 1837 361 91 praeclarissima
2100 1837 100 91 dei

527 1906 276 74 ecclesia.
739 1906 212 74 Helias
887 1906 212 74 quidem
1035 1906 170 74 ille
1141 1906 212 74 magnus
1290 1906 106 74 &
1332 1906 424 74 excellentissimus
1692 1906 148 74 dei
1777 1906 276 74 propheta,
1989 1906 127 74 ob
2031 1906 170 74 foedam

544 1953 182 78 illam
665 1953 304 78 defectionem
908 1953 101 78 a
949 1953 162 78 deo,
1050 1953 304 78 fastidioque
1293 1953 202 78 populi
1435 1953 182 78 longe
1556 1953 283 78 miserrimi,
1779 1953 121 78 in
1840 1953 142 78 quo
1921 1953 182 78 nulla
2022 1953 182 78 appare-

536 2023 148 64 bant
629 2023 167 64 uerae
741 2023 130 64 dei
815 2023 241 64 ecclesiae
1000 2023 186 64 signa,
1130 2023 204 64 fugiens
1279 2023 111 64 in
1334 2023 223 64 desertum
1501 2023 241 64 abstrusit
1687 2023 111 64 se
1743 2023 111 64 in
1798 2023 241 64 latebras,
1984 2023 111 64 ac
2021 2023 167 64 rogatus

539 2077 111 69 a
583 2077 222 69 domino
738 2077 177 69 quid
849 2077 155 69 ibi
938 2077 244 69 ageret,
1115 2077 310 69 respondit,
1359 2077 155 69 elo
1448 2077 222 69 quodam
1603 2077 244 69 zelatus
1781 2077 155 69 sum
1869 2077 155 69 pro
1958 2077 222 69 domino
2091 2077 111 69 deo

540 2118 308 79 exercituum,
787 2118 164 79 quod
889 2118 185 79 filij
1013 2118 205 79 lsrael
1156 2118 205 79 foedus
1300 2118 164 79 tuum
1403 2118 369 79 dereliquerunt,
1710 2118 164 79 aras
1813 2118 164 79 tuas
1916 2118 287 79 diruerunt,
2141 2118 103 79 &

543 2173 270 90 prophetas
751 2173 166 90 tuos
854 2173 207 90 gladio
999 2173 311 90 occiderunt,
1248 2173 104 90 &
1290 2173 145 90 ego
1373 2173 187 90 solus
1497 2173 249 90 relictus
1684 2173 166 90 sum,
1787 2173 311 90 quaeruntque
2036 2173 207 90 animam

539 2242 188 64 meam,
664 2242 125 64 ut
727 2242 230 64 tollant
894 2242 167 64 eam.
999 2242 188 64 Verum
1124 2242 251 64 protinus
1312 2242 292 64 remittitur
1542 2242 125 64 in
1604 2242 209 64 terram
1750 2242 251 64 lsraelis
1938 2242 167 64 unde
2022 2242 167 64 profu-

532 2298 199 80 gerat,
671 2298 139 80 his
751 2298 219 80 insuper
910 2298 199 80 uerbis
1049 2298 238 80 additis:
1227 2298 258 80 Dereliqui
1426 2298 159 80 mihi
1526 2298 119 80 in
1585 2298 219 80 lsraele
1744 2298 199 80 septem
1883 2298 179 80 milia
2002 2298 238 80 uirorum,

535 2350 212 65 quorum
683 2350 212 65 omnium
832 2350 191 65 neque
959 2350 191 65 genua
1087 2350 234 65 curuata
1257 2350 170 65 sunt
1363 2350 170 65 ante
1469 2350 191 65 Baal,
1596 2350 191 65 neque
1724 2350 127 65 os
1788 2350 276 65 osculatum
2000 2350 149 65 est
2064 2350 127 65 eum,

544 2407 122 68 En
605 2407 244 68 propheta
788 2407 203 68 tantus
930 2407 224 68 putauit
1093 2407 122 68 se
1154 2407 183 68 solum
1276 2407 122 68 in
1337 2407 224 68 lsraele
1500 2407 102 68 e
1540 2407 244 68 fidelium
1723 2407 203 68 numero
1866 2407 163 68 esse
1967 2407 264 68 relictum:

534 2451 153 81 sed
621 2451 196 81 audit
752 2451 218 81 septem
905 2451 196 81 milia
1035 2451 109 81 a
1079 2451 153 81 deo
1166 2451 283 81 reseruata
1384 2451 240 81 hominum
1558 2451 305 81 sanctorum,
1798 2451 153 81 qui
1885 2451 196 81 genua
2016 2451 153 81 sua
2081 2451 109 81 non

539 2510 292 88 flexerint,
768 2510 125 88 id
831 2510 146 88 est
914 2510 125 88 ne
977 2510 229 88 externo
1143 2510 208 88 quidem
1289 2510 188 88 cultu
1414 2510 208 88 unquam
1560 2510 333 88 inseruierint
1831 2510 188 88 Baal.
1956 2510 167 88 Quis
2060 2510 188 88 autem

530 2565 242 89 nesciat
706 2565 286 89 prophetam
926 2565 154 89 per
1013 2565 330 89 septenarium
1277 2565 242 89 numerum
1453 2565 352 89 intellexisse
1739 2565 242 89 uerorum
1914 2565 154 89 dei
1980 2565 220 89 cultorum

537 2633 208 66 turbam
683 2633 395 66 numerosissimam:
1015 2633 145 66 qui
1098 2633 166 66 haud
1202 2633 187 66 dubie
1327 2633 291 66 circuncisi
1555 2633 249 66 fuerunt,
1742 2633 145 66 non
1825 2633 125 66 in
1887 2633 228 66 Baalis,
2054 2633 145 66 sed
2116 2633 83 66 in

534 2680 204 71 aeterni
683 2680 130 71 dei
757 2680 204 71 foedus.
906 2680 148 71 llli
998 2680 148 71 ipsi
1091 2680 130 71 non
1166 2680 241 71 caruerunt
1351 2680 167 71 fide,
1463 2680 148 71 ergo
1555 2680 167 71 neque
1667 2680 241 71 doctrina,
1852 2680 167 71 licet
1964 2680 148 71 haec
2057 2680 130 71 non
2112 2680 93 71 ita

538 2743 245 69 uulgaris
721 2743 204 69 esset,
864 2743 183 69 neque
986 2743 265 69 ordinaria
1190 2743 102 69 &
1231 2743 265 69 eatholica
1434 2743 265 69 uideretur
1638 2743 163 69 apud
1740 2743 265 69 Baalitas.
1944 2743 265 69 Caruerunt
2127 2743 82 69 au

544 2790 144 75 tem
627 2790 308 75 sacrificijs
873 2790 328 75 proculdubio:
1139 2790 164 75 quia
1242 2790 144 75 cum
1324 2790 246 75 legitima
1509 2790 144 75 non
1591 2790 349 75 exhiberentur,
1878 2790 308 75 illegitimis
2103 2790 103 75 par

546 2845 246 75 ticipare
730 2845 266 75 nolebant:
935 2845 184 75 rebus
1058 2845 225 75 interim
1222 2845 143 75 per
1304 2845 225 75 symbola
1467 2845 143 75 uel
1549 2845 287 75 sacramenta
1775 2845 348 75 significatis,
2041 2845 164 75 minime

538 2907 408 96 destituebantur,
881 2907 172 96 fide
988 2907 365 96 communicantes
1289 2907 236 96 omnibus
1460 2907 150 96 dei
1546 2907 215 96 donis,
