2288 3632
68 297 138 101 ego
147 297 118 101 in
206 297 138 101 eo,
284 297 138 101 hic
363 297 157 101 fert
461 297 216 101 fructum
618 297 216 101 multum:
776 297 157 101 quia
874 297 157 101 sine
972 297 118 101 me
1031 297 177 101 nihil
1149 297 236 101 potestis
1326 297 216 101 facere.
1483 297 118 101 Si
1542 297 157 101 quis
1640 297 118 101 in
1679 297 79 101 me

61 368 141 86 non
141 368 261 86 manserit,
342 368 221 86 eiectus
503 368 141 86 est
583 368 201 86 foras,
724 368 181 86 sicut
845 368 221 86 palmes,
1005 368 100 86 &
1046 368 241 86 exaruit,
1226 368 100 86 &
1267 368 261 86 colligunt
1468 368 161 86 eos,
1568 368 100 86 &
1608 368 121 86 in
1649 368 100 86 ig-

67 409 135 103 nem
144 409 270 103 conijciunt
356 409 96 103 &
395 409 212 103 ardent.
549 409 135 103 Vna
626 409 193 103 itaque
761 409 135 103 est
838 409 251 103 ecclesia,
1031 409 154 103 quia
1128 409 174 103 uitis
1243 409 135 103 una
1321 409 154 103 est.
1417 409 116 103 Ex
1475 409 154 103 illa
1552 409 193 103 existunt

59 478 285 89 propagines
283 478 265 89 frugifere
486 478 224 89 partim,
649 478 204 89 partim
792 478 346 89 infrugiferae.
1077 478 183 89 Eteim
1199 478 163 89 boni
1301 478 163 89 siue
1403 478 143 89 pij
1484 478 163 89 ueri
1586 478 143 89 dei
1647 478 102 89 cul

65 534 187 70 tores
190 534 104 70 &
231 534 187 70 mali,
356 534 166 70 siue
460 534 291 70 hypocritae
688 534 311 70 recensentur
937 534 125 70 in
1000 534 270 70 ecclesia.
1207 534 291 70 Hypocritae
1436 534 187 70 tamen
1560 534 145 70 suo
1622 534 125 70 tem-

66 586 181 89 pore
180 586 317 89 resecantur
429 586 113 89 &
474 586 136 89 in
542 586 272 89 aeternum
746 586 362 89 conijciuntur
1040 586 317 89 incendium.
1289 586 181 89 Quod
1402 586 181 89 boni
1516 586 226 89 manent
1651 586 91 89 in

66 644 182 83 uite,
187 644 141 83 nec
268 644 303 83 resecantur,
510 644 141 83 sed
591 644 222 83 fructum
752 644 283 83 proserunt,
974 644 121 83 id
1035 644 202 83 quidem
1176 644 222 83 Christo
1337 644 262 83 ecclesiae
1519 644 222 83 fundamen-

62 698 140 82 to,
142 698 200 82 capiti
282 698 100 82 &
322 698 320 82 conseruatori
583 698 220 82 debent,
743 698 140 82 qui
823 698 180 82 succo
943 698 140 82 suo
1023 698 260 82 spiritali
1223 698 100 82 &
1263 698 200 82 uitali
1404 698 140 82 eos
1484 698 200 82 reddit
1604 698 140 82 bono-

52 748 152 98 rum
139 748 217 98 operum
291 748 261 98 feraces.
487 748 239 98 Apparet
661 748 152 98 hic
748 748 370 98 illustrissime
1052 748 239 98 capitis
1226 748 109 98 &
1270 748 304 98 membrorum,
1509 748 239 98 Christi
1683 748 109 98 &

59 798 272 103 fidelium
263 798 295 103 connexio:
490 798 136 103 de
558 798 159 103 qua
648 798 204 103 prius
784 798 272 103 diximus,
988 798 136 103 de
1056 798 159 103 qua
1147 798 181 103 item
1260 798 136 103 in
1328 798 295 103 euangelio
1532 798 204 103 dominus

59 858 263 108 subijcit,
261 858 121 108 Si
322 858 283 108 manseritis
545 858 121 108 in
605 858 142 108 me,
686 858 101 108 &
727 858 182 108 uerba
848 858 142 108 mea
929 858 121 108 in
990 858 182 108 uobis
1111 858 283 108 manserint,
1334 858 243 108 quicquid
1496 858 243 108 uolueritis

63 911 234 75 petetis,
238 911 98 75 &
277 911 156 75 fiet
355 911 156 75 uobis.

144 966 268 90 Praeterea
351 966 289 90 appellatur
578 966 248 90 ecclesia
764 966 248 90 fidelium
950 966 206 90 Regnum
1094 966 165 90 dei,
1197 966 145 90 Rex
1280 966 165 90 enim
1383 966 289 90 ecclesiae,
1610 966 124 90 id
1652 966 103 90 est

53 1037 203 92 omnium
195 1037 263 92 fidelium,
397 1037 142 92 est
478 1037 162 92 ipse
580 1037 142 92 dei
661 1037 203 92 filius
803 1037 243 92 Christus
985 1037 203 92 Iesus,
1127 1037 142 92 qui
1208 1037 223 92 spiritu
1370 1037 101 92 &
1410 1037 182 92 uerbo
1532 1037 142 92 suo
1613 1037 182 92 guber

46 1095 150 78 nat
131 1095 300 78 ecclesiam,
367 1095 107 78 &
410 1095 171 78 haec
517 1095 129 78 se
581 1095 171 78 ipsi
689 1095 322 78 gubernandam
946 1095 214 78 sponte
1096 1095 279 78 subijcit.
1310 1095 150 78 Nec
1396 1095 193 78 plura
1503 1095 236 78 inueniun-

53 1141 145 111 tur
136 1141 186 111 regna
260 1141 124 111 in
322 1141 186 111 orbe:
446 1141 165 111 quia
549 1141 165 111 unus
653 1141 248 111 duntaxat
839 1141 145 111 est
921 1141 145 111 rex
1004 1141 227 111 gloriae
1169 1141 269 111 Christus.
1376 1141 124 111 De
1438 1141 145 111 hoc
1521 1141 165 111 rege
1624 1141 103 111 &
1645 1141 103 111 re-

52 1191 139 83 gno
131 1191 238 83 disserui
310 1191 198 83 Decad.
448 1191 119 83 4.
508 1191 158 83 Ser.
587 1191 79 83 7.

152 1248 153 86 lam
240 1248 110 86 &
284 1248 241 86 Corpori
459 1248 219 86 humano
612 1248 307 86 assimilari
853 1248 285 86 ecclesiam
1072 1248 197 86 saepe
1203 1248 263 86 diximus.
1401 1248 131 86 In
1466 1248 241 86 corpore
1620 1248 131 86 pri-

53 1320 156 80 mas
142 1320 201 80 tenet
276 1320 223 80 caput,
432 1320 179 80 quod
544 1320 246 80 nusquam
723 1320 201 80 abest
857 1320 112 80 a
901 1320 268 80 corpore.
1102 1320 290 80 Decussum,
1326 1320 290 80 relinquit
1549 1320 246 80 exanime

52 1362 106 103 &
94 1362 170 103 sine
200 1362 191 103 sensu
328 1362 234 103 corpus.
498 1362 170 103 Huic
604 1362 191 103 licet
731 1362 170 103 sint
837 1362 212 103 membra
986 1362 255 103 plurima,
1177 1362 212 103 omnium
1325 1362 191 103 tamen
1453 1362 149 103 est
1538 1362 191 103 inter
1644 1362 106 103 ip-

49 1420 126 99 sa
112 1420 274 99 consensio
323 1420 337 99 pulcherrima.
597 1420 274 99 Congruunt
808 1420 105 99 &
850 1420 295 99 conspirant
1082 1420 190 99 inter
1208 1420 126 99 se
1271 1420 211 99 omnia,
1419 1420 274 99 condolent
1609 1420 126 99 sibi

45 1476 244 91 inuicem,
228 1476 203 91 iuuant
370 1476 122 91 se
431 1476 203 91 mutuo.
574 1476 142 91 Hoc
655 1476 264 91 uidelicet
858 1476 163 91 sibi
960 1476 224 91 inuicem
1123 1476 264 91 praestant
1326 1476 183 91 omnes
1448 1476 244 91 fideles,
1611 1476 122 91 quod

42 1534 248 86 membris
223 1534 248 86 membra.
403 1534 270 86 Vniuntur
605 1534 225 86 capiti
763 1534 248 86 Christo
943 1534 158 86 per
1033 1534 225 86 fidem,
1191 1534 203 86 ipsum
1326 1534 203 86 caput
1438 1534 293 86 coniungitur

55 1598 234 91 membris
225 1598 149 91 per
310 1598 234 91 gratiam
481 1598 106 91 &
523 1598 277 91 spiritum.
736 1598 234 91 Nunquam
907 1598 277 91 separatur
1120 1598 128 91 ab
1184 1598 256 91 ecclesia
1375 1598 277 91 Christus:
1567 1598 149 91 neque

49 1644 161 96 haec
150 1644 222 96 aliunde
311 1644 182 96 uiuit
432 1644 161 96 quam
533 1644 121 96 ex
594 1644 242 96 Christo.
775 1644 141 96 Qui
856 1644 222 96 tametsi
1018 1644 222 96 corpore
1179 1644 202 96 absens
1320 1644 141 96 sit
1401 1644 262 96 ecclesiae
1583 1644 141 96 mili-

43 1708 190 84 tanti,
176 1708 362 84 praesentissimus
481 1708 171 84 adest
595 1708 190 84 tamemn
728 1708 114 84 ei
785 1708 209 84 spiritu
938 1708 95 84 &
976 1708 286 84 operatione,
1204 1708 171 84 atque
1318 1708 324 84 gubernatione:
1585 1708 133 84 ita
1642 1708 76 84 ut

54 1767 176 78 nullo
172 1767 234 78 indigeat
347 1767 117 78 in
406 1767 195 78 terris
543 1767 234 78 uicario,
718 1767 137 78 cum
796 1767 176 78 solus
914 1767 293 78 praesideat,
1148 1767 98 78 &
1187 1767 195 78 unicum
1324 1767 195 78 caput,
1460 1767 195 78 unicus
1597 1767 156 78 rex,

48 1817 210 95 unicus
195 1817 252 95 pontifex
383 1817 105 95 &
425 1817 252 95 saluator
614 1817 273 95 ecclesiae
824 1817 168 95 suae
928 1817 210 95 maneat
1075 1817 126 95 in
1138 1817 273 95 aeternum.
1348 1817 231 95 Dominus
1515 1817 168 95 enim
1599 1817 126 95 apud

53 1865 278 108 Ezechielem
271 1865 198 108 dicit,
410 1865 258 108 Suscitabo
609 1865 179 108 super
728 1865 159 108 oues
827 1865 159 108 meas
926 1865 238 108 pastorem
1104 1865 179 108 unum,
1223 1865 139 108 qui
1303 1865 198 108 pascat
1442 1865 159 108 eas,
1541 1865 238 108 scilicet

40 1923 199 96 seruum
180 1923 160 96 meum
279 1923 199 96 Dauid:
419 1923 160 96 ipse
519 1923 199 96 pascet
658 1923 160 96 eas,
758 1923 179 96 atque
878 1923 160 96 ipse
977 1923 160 96 erit
1077 1923 140 96 eis
1157 1923 120 96 in
1217 1923 259 96 pastorem.
1416 1923 140 96 Ego
1496 1923 179 96 autem
1615 1923 140 96 do

37 1979 196 94 minus
168 1979 153 94 ero
255 1979 153 94 eis
342 1979 131 94 in
408 1979 196 94 deum,
539 1979 109 94 &
582 1979 218 94 seruus
735 1979 174 94 meus
844 1979 196 94 Dauid
975 1979 262 94 princeps
1171 1979 131 94 in
1236 1979 196 94 medio
1367 1979 218 94 eorum.
1520 1979 153 94 Ego
1585 1979 131 94 domi

37 2033 147 101 nus
121 2033 252 101 loquutus
310 2033 168 101 sum.
415 2033 147 101 Hoc
500 2033 273 101 postremum
710 2033 252 101 adiecit,
899 2033 126 101 ne
962 2033 168 101 quis
1067 2033 273 101 dubitaret
1277 2033 126 101 de
1341 2033 168 101 fide
1446 2033 105 101 &
1467 2033 252 101 certitudi-

34 2095 116 99 ne
92 2095 193 99 eorum,
227 2095 155 99 quae
324 2095 174 99 dicta
440 2095 174 99 sunt.
555 2095 155 99 Deus
652 2095 135 99 est
729 2095 213 99 aeterna
884 2095 232 99 ueritas:
1058 2095 97 99 &
1097 2095 116 99 is
1155 2095 232 99 loquutus
1328 2095 135 99 est
1406 2095 97 99 :
1444 2095 155 99 quod
1541 2095 155 99 ergo
1618 2095 97 99 lo-

53 2160 201 74 quutus
194 2160 161 74 est,
295 2160 141 74 non
375 2160 201 74 potest
516 2160 141 74 non
597 2160 161 74 esse
698 2160 302 74 uerissimum.
939 2160 161 74 Quid
1040 2160 181 74 autem
1161 2160 242 74 loquutus
1342 2160 161 74 est?
1443 2160 161 74 Vnum
1544 2160 161 74 fore
1645 2160 101 74 &

37 2216 166 74 esse
141 2216 270 74 ecclesiae
349 2216 249 74 pastorem
535 2216 104 74 &
577 2216 291 74 principem.
805 2216 125 74 En
867 2216 166 74 Vnum
971 2216 187 74 dixit
1096 2216 374 74 significanter.
1407 2216 166 74 Quis
1511 2216 166 74 uero
1594 2216 125 74 ille

41 2263 191 83 unus?
168 2263 127 83 Id
232 2263 233 83 exponit
401 2263 106 83 &
444 2263 170 83 ait,
550 2263 212 83 Seruus
698 2263 170 83 meus
804 2263 212 83 Dauid,
953 2263 233 83 nimirum
1122 2263 254 83 Christus
1313 2263 191 83 Iesus
1440 2263 212 83 (germe
1568 2263 148 83 illud

40 2313 297 100 Dauidicum)
273 2313 170 100 quem
379 2313 297 100 euangelica
613 2313 297 100 authoritas
847 2313 212 100 ubique
995 2313 297 100 appellitat
1229 2313 212 100 filium
1377 2313 255 100 Dauidis.
1568 2313 149 100 Hic
1632 2313 85 100 no

42 2382 156 87 erit
139 2382 194 87 pastor
275 2382 194 87 nomine
411 2382 233 87 duntaxat
586 2382 136 87 seu
664 2382 214 87 titulo,
819 2382 136 87 sed
897 2382 214 87 reipsa.
1053 2382 194 87 Pascet
1189 2382 156 87 enim
1286 2382 175 87 oues,
1403 2382 214 87 adeoque
1558 2382 156 87 erit
1636 2382 78 87 in

44 2428 188 98 medio
170 2428 209 98 eorum.
316 2428 146 98 Nam
400 2428 126 98 in
463 2428 272 98 euangelio
672 2428 230 98 diserte
839 2428 209 98 dixit,
986 2428 272 98 Vbicunque
1195 2428 146 98 duo
1279 2428 146 98 uel
1362 2428 167 98 tres
1467 2428 230 98 fuerint
1613 2428 105 98 con

31 2492 233 92 gregati
200 2492 127 92 in
264 2492 212 92 nomine
412 2492 170 92 meo,
518 2492 148 92 ibi
603 2492 148 92 sum
688 2492 127 92 in
751 2492 191 92 medio
878 2492 212 92 eorum.
1027 2492 127 92 Et
1090 2492 233 92 iterum,
1260 2492 170 92 Ecce
1366 2492 148 92 ego
1451 2492 254 92 uobiscum
1620 2492 106 92 sum

39 2548 224 89 omnibus
202 2548 224 89 diebus,
365 2548 183 89 usque
487 2548 122 89 ad
548 2548 367 89 consummationem
853 2548 244 89 saeculi.
1037 2548 143 89 lam
1118 2548 122 89 si
1179 2548 244 89 praesens
1363 2548 183 89 adest
1485 2548 163 89 suae
1566 2548 143 89 eccle

40 2592 180 89 siae,
160 2592 180 89 nullo
280 2592 160 89 haec
381 2592 220 89 indiget
541 2592 240 89 Vicario.
721 2592 240 89 Vicarius
902 2592 160 89 enim
1002 2592 240 89 absentis
1182 2592 180 89 uicem
1302 2592 200 89 gerit.
1442 2592 260 89 Vbicunque
1623 2592 100 89 er-

29 2665 118 79 go
88 2665 236 79 uicarius
266 2665 217 79 Christi
423 2665 295 79 agnoscitur,
659 2665 138 79 ibi
738 2665 197 79 nullus
876 2665 138 79 est
954 2665 256 79 Christus,
1151 2665 197 79 ibidem
1289 2665 157 79 ergo
1387 2665 197 79 regnat
1525 2665 236 79 antichri

29 2712 188 85 stus.
154 2712 125 85 Id
217 2712 167 85 fiet
322 2712 188 85 multo
447 2712 188 85 adhuc
572 2712 230 85 clarius
739 2712 104 85 &
781 2712 251 85 firmius,
969 2712 125 85 si
1032 2712 334 85 expenderimus
1303 2712 167 85 quid
1408 2712 188 85 illud
1533 2712 146 85 sit
1596 2712 125 85 quod

41 2756 229 104 Christus
213 2756 210 104 dicitur
365 2756 153 104 esse
461 2756 172 104 caput
575 2756 267 104 ecclesiae.
785 2756 172 104 Caput
900 2756 153 104 est,
996 2756 172 104 uita,
1110 2756 191 104 salus,
1244 2756 95 104 &
1282 2756 153 104 lux,
1377 2756 153 104 siue
1473 2756 286 104 illuminatio

29 2814 294 93 ecclesiae,
260 2814 252 93 princeps
449 2814 252 93 supremus
638 2814 273 93 fidelium,
848 2814 147 93 qui
933 2814 168 93 toti
1038 2814 273 93 sanctorum
1248 2814 231 93 coetui,
1416 2814 210 93 omnium
1542 2814 168 93 tempo-

35 2869 161 106 rum,
135 2869 100 106 &
175 2869 141 106 per
256 2869 181 106 totum
376 2869 181 106 orbem
497 2869 261 106 dispersi,
697 2869 221 106 possit,
858 2869 100 106 &
898 2869 181 106 uelit
1019 2869 201 106 semper
1159 2869 221 106 adesse,
1320 2869 201 106 preces
1460 2869 100 106 &
1500 2869 161 106 uota
1581 2869 120 106 eius

35 2935 216 87 audire,
193 2935 236 87 auxilium
370 2935 216 87 denique
527 2935 177 87 ferre
645 2935 118 87 in
704 2935 177 87 rebus
822 2935 295 87 quibuslibet
1059 2935 98 87 :
1098 2935 256 87 breuiter,
1295 2935 138 87 qui
1373 2935 256 87 uniuersam
1551 2935 157 87 eccle
