2288 3632
486 265 154 102 non
574 265 176 102 haec
684 265 242 102 humanis
860 265 264 102 operibus
1058 265 220 102 omnino
1212 265 308 102 tribuerem,
1455 265 154 102 nec
1543 265 132 102 si
1609 265 154 102 cum
1697 265 176 102 apud
1807 265 154 102 uos
1895 265 264 102 essemus,
2071 265 110 102 tan

506 350 126 72 ta
569 350 274 72 conuersio
780 350 337 72 multitudinis
1053 350 189 72 nobis
1180 350 316 72 loquentibus
1432 350 105 72 &
1474 350 316 72 hortantibus
1727 350 316 72 proueniret.
1979 350 147 72 Hoc
2064 350 168 72 agit

506 399 161 76 ille
607 399 101 76 &
647 399 242 76 efficit,
828 399 141 76 qui
909 399 141 76 per
990 399 262 76 ministros
1191 399 161 76 suos
1292 399 181 76 rerum
1413 399 202 76 signis
1554 399 302 76 extrinsecus
1796 399 242 76 admonet,
1977 399 181 76 rebus
2078 399 101 76 au-

507 458 145 78 tem
590 458 187 78 ipsis
715 458 145 78 per
798 458 229 78 seipsum
964 458 312 78 intrinsecus
1214 458 208 78 docet.
1359 458 166 78 Haec
1463 458 187 78 ille.
1588 458 187 78 Porro
1712 458 125 78 ne
1775 458 145 78 cui
1858 458 270 78 uideretur
2045 458 145 78 nimis

512 503 199 84 accise
652 503 100 84 &
691 503 199 84 parce,
831 503 139 84 nec
911 503 179 84 satis
1030 503 179 84 digne
1150 503 239 84 loquutus
1329 503 159 84 esse
1429 503 120 84 de
1489 503 279 84 ministerio
1708 503 279 84 ecclesiae,
1927 503 239 84 subijcit
2086 503 100 84 mox

509 569 169 74 idem
614 569 190 74 ille,
741 569 106 74 &
783 569 169 74 ait,
889 569 148 74 Nec
973 569 169 74 ideo
1079 569 232 74 pigrius
1247 569 148 74 nos
1332 569 211 74 moueri
1480 569 232 74 oportet
1648 569 127 74 ad
1712 569 253 74 uisendos
1902 569 169 74 uos,
2007 569 232 74 quoniam

512 620 238 92 quicquid
690 620 119 92 in
750 620 178 92 uobis
869 620 257 92 laudabile
1067 620 139 92 est
1146 620 218 92 factum,
1304 620 139 92 non
1383 620 99 92 a
1423 620 198 92 nobis,
1561 620 139 92 sed
1641 620 119 92 ab
1700 620 158 92 illo
1799 620 198 92 factum
1938 620 158 92 est,
2037 620 139 92 qui
2096 620 99 92 fa-

507 694 152 61 cit
594 694 281 61 mirabilia
810 694 216 61 solus.
962 694 195 61 Multo
1092 694 173 61 enim
1200 694 260 61 alacrius
1395 694 238 61 debemus
1568 694 281 61 accurrere
1785 694 130 61 ad
1850 694 281 61 spectanda
2044 694 152 61 opera

520 742 219 69 diuina
674 742 176 69 quam
783 742 241 69 nostra.
959 742 176 69 Quia
1069 742 110 69 &
1113 742 176 69 nos,
1222 742 132 69 si
1288 742 176 69 quid
1398 742 176 69 boni
1508 742 219 69 sumus,
1661 742 176 69 opus
1771 742 219 69 illius
1925 742 154 69 non
1990 742 198 69 hominum

516 794 198 75 sumus.
655 794 158 75 Vnde
754 794 257 75 apostolus
952 794 198 75 dixit,
1090 794 178 75 Neque
1209 794 139 75 qui
1288 794 218 75 plantat
1446 794 139 75 est
1525 794 237 75 aliquid,
1703 794 178 75 neque
1822 794 139 75 qui
1901 794 198 75 rigat,
2040 794 139 75 sed
2099 794 99 75 qui

515 843 323 83 incrementum
774 843 151 83 dat
860 843 194 83 deus.
989 843 172 83 Idem
1097 843 259 83 scriptor
1291 843 129 83 de
1356 843 194 83 eadem
1485 843 129 83 re
1550 843 237 83 loquens
1722 843 259 83 Tractatu
1916 843 129 83 in
1981 843 194 83 Ioan.
2088 843 108 83 2o.

517 916 189 70 Omnes
643 916 189 70 regni
769 916 210 70 illius
915 916 252 70 homines,
1104 916 231 70 inquit,
1272 916 273 70 docibiles
1481 916 147 70 dei
1565 916 210 70 erunt,
1712 916 147 70 non
1796 916 126 70 ab
1859 916 273 70 hominibus
2047 916 147 70 audi-

521 973 158 61 ent:
620 973 158 61 etsi
718 973 118 61 ab
778 973 256 61 hominibus
975 973 237 61 audiunt,
1152 973 177 61 tamem
1270 973 158 61 quod
1369 973 296 61 intelligunt
1606 973 177 61 intus
1724 973 197 61 datur,
1862 973 177 61 intus
1980 973 256 61 coruscat,

514 1019 191 73 intus
641 1019 297 73 reuelatur.
874 1019 170 73 Quid
980 1019 233 73 faciunt
1150 1019 233 73 homines
1319 1019 297 73 forinsecus
1552 1019 381 73 annunciantes.?
1870 1019 170 73 Quid
1976 1019 191 73 facio
2082 1019 106 73 ego

508 1069 175 78 modo
618 1069 154 78 cum
705 1069 241 78 loquor?
881 1069 285 78 Strepitum
1100 1069 263 78 uerborum
1298 1069 219 78 ingero
1451 1069 241 78 auribus
1627 1069 241 78 uestris
1802 1069 110 78 :
1846 1069 175 78 nisi
1956 1069 175 78 ergo
2043 1069 154 78 reue-

512 1136 137 63 let
591 1136 156 63 ille
688 1136 137 63 qui
767 1136 176 63 intus
884 1136 156 63 est,
982 1136 156 63 quid
1079 1136 176 63 dico,
1197 1136 137 63 aut
1275 1136 156 63 quid
1373 1136 215 63 loquor?
1529 1136 235 63 Exterior
1705 1136 196 63 cultor
1842 1136 235 63 arboris,
1998 1136 196 63 interior

521 1181 139 91 est
600 1181 238 91 creator.
779 1181 139 91 Qui
858 1181 218 91 plantat
1017 1181 99 91 &
1056 1181 139 91 qui
1136 1181 198 91 rigat,
1274 1181 238 91 exterius
1453 1181 258 91 operatur:
1651 1181 139 91 hoc
1730 1181 218 91 facimus
1889 1181 159 91 nos.
1988 1181 139 91 Sed
2067 1181 178 91 neque

515 1235 136 76 qui
592 1235 214 76 plantat
748 1235 136 76 est
826 1235 233 76 aliquid,
1001 1235 175 76 neque
1118 1235 136 76 qui
1195 1235 195 76 rigat,
1332 1235 136 76 sed
1409 1235 136 76 qui
1487 1235 292 76 incrementum
1721 1235 136 76 dat
1798 1235 175 76 deus.
1915 1235 136 76 Hoc
1993 1235 156 76 est,
2071 1235 136 76 Erunt

515 1297 205 74 omnes
652 1297 205 74 docti
788 1297 114 74 a
834 1297 182 74 deo.
947 1297 182 74 Haec
1038 1297 205 74 August.

617 1343 221 85 Proinde
778 1343 141 85 cum
858 1343 181 85 alibi
979 1343 121 85 S.
1039 1343 201 85 Paulus
1180 1343 201 85 dicit,
1320 1343 181 85 Estis
1441 1343 241 85 epistola
1622 1343 241 85 Christi,
1803 1343 342 85 subministrata
2084 1343 101 85 a
2104 1343 101 85 no-

525 1407 153 72 bis,
621 1407 249 72 inscripta
812 1407 134 72 non
888 1407 268 72 atramento,
1099 1407 134 72 sed
1175 1407 210 72 spiritu
1328 1407 134 72 dei
1405 1407 249 72 uiuentis,
1596 1407 134 72 non
1672 1407 115 72 in
1730 1407 210 72 tabulis
1883 1407 249 72 lapideis,
2074 1407 134 72 sed
2131 1407 77 72 in

521 1463 223 73 tabulis
683 1463 203 73 cordis
825 1463 244 73 carneis,
1008 1463 142 73 &c.
1089 1463 284 73 diligenter
1313 1463 325 73 discriminare
1577 1463 223 73 oportet
1739 1463 183 73 inter
1861 1463 162 73 opus
1962 1463 244 73 spiritus
2145 1463 102 73 &

520 1521 167 88 opus
625 1521 230 88 hominis
792 1521 146 88 uel
875 1521 272 88 ministri.
1084 1521 146 88 Hic
1168 1521 146 88 non
1251 1521 230 88 arrogat
1418 1521 167 88 sibi
1523 1521 230 88 honorem
1690 1521 146 88 dei
1773 1521 104 88 &
1815 1521 167 88 opus
1920 1521 272 88 spiritus,
2108 1521 104 88 sed

528 1578 156 86 opus
625 1578 175 86 suum,
742 1578 117 86 id
800 1578 156 86 est,
898 1578 312 86 ministerium.
1151 1578 253 86 Praedicat
1346 1578 214 86 Paulus,
1502 1578 214 86 scribit
1657 1578 273 86 atramento,
1872 1578 136 86 sed
1950 1578 234 86 spiritus
2106 1578 97 86 dei

536 1643 241 60 commouet
717 1643 161 60 cor,
817 1643 100 60 &
857 1643 221 60 scribit
1018 1643 120 60 in
1078 1643 181 60 ipsum
1198 1643 141 60 cor
1279 1643 201 60 gratia
1419 1643 141 60 uel
1499 1643 241 60 unctione
1680 1643 161 60 sua:
1780 1643 141 60 ita
1861 1643 281 60 cooperatur
2082 1643 161 60 deo,

532 1682 187 85 Paulo
657 1682 187 85 suum,
781 1682 228 85 spiritu
947 1682 207 85 quoque
1092 1682 166 85 suum
1195 1682 166 85 opus
1299 1682 228 85 agente.
1465 1682 249 85 Ministri
1651 1682 166 85 sunt
1755 1682 269 85 apostoli,
1962 1682 104 85 &
1983 1682 228 85 praedica-

529 1735 177 87 tores
647 1735 275 87 euangelij,
863 1735 137 87 non
942 1735 236 87 literae,
1118 1735 137 87 sed
1197 1735 236 87 spiritus
1374 1735 98 87 :
1413 1735 137 87 non
1491 1735 157 87 quod
1590 1735 157 87 ipsi
1688 1735 157 87 dent
1786 1735 236 87 spiritum
1963 1735 236 87 sanctum,
2120 1735 98 87 sed

540 1792 159 84 quod
639 1792 337 84 praedicatores
917 1792 159 84 sint
1016 1792 278 84 euangelij,
1234 1792 119 84 id
1294 1792 159 84 est,
1393 1792 218 84 Christi
1552 1792 238 84 spiritum
1730 1792 317 84 conferentis,
1988 1792 139 84 imo
2047 1792 159 84 effun-

529 1855 198 68 dentis
668 1855 119 68 in
727 1855 277 68 credentes:
945 1855 139 68 non
1024 1855 178 68 autem
1143 1855 337 68 praedicatores
1420 1855 218 68 literes
1578 1855 198 68 legis,
1717 1855 139 68 non
1796 1855 297 68 conferentis
2034 1855 218 68 gratiam

531 1917 109 64 &
575 1917 304 64 peccatorum
814 1917 326 64 remisionem,
1074 1917 152 64 sed
1161 1917 282 64 operantis
1378 1917 174 64 iram
1487 1917 109 64 &
1530 1917 326 64 proferentis
1791 1917 261 64 peccata.
1986 1917 130 64 De
2029 1917 174 64 claui-

529 1961 145 77 bus
612 1961 104 77 &
654 1961 270 77 potestate
861 1961 228 77 clauium
1028 1961 187 77 alibi
1152 1961 166 77 erit
1256 1961 311 77 opportunior
1505 1961 228 77 dicendi
1671 1961 208 77 locus,
1817 1961 270 77 Praeterea
2003 1961 208 77 uidentur

525 2020 156 80 hic
614 2020 223 80 quoque
770 2020 201 80 locum
903 2020 223 80 habere
1059 2020 267 80 congruum
1260 2020 134 80 ea
1327 2020 178 80 quae
1438 2020 290 80 disputata
1661 2020 178 80 sunt
1772 2020 201 80 primo
1906 2020 201 80 huius
2017 2020 201 80 Decadis

535 2078 224 87 Sermone
697 2078 122 87 De
758 2078 264 87 potestate
962 2078 102 87 &
1002 2078 285 87 ministerio
1226 2078 285 87 ecclesiae.

611 2121 229 81 Rursus
771 2121 160 81 cum
863 2121 252 81 hominum
1046 2121 229 81 utitur
1206 2121 206 81 opera
1344 2121 252 81 dominus
1527 2121 137 81 in
1596 2121 252 81 docenda
1779 2121 298 81 ecclesia,
1985 2121 229 81 nobisque

526 2195 309 77 cooperarijs
774 2195 124 77 in
835 2195 309 77 perficienda
1082 2195 227 77 salute,
1247 2195 371 77 luculentissime
1556 2195 247 77 ostendit
1741 2195 165 77 quam
1844 2195 165 77 amet
1947 2195 103 77 &
1988 2195 206 77 quanti
2112 2195 103 77 nos

528 2241 224 79 faciat,
691 2241 143 79 qui
772 2241 204 79 tantum
915 2241 265 79 thesaurum
1119 2241 122 79 in
1180 2241 286 79 argillacea
1405 2241 224 79 deponit
1568 2241 245 79 uascula,
1752 2241 122 79 ac
1813 2241 122 79 in
1874 2241 286 79 nobisipsis
2078 2241 143 79 prae-

535 2307 325 63 stantissima
795 2307 238 63 quaeque
968 2307 281 63 operatur,
1185 2307 130 63 ac
1250 2307 216 63 uincit
1401 2307 195 63 omnem
1531 2307 195 63 mundi
1661 2307 260 63 potentem
1856 2307 368 63 excellentiam.
2137 2307 87 63 Vn

530 2354 129 73 de
595 2354 215 73 iterum
746 2354 258 73 discimus
939 2354 194 73 omnem
1068 2354 237 73 Christo
1241 2354 258 73 tribuere
1434 2354 258 73 gloriam,
1628 2354 194 73 Paulo
1757 2354 215 73 rursus
1908 2354 237 73 docente
2080 2354 172 73 nos,

534 2414 110 65 &
578 2414 264 65 dicente,
776 2414 154 65 Non
864 2414 264 65 nosipsos
1062 2414 352 65 praedicamus,
1348 2414 154 65 sed
1436 2414 264 65 Christum
1634 2414 198 65 Iesum
1766 2414 264 65 dominum,
1964 2414 154 65 nos
2052 2414 198 65 autem

532 2466 209 81 seruos
678 2466 229 81 uestros
845 2466 229 81 propter
1012 2466 209 81 Iesum.
1158 2466 229 81 Quoniam
1325 2466 167 81 deus
1429 2466 146 81 est
1513 2466 146 81 qui
1596 2466 209 81 iussit
1742 2466 104 81 e
1784 2466 250 81 tenebris
1972 2466 188 81 lucem
2076 2466 146 81 illu-

538 2519 238 73 cescere,
716 2519 139 73 qui
796 2519 178 73 luxit
915 2519 119 73 in
974 2519 238 73 cordibus
1152 2519 218 73 nostris
1311 2519 119 73 ad
1370 2519 357 73 illuminationem
1667 2519 297 73 cognitionis
1905 2519 218 73 gloriae
2064 2519 158 73 dei,
2143 2519 79 73 in

541 2576 183 72 facie
663 2576 163 72 Iesu
765 2576 245 72 Christi.
948 2576 224 72 Habemus
1111 2576 183 72 autem
1234 2576 265 72 thesaurum
1437 2576 163 72 hunc
1539 2576 122 72 in
1601 2576 265 72 testaceis
1804 2576 265 72 uasculis,
2008 2576 122 72 ut
2049 2576 163 72 uirtu-

533 2633 154 89 tis
621 2633 286 89 eminentia
841 2633 154 89 sit
929 2633 176 89 dei,
1039 2633 110 89 &
1083 2633 154 89 non
1171 2633 132 89 ex
1237 2633 220 89 nobis,
1392 2633 154 89 dum
1480 2633 132 89 in
1546 2633 242 89 omnibus
1722 2633 286 89 premimur,
1942 2633 132 89 at
2008 2633 154 89 non
2074 2633 154 89 anxij

533 2699 296 75 reddimur,
738 2699 114 75 &c.

631 2737 275 87 Praeterea
842 2737 381 87 conglutinantur
1160 2737 254 87 mirifice
1350 2737 190 87 omnia
1477 2737 254 87 corporis
1668 2737 360 87 ecclesiastici
1964 2737 212 87 membra
2091 2737 127 87 mini

531 2792 216 91 sterio
683 2792 389 91 ecclesiastico.
1007 2792 151 91 Nam
1094 2792 130 91 ad
1159 2792 303 91 concordiam
1397 2792 281 91 faciendam
1613 2792 325 91 unitatemque
1873 2792 325 91 retinendam,
2111 2792 108 91 hoc

531 2872 123 62 in
592 2872 205 62 primis
735 2872 266 62 conducit,
940 2872 164 62 quod
1042 2872 184 62 mutua
1165 2872 205 62 egemus
1308 2872 348 62 institutione,
1595 2872 102 62 &
1636 2872 266 62 ecclesiae
1841 2872 205 62 cuique
1963 2872 246 62 peculiaris

530 2922 104 75 &
572 2922 167 75 unus
676 2922 271 75 praesidet
884 2922 229 75 pastor,
1051 2922 208 75 ueluti
1197 2922 188 75 fidus
1322 2922 229 75 aliquis
1489 2922 375 75 paterfamilias,
1801 2922 271 75 uniuersam
2010 2922 208 75 regens
2155 2922 104 75 &
