2288 3632
74 276 306 86 conseruans
315 276 284 86 familiam.
534 276 197 86 Certe
665 276 219 86 negari
818 276 153 86 non
906 276 241 86 potest,
1081 276 241 86 quondam
1256 276 197 86 totum
1387 276 197 86 illum
1497 276 284 86 tabernaculi

70 330 107 85 &
112 330 214 85 templi
262 330 407 85 instructissimum
605 330 236 85 cultum,
777 330 107 85 &
820 330 214 85 tribum
970 330 171 85 Leui
1077 330 322 85 consecratam
1334 330 322 85 sacerdotio,
1592 330 129 85 in
1634 330 129 85 hunc

79 387 180 82 finem
199 387 160 82 esse
299 387 100 82 a
339 387 140 82 deo
419 387 280 82 instituta:
639 387 160 82 quae
739 387 180 82 simul
859 387 180 82 atque
980 387 300 82 deseruisset
1220 387 140 82 per
1300 387 260 82 nephariam
1500 387 240 82 audaciam
1660 387 100 82 Ie-

70 445 218 84 roboam
223 445 152 84 rex
310 445 239 84 impius,
484 445 218 84 regnum
636 445 131 84 in
701 445 218 84 partes
854 445 326 84 discerpsit,
1115 445 131 84 ac
1180 445 196 84 domum
1311 445 174 84 suam
1420 445 196 84 atque
1529 445 239 84 uniuersum

64 509 210 65 regnum
211 509 253 65 funditus
401 509 189 65 demum
527 509 253 65 euertit.
716 509 147 65 Sed
801 509 105 65 &
843 509 126 65 S.
906 509 210 65 Paulus
1053 509 126 65 de
1116 509 232 65 finibus
1285 509 189 65 sacri
1411 509 295 65 ministerij
1643 509 105 65 a
1685 509 147 65 deo

78 557 253 85 instituti
272 557 234 85 loquens,
447 557 136 85 non
525 557 175 85 tacet
642 557 234 85 unitatem
817 557 234 85 corporis
992 557 350 85 ecclesiastici,
1284 557 136 85 cui
1362 557 97 85 &
1401 557 156 85 alia
1498 557 253 85 praeclara
1673 557 117 85 cons

72 616 199 83 iungit
212 616 179 83 bona.
331 616 179 83 Verba
451 616 160 83 eius
551 616 120 83 si
610 616 160 83 quis
710 616 259 83 requirat,
910 616 160 83 haec
1009 616 179 83 sunt,
1129 616 259 83 Instituit
1328 616 259 83 ministros
1528 616 120 83 ad
1568 616 219 83 instaura-

73 675 207 82 tionem
218 675 289 82 sanctorum,
445 675 124 82 in
507 675 165 82 opus
611 675 393 82 dispensationis,
941 675 124 82 in
1003 675 372 82 aedificationem
1313 675 248 82 corporis
1499 675 248 82 Christi,
1665 675 103 82 do-

65 730 149 75 nec
150 730 319 75 perueniamus
405 730 192 75 omnes
533 730 128 75 in
597 730 255 75 unitatem
789 730 192 75 fidei
916 730 106 75 &
959 730 298 75 agnitionis
1193 730 192 75 filij
1321 730 170 75 dei,
1427 730 128 75 in
1491 730 192 75 uirum
1598 730 170 75 perfe-

78 782 188 80 ctum,
203 782 125 80 in
266 782 250 80 mensuram
453 782 229 80 aetatis
620 782 188 80 plene
745 782 229 80 adultae
912 782 250 80 Christi,
1100 782 125 80 ut
1162 782 146 80 non
1246 782 229 80 amplius
1413 782 188 80 simus
1538 782 209 80 pueri,
1663 782 104 80 qui

71 833 320 93 ffuctuemus
322 833 114 93 &
368 833 388 93 circunferamur
687 833 228 93 quouis
847 833 205 93 uento
984 833 320 93 doctrinae,
1235 833 160 93 per
1326 833 297 93 uersutiam
1532 833 228 93 hominum,

80 896 149 79 per
165 896 276 79 astutiam,
377 896 149 79 qua
462 896 149 79 nos
547 896 297 79 adoriuntur
781 896 127 79 ut
845 896 255 79 imponant
1036 896 212 79 nobis,
1184 896 149 79 sed
1269 896 276 79 ueritatem
1482 896 276 79 sectantes
1673 896 85 79 in

73 961 265 71 charitate
277 961 306 71 adolescamus
521 961 122 71 in
583 961 184 71 illum
705 961 143 71 per
787 961 204 71 omnia,
930 961 143 71 qui
1011 961 143 71 est
1093 961 204 71 caput,
1236 961 184 71 nempe
1358 961 265 71 Christus.
1562 961 122 71 Et
1623 961 184 71 reli¬

75 1010 151 82 qua.
170 1010 246 82 Perspicui
359 1010 151 82 sunt
453 1010 113 82 hi
510 1010 170 82 fines
623 1010 265 82 ministerij
831 1010 321 82 ecclesiastici
1096 1010 113 82 in
1152 1010 170 82 uerbi
1266 1010 132 82 dei
1341 1010 340 82 praedicatione.
1606 1010 151 82 Insti-

73 1068 170 77 tuit
179 1068 170 77 deus
285 1068 319 77 ministerium
541 1068 128 77 in
604 1068 277 77 ecclesia,
817 1068 128 77 ut
881 1068 191 77 omnia
1009 1068 213 77 membra
1157 1068 298 77 reducantur
1391 1068 128 77 ad
1455 1068 255 77 unitatem
1625 1068 128 77 cor-

73 1125 205 75 poris,
216 1125 102 75 &
257 1125 328 75 subiiciantur
523 1125 348 75 adhaereantque
810 1125 205 75 capiti
954 1125 246 75 Christo,
1138 1125 123 75 ut
1200 1125 123 75 in
1261 1125 143 75 hoc
1343 1125 328 75 adolescamus,
1589 1125 164 75 euada-

69 1184 215 76 musque
220 1184 129 76 in
285 1184 194 76 uiros
414 1184 302 76 perfectos.
651 1184 129 76 ne
716 1184 215 76 semper
867 1184 194 76 simus
996 1184 215 76 pueri,
1147 1184 129 76 ne
1211 1184 259 76 pateamus
1405 1184 215 76 omnium
1535 1184 215 76 impostu-

77 1237 144 75 ris
160 1237 103 75 &
201 1237 329 75 haereticorum
468 1237 411 75 fascinationibus,
817 1237 144 75 sed
899 1237 123 75 in
961 1237 164 75 uera
1064 1237 164 75 fide
1166 1237 103 75 &
1207 1237 267 75 charitate
1413 1237 329 75 conglutinati
1659 1237 103 75 ue-

59 1292 237 81 ritatem
232 1292 302 81 retineamus
469 1292 345 81 Christianam,
749 1292 194 81 puram
879 1292 108 81 &
922 1292 302 81 simplicem,
1159 1292 302 81 Christoque
1396 1292 302 81 seruientes
1612 1292 151 81 synce

61 1348 121 59 re
121 1348 121 59 in
182 1348 141 59 hoc
262 1348 242 59 saeculo,
444 1348 201 59 mortui
585 1348 242 59 regnemus
766 1348 141 59 cum
847 1348 161 59 ipso
947 1348 121 59 in
1008 1348 222 59 coelis,

143 1394 123 89 Ex
204 1394 143 89 his
286 1394 184 89 illud
408 1394 204 89 quoque
551 1394 286 89 deriuamus,
776 1394 307 89 ministerium
1022 1394 388 89 ecclesiasticum,
1349 1394 184 89 licet
1471 1394 348 89 administretur

55 1462 134 79 ab
122 1462 313 79 hominibus,
368 1462 246 79 humanum
547 1462 224 79 tamen,
703 1462 134 79 id
770 1462 157 79 est
860 1462 134 79 ab
927 1462 291 79 hominibus
1151 1462 291 79 inuentum,
1374 1462 157 79 non
1464 1462 201 79 esse.
1598 1462 201 79 Origo
1710 1462 67 79 r

70 1517 164 82 enim
173 1517 164 82 eius
276 1517 103 82 e
317 1517 185 82 coelo
440 1517 164 82 est,
543 1517 123 82 ac
604 1517 246 82 authorem
789 1517 144 82 seu
871 1517 328 82 institutorem
1138 1517 185 82 habet
1261 1517 185 82 ipsum
1384 1517 185 82 deum:
1508 1517 226 82 ideoque
1651 1517 103 82 di-

70 1572 209 74 gnitas
216 1572 167 74 eius
321 1572 209 74 maxime
467 1572 271 74 excellit.
675 1572 209 74 Primus
822 1572 313 74 concionator
1072 1572 125 74 in
1135 1572 250 74 paradyso
1323 1572 167 74 fuit
1427 1572 167 74 ipse
1531 1572 188 74 deus,
1636 1572 104 74 imc

65 1626 158 77 ipse
164 1626 138 77 dei
243 1626 218 77 filius,
401 1626 138 77 qui
480 1626 316 77 intercedente
738 1626 218 77 spiritu
896 1626 198 77 sancto
1034 1626 198 77 semper
1173 1626 218 77 locutus
1331 1626 138 77 est
1410 1626 257 77 patribus,
1588 1626 158 77 sicuti

68 1673 105 83 &
110 1673 294 83 incarnatus
341 1673 210 83 postea
488 1673 168 83 toti
593 1673 189 83 mundo
719 1673 105 83 a
761 1673 189 83 patre
887 1673 252 83 magister
1077 1673 105 83 &
1119 1673 210 83 doctor
1266 1673 189 83 datus
1392 1673 168 83 est.
1497 1673 147 83 Hic
1581 1673 168 83 Adae
1686 1673 105 83 &

63 1727 175 90 Euae
173 1727 307 90 parentibus
414 1727 241 90 nostris
589 1727 329 90 praedicauit
852 1727 307 90 peccatorum
1093 1727 307 90 remisionem
1335 1727 110 90 &
1378 1727 373 90 poenitentiam,
1663 1727 88 90 in

71 1782 223 88 stituit
233 1782 102 88 &
274 1782 264 88 reuelauit
477 1782 305 88 sacrificium
721 1782 284 88 sacramenti
944 1782 183 88 uice,
1066 1782 122 88 in
1127 1782 142 88 quo
1208 1782 406 88 repraesentaretur
1554 1782 122 88 ac
1594 1782 163 88 obsig-

65 1845 247 74 naretur
244 1845 202 74 ipsis
378 1845 247 74 pretium
558 1845 359 74 redemptionis
849 1845 157 74 per
939 1845 202 74 semen
1073 1845 314 74 promissum,
1320 1845 291 74 aliquando
1522 1845 224 74 exoluen-

64 1896 168 89 dum,
169 1896 147 89 &c.
253 1896 273 89 Successit
463 1896 126 89 in
525 1896 294 89 ministerio
756 1896 168 89 Adam
861 1896 147 89 cum
945 1896 210 89 filijs
1092 1896 105 89 &
1134 1896 273 89 nepotibus
1343 1896 189 89 Seth,
1469 1896 189 89 Enos,
1574 1896 168 89 Enoch,

69 1946 172 77 Noe,
177 1946 172 77 Sem,
285 1946 237 77 Abraham
457 1946 151 77 cum
543 1946 172 77 suis
651 1946 215 77 filijs
802 1946 108 77 &
845 1946 302 77 nepotibus,
1082 1946 194 77 usque
1211 1946 129 77 ad
1276 1946 215 77 Mosen:
1427 1946 151 77 quo
1491 1946 259 77 gubernante

59 2018 281 72 ecclesiam
275 2018 108 72 &
319 2018 173 72 post
427 2018 194 72 ipsum
556 2018 173 72 dati
664 2018 173 72 sunt
773 2018 281 72 prophetae
989 2018 108 72 &
1032 2018 303 72 sacerdotes
1270 2018 130 72 ad
1334 2018 238 72 tempora
1507 2018 194 72 usque
1615 2018 130 72 Ioan

65 2062 265 73 Baptistae
269 2062 102 73 &
309 2062 163 73 Iesu
412 2062 224 73 feminis
575 2062 265 73 promissi,
779 2062 224 73 Christi
942 2062 224 73 inquam,
1105 2062 184 73 regis
1228 2062 102 73 &
1269 2062 286 73 pontificis
1493 2062 224 73 nostri.
1636 2062 102 73 Hic

72 2121 202 71 rursus
213 2121 182 71 misit
334 2121 121 71 in
395 2121 202 71 mundum
536 2121 283 71 discipulos
758 2121 182 71 suos,
879 2121 262 71 apostolos
1081 2121 283 71 uidelicet,
1303 2121 141 71 qui
1384 2121 303 71 successores
1606 2121 141 71 ordi-

65 2178 206 68 narunt
209 2178 267 68 episcopos
415 2178 103 68 &
456 2178 267 68 doctores.
662 2178 123 68 De
723 2178 144 68 qua
805 2178 123 68 re
867 2178 185 68 alias
990 2178 206 68 dictum
1134 2178 144 68 est
1217 2178 288 68 prolixius.
1443 2178 164 68 Deus
1545 2178 164 68 ergo
1628 2178 123 68 ipse

65 2243 251 61 auditur
247 2243 137 61 in
316 2243 182 61 uoce
430 2243 159 61 uel
521 2243 273 61 doctrina
726 2243 342 61 ministrorum
999 2243 251 61 suorum.
1181 2243 182 61 Vnde
1295 2243 114 61 &
1341 2243 251 61 iubemur
1500 2243 251 61 ministros

64 2300 301 71 euangelium
300 2300 344 71 praedicantes
579 2300 236 71 tanquam
751 2300 193 71 ipsos
880 2300 150 71 dei
966 2300 258 71 angelos,
1160 2300 236 71 adeoque
1332 2300 215 71 ueluti
1482 2300 193 71 ipsum
1590 2300 150 71 domi-

69 2352 152 79 num
156 2352 239 79 audire.
330 2352 283 79 Laudantur
548 2352 174 79 enim
656 2352 239 79 Galatae
830 2352 152 79 hoc
917 2352 239 79 nomine,
1091 2352 196 79 Paulo
1221 2352 261 79 dicente,
1417 2352 152 79 Non
1504 2352 304 79 respuistis

66 2397 326 82 infirmitatem
330 2397 163 82 meam
432 2397 122 82 in
493 2397 203 82 carne,
635 2397 142 82 sed
717 2397 122 82 me
778 2397 203 82 ueluti
920 2397 224 82 angelum
1083 2397 326 82 suscepistis,
1347 2397 183 82 uelut
1470 2397 244 82 Christum
1632 2397 102 82 Ie-

65 2449 172 92 sum.
172 2449 172 92 Vnde
279 2449 107 92 &
322 2449 129 92 S.
387 2449 236 92 August.
558 2449 215 92 Tract.
709 2449 129 92 in
773 2449 193 92 Ioan.
902 2449 129 92 3.
966 2449 150 92 Nos
1052 2449 279 92 audiamus,
1267 2449 236 92 inquit,
1439 2449 301 92 euangelium
1654 2449 107 92 tan

64 2515 175 68 quam
174 2515 307 68 praesentem
415 2515 263 68 dominum,
612 2515 153 68 nec
700 2515 263 68 dicamus,
897 2515 110 68 O
941 2515 241 68 felices
1116 2515 153 68 qui
1204 2515 197 68 illum
1335 2515 219 68 audire
1467 2515 263 68 potuerunt.

67 2563 166 88 Quia
171 2563 187 88 multi
295 2563 124 88 in
357 2563 145 88 eis
440 2563 145 88 qui
523 2563 249 88 uiderunt
710 2563 104 88 &
751 2563 187 88 etiam
876 2563 311 88 occiderunt,
1124 2563 187 88 multi
1249 2563 187 88 etiam
1373 2563 124 88 in
1435 2563 187 88 nobis
1559 2563 145 88 qui
1642 2563 145 88 non

64 2631 291 89 uiderunt,
287 2631 112 89 &
332 2631 201 89 tamen
466 2631 358 89 crediderunt.
757 2631 179 89 Quod
868 2631 179 89 enim
980 2631 291 89 pretiosum
1204 2631 246 89 sonabat
1382 2631 134 89 de
1449 2631 156 89 ore
1539 2631 246 89 domini,

62 2677 103 79 &
104 2677 226 79 propter
268 2677 144 79 nos
350 2677 247 79 scriptum
535 2677 164 79 est,
638 2677 103 79 &
679 2677 185 79 nobis
802 2677 247 79 seruatum
987 2677 164 79 est,
1090 2677 103 79 &
1131 2677 226 79 propter
1296 2677 144 79 nos
1378 2677 288 79 recitatur,
1604 2677 103 79 &
1625 2677 123 79 pro-

72 2736 161 85 pter
173 2736 242 85 posteros
354 2736 322 85 recitabitur,
616 2736 181 85 donec
737 2736 242 85 saeculum
918 2736 262 85 finiatur.
1119 2736 201 85 Sursum
1260 2736 141 85 est
1341 2736 242 85 dominus,
1522 2736 141 85 sed
1603 2736 181 85 etiam

64 2793 145 84 hic
147 2793 145 84 est
230 2793 228 84 ueritas
396 2793 249 84 dominus.
582 2793 207 84 Corpus
727 2793 166 84 enim
831 2793 207 84 domini
976 2793 124 84 in
1038 2793 145 84 quo
1121 2793 311 84 resurrexit,
1369 2793 145 84 uno
1452 2793 166 84 loco
1556 2793 166 84 esse
1638 2793 104 84 po-

67 2854 187 78 test,
192 2854 228 78 ueritas
358 2854 166 78 eius
461 2854 207 78 ubique
606 2854 228 78 diffusa
772 2854 166 78 est.
876 2854 228 78 Dominum
1042 2854 166 78 ergo
1146 2854 249 78 audiamus
1332 2854 104 78 &
1374 2854 166 78 quod
1477 2854 166 78 ipse
1560 2854 187 78 donaue-

66 2904 153 87 rit
153 2904 131 87 de
219 2904 218 87 uerbis
371 2904 196 87 eius.
502 2904 174 87 Haec
611 2904 240 87 August.
786 2904 262 87 Loquitur
982 2904 174 87 ergo
1091 2904 196 87 nobis
1222 2904 196 87 etiam
1353 2904 196 87 hodie
1483 2904 240 87 dominus
1636 2904 109 87 no
