2288 3632
462 290 182 84 ster
576 290 272 84 pontifex
780 290 227 84 summus
939 290 159 84 per
1030 290 295 84 ministros
1256 290 227 84 uerbum
1415 290 227 84 ipsius
1574 290 386 84 praedicantes.
1892 290 159 84 Imo
1960 290 204 84 habemus

478 350 189 84 omnia
604 350 294 84 quaecunque
835 350 231 84 locutus
1003 350 147 84 est
1087 350 168 84 deus
1192 350 147 84 per
1276 350 336 84 patriarchas,
1549 350 273 84 prophetas
1759 350 105 84 &
1801 350 273 84 apostolos
2011 350 126 84 in
2053 350 105 84 sa-

478 402 161 93 cris
579 402 222 93 literis
740 402 262 93 exposita,
942 402 161 93 quae
1043 402 182 93 nobis
1164 402 283 93 praelegunt
1386 402 101 93 &
1426 402 242 93 enarrant
1608 402 303 93 ecclesiarum
1850 402 262 93 ministri.
2032 402 121 93 Quis

483 461 163 88 ergo
585 461 224 88 spernat
748 461 224 88 posthac
911 461 306 88 ministerium
1156 461 122 88 ac
1217 461 265 88 ministros
1421 461 224 88 Christi
1584 461 245 88 fideles,
1767 461 122 88 in
1829 461 204 88 primis
1971 461 143 88 cum
2033 461 122 88 ipse

483 517 227 84 dominus
648 517 103 84 &
690 517 248 84 seruator
875 517 206 84 noster
1020 517 310 84 ministerium
1268 517 268 84 subierit,
1474 517 124 84 ac
1536 517 206 84 factus
1680 517 144 84 sit
1763 517 268 84 apostolus
1969 517 103 84 &
2011 517 186 84 mini¬

479 590 148 71 ster
572 590 241 71 ecclesiae
757 590 259 71 ludaicae.:
961 590 148 71 Quid
1053 590 148 71 quod
1146 590 167 71 primi
1257 590 148 71 illi
1350 590 222 71 ministri
1516 590 167 71 tales
1627 590 222 71 fuerunt,
1794 590 111 71 ut
1849 590 167 71 nulla
1960 590 241 71 saecula,/

489 639 186 72 nulla
614 639 290 72 religionis
841 639 269 72 doctrina,
1049 639 311 72 sanctimonia
1297 639 104 72 &
1339 639 331 72 excellentia,
1608 639 269 72 habuerint
1815 639 207 72 pares.
1960 639 186 72 nedum
2063 639 104 72 su-

480 682 276 95 periores.
692 682 191 95 Hodie
820 682 170 95 quia
926 682 170 95 sunt
1032 682 234 95 extrema
1202 682 255 95 tempora,
1393 682 127 95 in
1457 682 212 95 quibus
1606 682 276 95 illusores
1818 682 106 95 &
1861 682 255 95 Epicurei
2031 682 127 95 late

480 738 320 87 imperitant,
736 738 171 87 uile
843 738 150 87 est
928 738 192 87 uerbi
1056 738 150 87 dei
1142 738 342 87 ministerium.
1419 738 192 87 Verum
1548 738 128 87 si
1612 738 192 87 omnia
1740 738 235 87 saecula
1911 738 128 87 ao
1953 738 214 87 exordium

481 796 186 85 usque
606 796 186 85 mundi
730 796 269 85 percurras
937 796 104 85 &
978 796 269 85 excutias,
1185 796 248 85 inuenies
1371 796 393 85 sapientissimos,
1703 796 311 85 iustissimos
1951 796 104 85 &
1972 796 186 85 optimos

487 848 127 88 in
550 848 170 88 toto
656 848 170 88 orbe
762 848 233 88 homines
932 848 191 88 nihil
1059 848 276 88 antiquius
1271 848 254 88 habuisse
1462 848 191 88 uerbo
1589 848 148 88 dei
1674 848 106 88 &
1716 848 276 88 prophetis
1928 848 127 88 ac
1970 848 191 88 aposto-

487 926 124 79 lis
558 926 124 79 dei
612 926 178 79 sanctis.

583 971 295 72 Priusquam
810 971 181 72 uero
923 971 136 72 ad
991 971 181 72 alia
1105 971 204 72 huius
1241 971 249 72 negotij
1422 971 385 72 progrediamur,
1739 971 385 72 respondebimus
2034 971 136 72 non-

483 1019 216 92 nullis
635 1019 195 92 etiam
765 1019 281 92 sanctarum
981 1019 346 92 scripturarum
1262 1019 281 92 praetextu
1479 1019 325 92 ministerium
1738 1019 195 92 uerbi
1868 1019 303 92 subuertere
2084 1019 87 92 an

492 1077 324 83 nitentibus.
751 1077 151 83 Nam
838 1077 216 83 citant
989 1077 194 83 illud
1118 1077 281 83 Ieremiae,
1334 1077 151 83 Non
1421 1077 237 83 docebit
1593 1077 237 83 quisque
1766 1077 259 83 proximum
1960 1077 194 83 suum:
2068 1077 108 83 om-

484 1131 159 87 nes
575 1131 182 87 enim
689 1131 318 87 cognoscent
939 1131 159 87 me.
1029 1131 159 87 Nos
1120 1131 204 87 autem
1257 1131 159 87 non
1347 1131 250 87 negamus
1529 1131 273 87 leremiam
1733 1131 159 87 sic
1824 1131 273 87 scriptum
2006 1131 159 87 reli-

497 1187 218 98 quisse:
656 1187 139 98 sed
735 1187 218 98 addimus
894 1187 119 98 eo
954 1187 298 98 loquutionis
1192 1187 218 98 genere,
1350 1187 99 98 &
1390 1187 218 98 dicendi
1549 1187 198 98 figura
1688 1187 179 98 aliud
1807 1187 179 98 nihil
1906 1187 258 98 insinuasse,

486 1251 187 82 quam
603 1251 234 82 maxime
766 1251 281 82 uulgarem
977 1251 187 82 fore
1094 1251 140 82 in
1164 1251 281 82 uniuerso
1375 1251 211 82 mundo
1515 1251 164 82 dei
1609 1251 117 82 &
1655 1251 211 82 rerum
1796 1251 304 82 diuinarum
2006 1251 164 82 cogni

490 1300 229 82 tionem.
657 1300 125 82 Id
719 1300 167 82 quod
823 1300 104 82 &
865 1300 167 82 icel
969 1300 229 82 futurum
1136 1300 292 82 praedixit,
1365 1300 167 82 quod
1469 1300 104 82 &
1511 1300 208 82 Petrus
1656 1300 229 82 adduxit
1823 1300 125 82 in
1885 1300 187 82 Actis
2010 1300 167 82 cap.
2094 1300 83 82 2-

499 1358 232 84 lnterim
667 1358 147 84 duo
752 1358 168 84 illi
857 1358 295 84 prophetae,
1088 1358 211 84 sicuti
1236 1358 105 84 &
1278 1358 168 84 alij
1383 1358 189 84 omnes
1509 1358 358 84 perfrequenter
1804 1358 274 84 mentionem
1994 1358 189 84 faciunt

499 1410 247 86 doctorum
685 1410 289 86 ecclesiae,
912 1410 165 86 quos
1015 1410 227 86 dominus
1180 1410 247 86 missurus
1365 1410 144 86 sit
1448 1410 206 86 populo
1592 1410 165 86 suo:
1695 1410 165 86 quod
1798 1410 144 86 non
1880 1410 289 86 fecissent,
2087 1410 82 86 si

496 1468 364 82 intellexissent
799 1468 182 82 omnes
920 1468 101 82 e
961 1468 182 82 medio
1082 1468 344 82 praedicatores
1365 1468 162 82 fore
1466 1468 283 82 tollendos.
1688 1468 162 82 Quod
1789 1468 162 82 alij
1890 1468 263 82 obiiciunt
2072 1468 101 82 om-

511 1540 181 70 nibus
632 1540 121 70 ex
692 1540 181 70 aequo
813 1540 221 70 docendi
974 1540 242 70 officium
1155 1540 161 70 esse
1256 1540 282 70 impositum,
1477 1540 262 70 uidelicet
1679 1540 121 70 ut
1739 1540 242 70 parentes
1920 1540 221 70 liberos
2061 1540 121 70 suos

512 1582 253 78 erudiant
702 1582 105 78 &
744 1582 232 78 quisque
912 1582 253 78 proximum
1102 1582 169 78 suum
1207 1582 253 78 admoneat
1397 1582 105 78 :
1439 1582 169 78 ergo
1545 1582 190 78 nihil
1671 1582 169 78 opus
1777 1582 169 78 esse
1882 1582 190 78 uerbi
2008 1582 148 78 dei
2072 1582 105 78 mi-

499 1639 247 77 nisterio
685 1639 123 77 in
746 1639 267 77 ecclesia,
952 1639 309 77 sophisticum
1199 1639 165 77 est.
1302 1639 247 77 Priuatim
1487 1639 165 77 enim
1590 1639 185 77 omnes
1713 1639 206 77 docere
1857 1639 103 77 &
1898 1639 247 77 admonere
2063 1639 123 77 pos-

495 1687 200 87 sumus
628 1687 133 87 ac
694 1687 244 87 debemus
872 1687 244 87 liberos
1049 1687 111 87 &
1094 1687 266 87 proximos
1294 1687 266 87 nostros:
1493 1687 155 87 sed
1582 1687 177 87 ideo
1693 1687 377 87 superuacaneum
2004 1687 155 87 non
2070 1687 111 87 est

505 1757 258 75 publicum
698 1757 193 75 uerbi
827 1757 150 75 dei
912 1757 343 75 ministerium.
1191 1757 172 75 Idem
1299 1757 172 75 enim
1406 1757 172 75 deus
1514 1757 150 75 qui
1599 1757 279 75 praecepit
1814 1757 301 75 parentibus
2050 1757 107 75 &
2072 1757 107 75 no-

502 1800 144 78 bis
585 1800 248 78 omnibus,
771 1800 124 78 ut
833 1800 165 78 illi
936 1800 227 78 liberos
1101 1800 124 78 in
1163 1800 227 78 pietate
1328 1800 310 78 instituant,
1576 1800 144 78 nos
1658 1800 186 78 autem
1782 1800 186 78 omnes
1906 1800 248 78 proximos
2071 1800 103 78 no-

501 1858 194 82 stros
631 1858 258 82 doceamus
824 1858 108 82 &
868 1858 323 82 admoneamus,
1126 1858 280 82 ministros
1341 1858 258 82 publicos
1535 1858 280 82 ecclesiae
1750 1858 215 82 dedit.
1901 1858 194 82 Horum
2030 1858 151 82 est
2095 1858 86 82 pa

498 1909 142 85 lam
579 1909 142 85 seu
660 1909 223 85 publice
822 1909 203 85 docere
964 1909 122 85 in
1025 1909 263 85 ecclesia,
1227 1909 142 85 nec
1308 1909 142 85 hoc
1390 1909 263 85 permissum
1592 1909 142 85 est
1673 1909 324 85 quibuslibet,
1937 1909 142 85 sed
2018 1909 203 85 tantum

498 1967 245 81 legitime
682 1967 286 81 ordinatis:
907 1967 164 81 nisi
1009 1967 184 81 forte
1132 1967 266 81 docentes,
1336 1967 143 81 non
1418 1967 184 81 recta
1541 1967 348 81 ingrediantur.
1827 1967 164 81 Tunc
1930 1967 164 81 enim
2011 1967 164 81 cuili-

500 2031 142 75 bet
581 2031 223 75 spiritu
743 2031 142 75 dei
823 2031 283 75 instructo,
1046 2031 182 75 licet
1167 2031 142 75 suo
1248 2031 182 75 loco,
1370 2031 243 75 tempore,
1552 2031 101 75 &
1592 2031 202 75 sobrie
1734 2031 344 75 contradicere,
1997 2031 182 75 uerita-

494 2083 212 83 temque
642 2083 275 83 asserere.
854 2083 191 83 Manet
981 2083 170 83 ergo
1087 2083 212 83 nihilo
1235 2083 191 83 minus
1363 2083 106 83 &
1405 2083 212 83 quidem
1553 2083 254 83 perpetuo
1744 2083 127 83 in
1808 2083 254 83 ecclesia
1977 2083 212 83 publicum

501 2153 186 74 uerbi
605 2153 310 74 ministerium.-

593 2196 163 74 Haec
695 2196 122 74 in
756 2196 204 74 genere
899 2196 225 74 diximus
1062 2196 122 74 de
1123 2196 286 74 ministerio
1348 2196 102 74 &
1389 2196 265 74 ministris
1593 2196 184 74 uerbi
1715 2196 163 74 dei,
1818 2196 184 74 porro
1940 2196 143 74 per
2001 2196 184 74 species

502 2253 184 86 atque
624 2253 225 86 partes,
788 2253 164 86 quod
891 2253 246 86 reliquum
1075 2253 184 86 huius
1198 2253 143 86 est
1280 2253 246 86 negotij,
1464 2253 307 86 excutiemus,
1710 2253 123 86 ac
1771 2253 266 86 principio
1956 2253 225 86 indicabi-

496 2310 146 70 mus
579 2310 167 70 quos
684 2310 250 70 ordines,
871 2310 146 70 aut
954 2310 167 70 quae
1058 2310 187 70 munia
1183 2310 167 70 ipse
1287 2310 229 70 dominus
1454 2310 125 70 ab
1516 2310 208 70 initio
1662 2310 333 70 instituerit,
1932 2310 146 70 uel
1995 2310 187 70 quosnam

506 2373 288 65 ministerio
733 2373 267 65 ecclesiae
938 2373 185 65 sacro
1062 2373 308 65 praefecerit
1308 2373 103 65 :
1350 2373 206 65 deinde
1493 2373 206 65 quales
1637 2373 103 65 &
1679 2373 226 65 quomodo
1843 2373 185 65 nobis
1946 2373 226 65 ministros

514 2414 265 76 conueniat
717 2414 244 76 ordinare
900 2414 102 76 :
941 2414 244 76 postremo
1124 2414 183 76 quale
1247 2414 143 76 nam
1328 2414 143 76 sit
1409 2414 305 76 ordinatorum
1654 2414 265 76 ecclesiae
1857 2414 265 76 officium.
2061 2414 122 76 Et
2102 2414 81 76 ne

507 2472 183 80 longe
629 2472 245 80 repetito
812 2472 224 80 exordio
975 2472 143 80 iam
1057 2472 163 80 inde
1159 2472 102 80 a
1200 2472 306 80 patriarchis
1444 2472 245 80 deducto,
1628 2472 183 80 uobis
1750 2472 224 80 molesti
1913 2472 204 80 simus,
2056 2472 122 80 ab
2096 2472 82 80 ip

505 2542 128 65 so
569 2542 213 65 domino
718 2542 213 65 nostro
867 2542 234 65 Christo
1037 2542 319 65 exordiemur:
1293 2542 128 65 de
1357 2542 149 65 quo
1442 2542 234 65 loquens
1612 2542 213 65 Paulus
1761 2542 319 65 apostolus,.
2017 2542 149 65 Qui
2081 2542 106 65 de-

506 2583 234 81 scendit,
681 2583 214 81 inquit,
837 2583 156 81 idem
934 2583 156 81 ille
1032 2583 136 81 est
1109 2583 136 81 qui
1187 2583 234 81 ascendit
1363 2583 175 81 supra
1480 2583 175 81 omnes
1597 2583 214 81 coelos,
1752 2583 117 81 ut
1811 2583 234 81 impleret
1986 2583 195 81 omnia.
2103 2583 78 81 Et

509 2640 157 78 idem
608 2640 196 78 dedit,
745 2640 177 78 alios
863 2640 196 78 quidem
1000 2640 275 78 apostolos,
1217 2640 177 78 alios
1334 2640 157 78 uero
1433 2640 275 78 prophetas,
1649 2640 177 78 alios
1767 2640 177 78 autem
1884 2640 334 78 euangelistas,

502 2709 192 69 alios
630 2709 192 69 autem
758 2709 256 69 pastores
950 2709 107 69 &
993 2709 278 69 doctores,
1206 2709 128 69 ad
1271 2709 384 69 instaurationem
1591 2709 299 69 sanctorum,
1826 2709 128 69 in
1890 2709 171 69 opus
1975 2709 214 69 dispensa

509 2747 214 81 tionis,
664 2747 117 81 in
723 2747 350 81 aedificationem
1014 2747 234 81 corporis
1190 2747 234 81 Christi.
1365 2747 117 81 Et
1423 2747 234 81 reliqua,
1598 2747 156 81 quae
1696 2747 234 81 leguntur
1871 2747 117 81 ad
1929 2747 195 81 Ephes:
2065 2747 156 81 cap.

514 2811 105 79 .
556 2811 168 79 Ergo
661 2811 230 79 dominus
828 2811 209 79 noster
975 2811 272 79 ordinauit
1184 2811 293 79 apostolos,
1415 2811 293 79 prophetas,
1645 2811 356 79 euangelistas,
1939 2811 251 79 pastores
2127 2811 105 79 &

503 2876 298 76 doctores,
732 2876 229 76 quorum
892 2876 206 76 opera
1030 2876 298 76 ecclesiam
1259 2876 115 76 &
1305 2876 321 76 aedificare
1557 2876 115 76 &
1602 2876 321 76 conseruare
1854 2876 206 76 atque
1969 2876 229 76 guberna-

496 2936 120 89 re
536 2936 240 89 instituit.
