<?xml version="1.0" encoding="UTF-8"?>
<alto xmlns:xsi="http://www.w3.org/2001/XMLSchema-instance"
      xmlns="http://www.loc.gov/standards/alto/ns-v2#"
      xmlns:page="http://schema.primaresearch.org/PAGE/gts/pagecontent/2013-07-15"
      xsi:schemaLocation="http://www.loc.gov/standards/alto/ns-v2# http://www.loc.gov/standards/alto/alto.xsd">
   <Description>
      <MeasurementUnit>pixel</MeasurementUnit>
      <OCRProcessing ID="IdOcr">
         <ocrProcessingStep>
            <processingDateTime>2020-08-08T18:23:56.194-04:00</processingDateTime>
            <processingSoftware>
               <softwareCreator>READ COOP</softwareCreator>
               <softwareName>Transkribus</softwareName>
            </processingSoftware>
         </ocrProcessingStep>
      </OCRProcessing>
   </Description>
   <Tags/>
   <Layout>
      <Page ID="Page1" PHYSICAL_IMG_NR="1" HEIGHT="3632" WIDTH="2288">
         <TopMargin HEIGHT="0" WIDTH="2288" VPOS="0" HPOS="0"/>
         <LeftMargin HEIGHT="3632" WIDTH="0" VPOS="0" HPOS="0"/>
         <RightMargin HEIGHT="3632" WIDTH="0" VPOS="0" HPOS="2288"/>
         <BottomMargin HEIGHT="0" WIDTH="2288" VPOS="3632" HPOS="0"/>
         <PrintSpace HEIGHT="3632" WIDTH="2288" VPOS="0" HPOS="0">
            <TextBlock ID="r2" HEIGHT="2800" WIDTH="1660" VPOS="259" HPOS="515">
               <Shape>
                  <Polygon POINTS="515,259 515,3059 2175,3059 2175,259"/>
               </Shape>
               <TextLine ID="r2l2"
                         BASELINE="383"
                         HEIGHT="89"
                         WIDTH="1660"
                         VPOS="294"
                         HPOS="504">
                  <String HEIGHT="89" WIDTH="114" VPOS="294" HPOS="481" CONTENT="&amp;"/>
                  <SP HEIGHT="89" WIDTH="23" VPOS="294" HPOS="595"/>
                  <String HEIGHT="89"
                          WIDTH="205"
                          VPOS="294"
                          HPOS="527"
                          CONTENT="ueram"/>
                  <SP HEIGHT="89" WIDTH="23" VPOS="294" HPOS="731"/>
                  <String HEIGHT="89"
                          WIDTH="318"
                          VPOS="294"
                          HPOS="663"
                          CONTENT="religionem"/>
                  <SP HEIGHT="89" WIDTH="23" VPOS="294" HPOS="982"/>
                  <String HEIGHT="89"
                          WIDTH="364"
                          VPOS="294"
                          HPOS="913"
                          CONTENT="persequuntur"/>
                  <SP HEIGHT="89" WIDTH="23" VPOS="294" HPOS="1277"/>
                  <String HEIGHT="89"
                          WIDTH="296"
                          VPOS="294"
                          HPOS="1209"
                          CONTENT="acerrime."/>
                  <SP HEIGHT="89" WIDTH="23" VPOS="294" HPOS="1505"/>
                  <String HEIGHT="89"
                          WIDTH="182"
                          VPOS="294"
                          HPOS="1436"
                          CONTENT="Alij"/>
                  <SP HEIGHT="89" WIDTH="23" VPOS="294" HPOS="1618"/>
                  <String HEIGHT="89" WIDTH="114" VPOS="294" HPOS="1550" CONTENT="&amp;"/>
                  <SP HEIGHT="89" WIDTH="23" VPOS="294" HPOS="1664"/>
                  <String HEIGHT="89"
                          WIDTH="227"
                          VPOS="294"
                          HPOS="1596"
                          CONTENT="potior"/>
                  <SP HEIGHT="89" WIDTH="23" VPOS="294" HPOS="1823"/>
                  <String HEIGHT="89"
                          WIDTH="227"
                          VPOS="294"
                          HPOS="1755"
                          CONTENT="quidem"/>
                  <SP HEIGHT="89" WIDTH="23" VPOS="294" HPOS="1982"/>
                  <String HEIGHT="89"
                          WIDTH="273"
                          VPOS="294"
                          HPOS="1891"
                          CONTENT="monastico"
                          SUBS_TYPE="HypPart1"
                          SUBS_CONTENT="monasticorum"/>
                  <HYP CONTENT="-"/>
               </TextLine>
               <TextLine ID="r2l3"
                         BASELINE="434"
                         HEIGHT="73"
                         WIDTH="1653"
                         VPOS="361"
                         HPOS="508">
                  <String HEIGHT="73"
                          WIDTH="145"
                          VPOS="361"
                          HPOS="487"
                          CONTENT="rum"
                          SUBS_TYPE="HypPart2"
                          SUBS_CONTENT="monasticorum"/>
                  <SP HEIGHT="73" WIDTH="21" VPOS="361" HPOS="632"/>
                  <String HEIGHT="73"
                          WIDTH="289"
                          VPOS="361"
                          HPOS="570"
                          CONTENT="sacerdotum"/>
                  <SP HEIGHT="73" WIDTH="21" VPOS="361" HPOS="859"/>
                  <String HEIGHT="73"
                          WIDTH="186"
                          VPOS="361"
                          HPOS="797"
                          CONTENT="turba"/>
                  <SP HEIGHT="73" WIDTH="21" VPOS="361" HPOS="983"/>
                  <String HEIGHT="73"
                          WIDTH="186"
                          VPOS="361"
                          HPOS="921"
                          CONTENT="nihil"/>
                  <SP HEIGHT="73" WIDTH="21" VPOS="361" HPOS="1107"/>
                  <String HEIGHT="73"
                          WIDTH="186"
                          VPOS="361"
                          HPOS="1045"
                          CONTENT="aliud"/>
                  <SP HEIGHT="73" WIDTH="21" VPOS="361" HPOS="1231"/>
                  <String HEIGHT="73"
                          WIDTH="165"
                          VPOS="361"
                          HPOS="1169"
                          CONTENT="quam"/>
                  <SP HEIGHT="73" WIDTH="21" VPOS="361" HPOS="1335"/>
                  <String HEIGHT="73"
                          WIDTH="186"
                          VPOS="361"
                          HPOS="1273"
                          CONTENT="canit"/>
                  <SP HEIGHT="73" WIDTH="21" VPOS="361" HPOS="1458"/>
                  <String HEIGHT="73" WIDTH="124" VPOS="361" HPOS="1396" CONTENT="in"/>
                  <SP HEIGHT="73" WIDTH="21" VPOS="361" HPOS="1520"/>
                  <String HEIGHT="73"
                          WIDTH="227"
                          VPOS="361"
                          HPOS="1458"
                          CONTENT="templis"/>
                  <SP HEIGHT="73" WIDTH="21" VPOS="361" HPOS="1686"/>
                  <String HEIGHT="73" WIDTH="103" VPOS="361" HPOS="1624" CONTENT="&amp;"/>
                  <SP HEIGHT="73" WIDTH="21" VPOS="361" HPOS="1727"/>
                  <String HEIGHT="73"
                          WIDTH="227"
                          VPOS="361"
                          HPOS="1665"
                          CONTENT="missat,"/>
                  <SP HEIGHT="73" WIDTH="21" VPOS="361" HPOS="1892"/>
                  <String HEIGHT="73"
                          WIDTH="186"
                          VPOS="361"
                          HPOS="1830"
                          CONTENT="idque"/>
                  <SP HEIGHT="73" WIDTH="21" VPOS="361" HPOS="2016"/>
                  <String HEIGHT="73"
                          WIDTH="227"
                          VPOS="361"
                          HPOS="1934"
                          CONTENT="uilissimo"/>
               </TextLine>
               <TextLine ID="r2l4"
                         BASELINE="494"
                         HEIGHT="65"
                         WIDTH="1662"
                         VPOS="429"
                         HPOS="510">
                  <String HEIGHT="65"
                          WIDTH="231"
                          VPOS="429"
                          HPOS="489"
                          CONTENT="pretio."/>
                  <SP HEIGHT="65" WIDTH="21" VPOS="429" HPOS="720"/>
                  <String HEIGHT="65"
                          WIDTH="231"
                          VPOS="429"
                          HPOS="657"
                          CONTENT="Libycas"/>
                  <SP HEIGHT="65" WIDTH="21" VPOS="429" HPOS="889"/>
                  <String HEIGHT="65"
                          WIDTH="168"
                          VPOS="429"
                          HPOS="826"
                          CONTENT="enim"/>
                  <SP HEIGHT="65" WIDTH="21" VPOS="429" HPOS="994"/>
                  <String HEIGHT="65"
                          WIDTH="231"
                          VPOS="429"
                          HPOS="931"
                          CONTENT="harenas"/>
                  <SP HEIGHT="65" WIDTH="21" VPOS="429" HPOS="1162"/>
                  <String HEIGHT="65"
                          WIDTH="210"
                          VPOS="429"
                          HPOS="1099"
                          CONTENT="citius"/>
                  <SP HEIGHT="65" WIDTH="21" VPOS="429" HPOS="1309"/>
                  <String HEIGHT="65"
                          WIDTH="337"
                          VPOS="429"
                          HPOS="1246"
                          CONTENT="numeraueris,"/>
                  <SP HEIGHT="65" WIDTH="21" VPOS="429" HPOS="1583"/>
                  <String HEIGHT="65"
                          WIDTH="168"
                          VPOS="429"
                          HPOS="1520"
                          CONTENT="quam"/>
                  <SP HEIGHT="65" WIDTH="21" VPOS="429" HPOS="1688"/>
                  <String HEIGHT="65"
                          WIDTH="210"
                          VPOS="429"
                          HPOS="1625"
                          CONTENT="istos."/>
                  <SP HEIGHT="65" WIDTH="21" VPOS="429" HPOS="1835"/>
                  <String HEIGHT="65"
                          WIDTH="147"
                          VPOS="429"
                          HPOS="1772"
                          CONTENT="Sed"/>
                  <SP HEIGHT="65" WIDTH="21" VPOS="429" HPOS="1920"/>
                  <String HEIGHT="65" WIDTH="105" VPOS="429" HPOS="1856" CONTENT="&amp;"/>
                  <SP HEIGHT="65" WIDTH="21" VPOS="429" HPOS="1962"/>
                  <String HEIGHT="65"
                          WIDTH="168"
                          VPOS="429"
                          HPOS="1899"
                          CONTENT="deo,"/>
                  <SP HEIGHT="65" WIDTH="21" VPOS="429" HPOS="2067"/>
                  <String HEIGHT="65" WIDTH="105" VPOS="429" HPOS="2004" CONTENT="&amp;"/>
                  <SP HEIGHT="65" WIDTH="21" VPOS="429" HPOS="2109"/>
                  <String HEIGHT="65"
                          WIDTH="147"
                          VPOS="429"
                          HPOS="2025"
                          CONTENT="eccle"/>
               </TextLine>
               <TextLine ID="r2l5"
                         BASELINE="545"
                         HEIGHT="64"
                         WIDTH="1654"
                         VPOS="481"
                         HPOS="516">
                  <String HEIGHT="64"
                          WIDTH="171"
                          VPOS="481"
                          HPOS="497"
                          CONTENT="siae,"/>
                  <SP HEIGHT="64" WIDTH="19" VPOS="481" HPOS="668"/>
                  <String HEIGHT="64"
                          WIDTH="209"
                          VPOS="481"
                          HPOS="611"
                          CONTENT="denique"/>
                  <SP HEIGHT="64" WIDTH="19" VPOS="481" HPOS="820"/>
                  <String HEIGHT="64"
                          WIDTH="247"
                          VPOS="481"
                          HPOS="763"
                          CONTENT="sibijpsis"/>
                  <SP HEIGHT="64" WIDTH="19" VPOS="481" HPOS="1010"/>
                  <String HEIGHT="64"
                          WIDTH="152"
                          VPOS="481"
                          HPOS="953"
                          CONTENT="sunt"/>
                  <SP HEIGHT="64" WIDTH="19" VPOS="481" HPOS="1105"/>
                  <String HEIGHT="64"
                          WIDTH="247"
                          VPOS="481"
                          HPOS="1048"
                          CONTENT="inutiles,"/>
                  <SP HEIGHT="64" WIDTH="19" VPOS="481" HPOS="1295"/>
                  <String HEIGHT="64"
                          WIDTH="209"
                          VPOS="481"
                          HPOS="1238"
                          CONTENT="homines"/>
                  <SP HEIGHT="64" WIDTH="19" VPOS="481" HPOS="1448"/>
                  <String HEIGHT="64"
                          WIDTH="171"
                          VPOS="481"
                          HPOS="1391"
                          CONTENT="plane"/>
                  <SP HEIGHT="64" WIDTH="19" VPOS="481" HPOS="1562"/>
                  <String HEIGHT="64"
                          WIDTH="228"
                          VPOS="481"
                          HPOS="1505"
                          CONTENT="indocti,"/>
                  <SP HEIGHT="64" WIDTH="19" VPOS="481" HPOS="1733"/>
                  <String HEIGHT="64" WIDTH="114" VPOS="481" HPOS="1676" CONTENT="ac"/>
                  <SP HEIGHT="64" WIDTH="19" VPOS="481" HPOS="1790"/>
                  <String HEIGHT="64"
                          WIDTH="209"
                          VPOS="481"
                          HPOS="1733"
                          CONTENT="uentres"/>
                  <SP HEIGHT="64" WIDTH="19" VPOS="481" HPOS="1942"/>
                  <String HEIGHT="64"
                          WIDTH="190"
                          VPOS="481"
                          HPOS="1885"
                          CONTENT="pigri,"/>
                  <SP HEIGHT="64" WIDTH="19" VPOS="481" HPOS="2075"/>
                  <String HEIGHT="64"
                          WIDTH="171"
                          VPOS="481"
                          HPOS="1999"
                          CONTENT="implaca"/>
               </TextLine>
               <TextLine ID="r2l6"
                         BASELINE="621"
                         HEIGHT="84"
                         WIDTH="844"
                         VPOS="537"
                         HPOS="514">
                  <String HEIGHT="84"
                          WIDTH="177"
                          VPOS="537"
                          HPOS="494"
                          CONTENT="biles"/>
                  <SP HEIGHT="84" WIDTH="20" VPOS="537" HPOS="671"/>
                  <String HEIGHT="84"
                          WIDTH="216"
                          VPOS="537"
                          HPOS="612"
                          CONTENT="interim"/>
                  <SP HEIGHT="84" WIDTH="20" VPOS="537" HPOS="828"/>
                  <String HEIGHT="84"
                          WIDTH="294"
                          VPOS="537"
                          HPOS="769"
                          CONTENT="euangelicae"/>
                  <SP HEIGHT="84" WIDTH="20" VPOS="537" HPOS="1064"/>
                  <String HEIGHT="84"
                          WIDTH="255"
                          VPOS="537"
                          HPOS="1005"
                          CONTENT="ueritatis"/>
                  <SP HEIGHT="84" WIDTH="20" VPOS="537" HPOS="1260"/>
                  <String HEIGHT="84"
                          WIDTH="177"
                          VPOS="537"
                          HPOS="1181"
                          CONTENT="hostes."/>
               </TextLine>
               <TextLine ID="r2l7"
                         BASELINE="653"
                         HEIGHT="80"
                         WIDTH="1580"
                         VPOS="573"
                         HPOS="589">
                  <String HEIGHT="80"
                          WIDTH="187"
                          VPOS="573"
                          HPOS="568"
                          CONTENT="lnter"/>
                  <SP HEIGHT="80" WIDTH="21" VPOS="573" HPOS="755"/>
                  <String HEIGHT="80"
                          WIDTH="291"
                          VPOS="573"
                          HPOS="693"
                          CONTENT="Saeculares"/>
                  <SP HEIGHT="80" WIDTH="21" VPOS="573" HPOS="984"/>
                  <String HEIGHT="80"
                          WIDTH="291"
                          VPOS="573"
                          HPOS="922"
                          CONTENT="sacerdotes"/>
                  <SP HEIGHT="80" WIDTH="21" VPOS="573" HPOS="1213"/>
                  <String HEIGHT="80"
                          WIDTH="208"
                          VPOS="573"
                          HPOS="1150"
                          CONTENT="primas"/>
                  <SP HEIGHT="80" WIDTH="21" VPOS="573" HPOS="1358"/>
                  <String HEIGHT="80"
                          WIDTH="208"
                          VPOS="573"
                          HPOS="1296"
                          CONTENT="tenent"/>
                  <SP HEIGHT="80" WIDTH="21" VPOS="573" HPOS="1504"/>
                  <String HEIGHT="80"
                          WIDTH="270"
                          VPOS="573"
                          HPOS="1441"
                          CONTENT="Canonici,"/>
                  <SP HEIGHT="80" WIDTH="21" VPOS="573" HPOS="1712"/>
                  <String HEIGHT="80"
                          WIDTH="146"
                          VPOS="573"
                          HPOS="1649"
                          CONTENT="qui"/>
                  <SP HEIGHT="80" WIDTH="21" VPOS="573" HPOS="1795"/>
                  <String HEIGHT="80"
                          WIDTH="166"
                          VPOS="573"
                          HPOS="1732"
                          CONTENT="fere"/>
                  <SP HEIGHT="80" WIDTH="21" VPOS="573" HPOS="1899"/>
                  <String HEIGHT="80"
                          WIDTH="166"
                          VPOS="573"
                          HPOS="1836"
                          CONTENT="sunt"/>
                  <SP HEIGHT="80" WIDTH="21" VPOS="573" HPOS="2003"/>
                  <String HEIGHT="80"
                          WIDTH="229"
                          VPOS="573"
                          HPOS="1940"
                          CONTENT="homines"/>
                  <SP HEIGHT="80" WIDTH="21" VPOS="573" HPOS="2169"/>
                  <String HEIGHT="80"
                          WIDTH="83"
                          VPOS="573"
                          HPOS="2086"
                          CONTENT="o"
                          SUBS_TYPE="HypPart1"
                          SUBS_CONTENT="ociosi,"/>
                  <HYP CONTENT="-"/>
               </TextLine>
               <TextLine ID="r2l8"
                         BASELINE="717"
                         HEIGHT="77"
                         WIDTH="1655"
                         VPOS="640"
                         HPOS="514">
                  <String HEIGHT="77"
                          WIDTH="195"
                          VPOS="640"
                          HPOS="495"
                          CONTENT="ciosi,"
                          SUBS_TYPE="HypPart2"
                          SUBS_CONTENT="ociosi,"/>
                  <SP HEIGHT="77" WIDTH="19" VPOS="640" HPOS="689"/>
                  <String HEIGHT="77"
                          WIDTH="312"
                          VPOS="640"
                          HPOS="631"
                          CONTENT="uoluptuarij,"/>
                  <SP HEIGHT="77" WIDTH="19" VPOS="640" HPOS="942"/>
                  <String HEIGHT="77"
                          WIDTH="253"
                          VPOS="640"
                          HPOS="884"
                          CONTENT="epulones,"/>
                  <SP HEIGHT="77" WIDTH="19" VPOS="640" HPOS="1137"/>
                  <String HEIGHT="77" WIDTH="117" VPOS="640" HPOS="1079" CONTENT="ac"/>
                  <SP HEIGHT="77" WIDTH="19" VPOS="640" HPOS="1195"/>
                  <String HEIGHT="77"
                          WIDTH="195"
                          VPOS="640"
                          HPOS="1137"
                          CONTENT="reuera"/>
                  <SP HEIGHT="77" WIDTH="19" VPOS="640" HPOS="1332"/>
                  <String HEIGHT="77"
                          WIDTH="292"
                          VPOS="640"
                          HPOS="1273"
                          CONTENT="saeculares."/>
                  <SP HEIGHT="77" WIDTH="19" VPOS="640" HPOS="1565"/>
                  <String HEIGHT="77" WIDTH="117" VPOS="640" HPOS="1507" CONTENT="Hi"/>
                  <SP HEIGHT="77" WIDTH="19" VPOS="640" HPOS="1624"/>
                  <String HEIGHT="77"
                          WIDTH="273"
                          VPOS="640"
                          HPOS="1565"
                          CONTENT="existimant"/>
                  <SP HEIGHT="77" WIDTH="19" VPOS="640" HPOS="1838"/>
                  <String HEIGHT="77" WIDTH="117" VPOS="640" HPOS="1780" CONTENT="se"/>
                  <SP HEIGHT="77" WIDTH="19" VPOS="640" HPOS="1896"/>
                  <String HEIGHT="77"
                          WIDTH="136"
                          VPOS="640"
                          HPOS="1838"
                          CONTENT="suo"/>
                  <SP HEIGHT="77" WIDTH="19" VPOS="640" HPOS="1974"/>
                  <String HEIGHT="77"
                          WIDTH="214"
                          VPOS="640"
                          HPOS="1916"
                          CONTENT="functos"/>
                  <SP HEIGHT="77" WIDTH="19" VPOS="640" HPOS="2130"/>
                  <String HEIGHT="77"
                          WIDTH="117"
                          VPOS="640"
                          HPOS="2052"
                          CONTENT="esse"/>
               </TextLine>
               <TextLine ID="r2l9"
                         BASELINE="774"
                         HEIGHT="57"
                         WIDTH="1652"
                         VPOS="717"
                         HPOS="516">
                  <String HEIGHT="57"
                          WIDTH="239"
                          VPOS="717"
                          HPOS="496"
                          CONTENT="officio,"/>
                  <SP HEIGHT="57" WIDTH="20" VPOS="717" HPOS="735"/>
                  <String HEIGHT="57" WIDTH="119" VPOS="717" HPOS="675" CONTENT="si"/>
                  <SP HEIGHT="57" WIDTH="20" VPOS="717" HPOS="795"/>
                  <String HEIGHT="57"
                          WIDTH="179"
                          VPOS="717"
                          HPOS="735"
                          CONTENT="Horas"/>
                  <SP HEIGHT="57" WIDTH="20" VPOS="717" HPOS="914"/>
                  <String HEIGHT="57"
                          WIDTH="159"
                          VPOS="717"
                          HPOS="854"
                          CONTENT="quas"/>
                  <SP HEIGHT="57" WIDTH="20" VPOS="717" HPOS="1014"/>
                  <String HEIGHT="57"
                          WIDTH="259"
                          VPOS="717"
                          HPOS="954"
                          CONTENT="Canonicas"/>
                  <SP HEIGHT="57" WIDTH="20" VPOS="717" HPOS="1213"/>
                  <String HEIGHT="57"
                          WIDTH="219"
                          VPOS="717"
                          HPOS="1153"
                          CONTENT="uocant,"/>
                  <SP HEIGHT="57" WIDTH="20" VPOS="717" HPOS="1372"/>
                  <String HEIGHT="57"
                          WIDTH="279"
                          VPOS="717"
                          HPOS="1312"
                          CONTENT="absoluant,"/>
                  <SP HEIGHT="57" WIDTH="20" VPOS="717" HPOS="1591"/>
                  <String HEIGHT="57" WIDTH="100" VPOS="717" HPOS="1531" CONTENT="&amp;"/>
                  <SP HEIGHT="57" WIDTH="20" VPOS="717" HPOS="1631"/>
                  <String HEIGHT="57"
                          WIDTH="299"
                          VPOS="717"
                          HPOS="1571"
                          CONTENT="spectatores"/>
                  <SP HEIGHT="57" WIDTH="20" VPOS="717" HPOS="1869"/>
                  <String HEIGHT="57"
                          WIDTH="179"
                          VPOS="717"
                          HPOS="1810"
                          CONTENT="misse"/>
                  <SP HEIGHT="57" WIDTH="20" VPOS="717" HPOS="1989"/>
                  <String HEIGHT="57"
                          WIDTH="279"
                          VPOS="717"
                          HPOS="1929"
                          CONTENT="assistant,"/>
                  <SP HEIGHT="57" WIDTH="20" VPOS="717" HPOS="2208"/>
                  <String HEIGHT="57" WIDTH="40" VPOS="717" HPOS="2128" CONTENT=""/>
               </TextLine>
               <TextLine ID="r2l10"
                         BASELINE="829"
                         HEIGHT="61"
                         WIDTH="1652"
                         VPOS="768"
                         HPOS="516">
                  <String HEIGHT="61"
                          WIDTH="275"
                          VPOS="768"
                          HPOS="495"
                          CONTENT="cultumque"/>
                  <SP HEIGHT="61" WIDTH="21" VPOS="768" HPOS="770"/>
                  <String HEIGHT="61"
                          WIDTH="233"
                          VPOS="768"
                          HPOS="707"
                          CONTENT="diuinum"/>
                  <SP HEIGHT="61" WIDTH="21" VPOS="768" HPOS="940"/>
                  <String HEIGHT="61" WIDTH="148" VPOS="768" HPOS="876" CONTENT="(ut"/>
                  <SP HEIGHT="61" WIDTH="21" VPOS="768" HPOS="1024"/>
                  <String HEIGHT="61"
                          WIDTH="233"
                          VPOS="768"
                          HPOS="961"
                          CONTENT="uocant)"/>
                  <SP HEIGHT="61" WIDTH="21" VPOS="768" HPOS="1194"/>
                  <String HEIGHT="61"
                          WIDTH="148"
                          VPOS="768"
                          HPOS="1130"
                          CONTENT="sua"/>
                  <SP HEIGHT="61" WIDTH="21" VPOS="768" HPOS="1278"/>
                  <String HEIGHT="61"
                          WIDTH="254"
                          VPOS="768"
                          HPOS="1215"
                          CONTENT="honorent"/>
                  <SP HEIGHT="61" WIDTH="21" VPOS="768" HPOS="1469"/>
                  <String HEIGHT="61"
                          WIDTH="275"
                          VPOS="768"
                          HPOS="1406"
                          CONTENT="ornentque"/>
                  <SP HEIGHT="61" WIDTH="21" VPOS="768" HPOS="1681"/>
                  <String HEIGHT="61"
                          WIDTH="318"
                          VPOS="768"
                          HPOS="1617"
                          CONTENT="praesentia."/>
                  <SP HEIGHT="61" WIDTH="21" VPOS="768" HPOS="1935"/>
                  <String HEIGHT="61"
                          WIDTH="297"
                          VPOS="768"
                          HPOS="1871"
                          CONTENT="Seueriores"/>
                  <SP HEIGHT="61" WIDTH="21" VPOS="768" HPOS="2168"/>
                  <String HEIGHT="61" WIDTH="106" VPOS="768" HPOS="2104" CONTENT="&amp;"/>
                  <SP HEIGHT="61" WIDTH="21" VPOS="768" HPOS="2210"/>
                  <String HEIGHT="61" WIDTH="42" VPOS="768" HPOS="2126" CONTENT=""/>
               </TextLine>
               <TextLine ID="r2l11"
                         BASELINE="879"
                         HEIGHT="63"
                         WIDTH="1646"
                         VPOS="816"
                         HPOS="522">
                  <String HEIGHT="63"
                          WIDTH="201"
                          VPOS="816"
                          HPOS="502"
                          CONTENT="minime"/>
                  <SP HEIGHT="63" WIDTH="20" VPOS="816" HPOS="703"/>
                  <String HEIGHT="63"
                          WIDTH="281"
                          VPOS="816"
                          HPOS="642"
                          CONTENT="saeculares"/>
                  <SP HEIGHT="63" WIDTH="20" VPOS="816" HPOS="923"/>
                  <String HEIGHT="63"
                          WIDTH="161"
                          VPOS="816"
                          HPOS="863"
                          CONTENT="esse"/>
                  <SP HEIGHT="63" WIDTH="20" VPOS="816" HPOS="1024"/>
                  <String HEIGHT="63"
                          WIDTH="261"
                          VPOS="816"
                          HPOS="964"
                          CONTENT="uidentur,"/>
                  <SP HEIGHT="63" WIDTH="20" VPOS="816" HPOS="1225"/>
                  <String HEIGHT="63"
                          WIDTH="141"
                          VPOS="816"
                          HPOS="1164"
                          CONTENT="qui"/>
                  <SP HEIGHT="63" WIDTH="20" VPOS="816" HPOS="1305"/>
                  <String HEIGHT="63"
                          WIDTH="181"
                          VPOS="816"
                          HPOS="1245"
                          CONTENT="etiam"/>
                  <SP HEIGHT="63" WIDTH="20" VPOS="816" HPOS="1425"/>
                  <String HEIGHT="63"
                          WIDTH="201"
                          VPOS="816"
                          HPOS="1365"
                          CONTENT="missas"/>
                  <SP HEIGHT="63" WIDTH="20" VPOS="816" HPOS="1566"/>
                  <String HEIGHT="63"
                          WIDTH="141"
                          VPOS="816"
                          HPOS="1506"
                          CONTENT="pro"/>
                  <SP HEIGHT="63" WIDTH="20" VPOS="816" HPOS="1646"/>
                  <String HEIGHT="63"
                          WIDTH="181"
                          VPOS="816"
                          HPOS="1586"
                          CONTENT="uiuis"/>
                  <SP HEIGHT="63" WIDTH="20" VPOS="816" HPOS="1767"/>
                  <String HEIGHT="63" WIDTH="100" VPOS="816" HPOS="1706" CONTENT="&amp;"/>
                  <SP HEIGHT="63" WIDTH="20" VPOS="816" HPOS="1807"/>
                  <String HEIGHT="63"
                          WIDTH="261"
                          VPOS="816"
                          HPOS="1746"
                          CONTENT="defunctis"/>
                  <SP HEIGHT="63" WIDTH="20" VPOS="816" HPOS="2007"/>
                  <String HEIGHT="63"
                          WIDTH="241"
                          VPOS="816"
                          HPOS="1927"
                          CONTENT="celebrant."/>
               </TextLine>
               <TextLine ID="r2l12"
                         BASELINE="934"
                         HEIGHT="67"
                         WIDTH="1656"
                         VPOS="867"
                         HPOS="520">
                  <String HEIGHT="67"
                          WIDTH="322"
                          VPOS="867"
                          HPOS="497"
                          CONTENT="Numerantur"/>
                  <SP HEIGHT="67" WIDTH="23" VPOS="867" HPOS="819"/>
                  <String HEIGHT="67" WIDTH="138" VPOS="867" HPOS="750" CONTENT="in"/>
                  <SP HEIGHT="67" WIDTH="23" VPOS="867" HPOS="888"/>
                  <String HEIGHT="67"
                          WIDTH="345"
                          VPOS="867"
                          HPOS="819"
                          CONTENT="saecularium"/>
                  <SP HEIGHT="67" WIDTH="23" VPOS="867" HPOS="1164"/>
                  <String HEIGHT="67"
                          WIDTH="322"
                          VPOS="867"
                          HPOS="1095"
                          CONTENT="sacerdotum"/>
                  <SP HEIGHT="67" WIDTH="23" VPOS="867" HPOS="1417"/>
                  <String HEIGHT="67"
                          WIDTH="207"
                          VPOS="867"
                          HPOS="1348"
                          CONTENT="turba"/>
                  <SP HEIGHT="67" WIDTH="23" VPOS="867" HPOS="1555"/>
                  <String HEIGHT="67" WIDTH="115" VPOS="867" HPOS="1486" CONTENT="&amp;"/>
                  <SP HEIGHT="67" WIDTH="23" VPOS="867" HPOS="1601"/>
                  <String HEIGHT="67"
                          WIDTH="276"
                          VPOS="867"
                          HPOS="1532"
                          CONTENT="Parochi,"/>
                  <SP HEIGHT="67" WIDTH="23" VPOS="867" HPOS="1808"/>
                  <String HEIGHT="67"
                          WIDTH="184"
                          VPOS="867"
                          HPOS="1739"
                          CONTENT="quos"/>
                  <SP HEIGHT="67" WIDTH="23" VPOS="867" HPOS="1923"/>
                  <String HEIGHT="67"
                          WIDTH="276"
                          VPOS="867"
                          HPOS="1854"
                          CONTENT="Plebanos"/>
                  <SP HEIGHT="67" WIDTH="23" VPOS="867" HPOS="2130"/>
                  <String HEIGHT="67"
                          WIDTH="138"
                          VPOS="867"
                          HPOS="2038"
                          CONTENT="nun"
                          SUBS_TYPE="HypPart1"
                          SUBS_CONTENT="nuncupant,"/>
                  <HYP CONTENT="-"/>
               </TextLine>
               <TextLine ID="r2l13"
                         BASELINE="993"
                         HEIGHT="73"
                         WIDTH="1640"
                         VPOS="920"
                         HPOS="517">
                  <String HEIGHT="73"
                          WIDTH="228"
                          VPOS="920"
                          HPOS="496"
                          CONTENT="cupant,"
                          SUBS_TYPE="HypPart2"
                          SUBS_CONTENT="nuncupant,"/>
                  <SP HEIGHT="73" WIDTH="21" VPOS="920" HPOS="725"/>
                  <String HEIGHT="73"
                          WIDTH="228"
                          VPOS="920"
                          HPOS="662"
                          CONTENT="nimirum"/>
                  <SP HEIGHT="73" WIDTH="21" VPOS="920" HPOS="891"/>
                  <String HEIGHT="73"
                          WIDTH="187"
                          VPOS="920"
                          HPOS="828"
                          CONTENT="plebi"/>
                  <SP HEIGHT="73" WIDTH="21" VPOS="920" HPOS="1015"/>
                  <String HEIGHT="73"
                          WIDTH="291"
                          VPOS="920"
                          HPOS="953"
                          CONTENT="destinatos"/>
                  <SP HEIGHT="73" WIDTH="21" VPOS="920" HPOS="1244"/>
                  <String HEIGHT="73"
                          WIDTH="311"
                          VPOS="920"
                          HPOS="1181"
                          CONTENT="sacerdotes,"/>
                  <SP HEIGHT="73" WIDTH="21" VPOS="920" HPOS="1493"/>
                  <String HEIGHT="73"
                          WIDTH="145"
                          VPOS="920"
                          HPOS="1430"
                          CONTENT="qui"/>
                  <SP HEIGHT="73" WIDTH="21" VPOS="920" HPOS="1576"/>
                  <String HEIGHT="73"
                          WIDTH="166"
                          VPOS="920"
                          HPOS="1513"
                          CONTENT="soli"/>
                  <SP HEIGHT="73" WIDTH="21" VPOS="920" HPOS="1680"/>
                  <String HEIGHT="73"
                          WIDTH="208"
                          VPOS="920"
                          HPOS="1617"
                          CONTENT="umbram"/>
                  <SP HEIGHT="73" WIDTH="21" VPOS="920" HPOS="1825"/>
                  <String HEIGHT="73"
                          WIDTH="228"
                          VPOS="920"
                          HPOS="1763"
                          CONTENT="aliquam"/>
                  <SP HEIGHT="73" WIDTH="21" VPOS="920" HPOS="1991"/>
                  <String HEIGHT="73"
                          WIDTH="228"
                          VPOS="920"
                          HPOS="1929"
                          CONTENT="ueteris"/>
                  <SP HEIGHT="73" WIDTH="21" VPOS="920" HPOS="2157"/>
                  <String HEIGHT="73" WIDTH="83" VPOS="920" HPOS="2074" CONTENT="in"/>
               </TextLine>
               <TextLine ID="r2l14"
                         BASELINE="1048"
                         HEIGHT="62"
                         WIDTH="1648"
                         VPOS="986"
                         HPOS="519">
                  <String HEIGHT="62"
                          WIDTH="229"
                          VPOS="986"
                          HPOS="498"
                          CONTENT="stituti"/>
                  <SP HEIGHT="62" WIDTH="21" VPOS="986" HPOS="728"/>
                  <String HEIGHT="62"
                          WIDTH="271"
                          VPOS="986"
                          HPOS="665"
                          CONTENT="referunt,"/>
                  <SP HEIGHT="62" WIDTH="21" VPOS="986" HPOS="936"/>
                  <String HEIGHT="62" WIDTH="125" VPOS="986" HPOS="874" CONTENT="in"/>
                  <SP HEIGHT="62" WIDTH="21" VPOS="986" HPOS="999"/>
                  <String HEIGHT="62"
                          WIDTH="167"
                          VPOS="986"
                          HPOS="936"
                          CONTENT="hoc,"/>
                  <SP HEIGHT="62" WIDTH="21" VPOS="986" HPOS="1103"/>
                  <String HEIGHT="62"
                          WIDTH="167"
                          VPOS="986"
                          HPOS="1041"
                          CONTENT="quod"/>
                  <SP HEIGHT="62" WIDTH="21" VPOS="986" HPOS="1207"/>
                  <String HEIGHT="62"
                          WIDTH="292"
                          VPOS="986"
                          HPOS="1145"
                          CONTENT="praedicant"/>
                  <SP HEIGHT="62" WIDTH="21" VPOS="986" HPOS="1437"/>
                  <String HEIGHT="62" WIDTH="104" VPOS="986" HPOS="1374" CONTENT="&amp;"/>
                  <SP HEIGHT="62" WIDTH="21" VPOS="986" HPOS="1479"/>
                  <String HEIGHT="62"
                          WIDTH="292"
                          VPOS="986"
                          HPOS="1416"
                          CONTENT="sacramenta"/>
                  <SP HEIGHT="62" WIDTH="21" VPOS="986" HPOS="1708"/>
                  <String HEIGHT="62"
                          WIDTH="355"
                          VPOS="986"
                          HPOS="1645"
                          CONTENT="administrant:"/>
                  <SP HEIGHT="62" WIDTH="21" VPOS="986" HPOS="2000"/>
                  <String HEIGHT="62"
                          WIDTH="167"
                          VPOS="986"
                          HPOS="1938"
                          CONTENT="quae"/>
                  <SP HEIGHT="62" WIDTH="21" VPOS="986" HPOS="2104"/>
                  <String HEIGHT="62"
                          WIDTH="146"
                          VPOS="986"
                          HPOS="2021"
                          CONTENT="tamen"/>
               </TextLine>
               <TextLine ID="r2l15"
                         BASELINE="1112"
                         HEIGHT="66"
                         WIDTH="1642"
                         VPOS="1046"
                         HPOS="521">
                  <String HEIGHT="66"
                          WIDTH="164"
                          VPOS="1046"
                          HPOS="500"
                          CONTENT="ipsa"/>
                  <SP HEIGHT="66" WIDTH="21" VPOS="1046" HPOS="665"/>
                  <String HEIGHT="66"
                          WIDTH="226"
                          VPOS="1046"
                          HPOS="603"
                          CONTENT="probare"/>
                  <SP HEIGHT="66" WIDTH="21" VPOS="1046" HPOS="829"/>
                  <String HEIGHT="66"
                          WIDTH="144"
                          VPOS="1046"
                          HPOS="767"
                          CONTENT="non"/>
                  <SP HEIGHT="66" WIDTH="21" VPOS="1046" HPOS="911"/>
                  <String HEIGHT="66"
                          WIDTH="205"
                          VPOS="1046"
                          HPOS="849"
                          CONTENT="queas,"/>
                  <SP HEIGHT="66" WIDTH="21" VPOS="1046" HPOS="1055"/>
                  <String HEIGHT="66"
                          WIDTH="164"
                          VPOS="1046"
                          HPOS="993"
                          CONTENT="quod"/>
                  <SP HEIGHT="66" WIDTH="21" VPOS="1046" HPOS="1157"/>
                  <String HEIGHT="66"
                          WIDTH="164"
                          VPOS="1046"
                          HPOS="1096"
                          CONTENT="haec"/>
                  <SP HEIGHT="66" WIDTH="21" VPOS="1046" HPOS="1260"/>
                  <String HEIGHT="66"
                          WIDTH="185"
                          VPOS="1046"
                          HPOS="1198"
                          CONTENT="iuxta"/>
                  <SP HEIGHT="66" WIDTH="21" VPOS="1046" HPOS="1383"/>
                  <String HEIGHT="66"
                          WIDTH="308"
                          VPOS="1046"
                          HPOS="1321"
                          CONTENT="traditiones"/>
                  <SP HEIGHT="66" WIDTH="21" VPOS="1046" HPOS="1629"/>
                  <String HEIGHT="66"
                          WIDTH="308"
                          VPOS="1046"
                          HPOS="1568"
                          CONTENT="papisticas,"/>
                  <SP HEIGHT="66" WIDTH="21" VPOS="1046" HPOS="1876"/>
                  <String HEIGHT="66"
                          WIDTH="144"
                          VPOS="1046"
                          HPOS="1814"
                          CONTENT="non"/>
                  <SP HEIGHT="66" WIDTH="21" VPOS="1046" HPOS="1958"/>
                  <String HEIGHT="66"
                          WIDTH="246"
                          VPOS="1046"
                          HPOS="1896"
                          CONTENT="secundum"/>
                  <SP HEIGHT="66" WIDTH="21" VPOS="1046" HPOS="2142"/>
                  <String HEIGHT="66"
                          WIDTH="103"
                          VPOS="1046"
                          HPOS="2060"
                          CONTENT="do"
                          SUBS_TYPE="HypPart1"
                          SUBS_CONTENT="doctrinam"/>
                  <HYP CONTENT="-"/>
               </TextLine>
               <TextLine ID="r2l16"
                         BASELINE="1157"
                         HEIGHT="69"
                         WIDTH="1654"
                         VPOS="1088"
                         HPOS="516">
                  <String HEIGHT="69"
                          WIDTH="225"
                          VPOS="1088"
                          HPOS="496"
                          CONTENT="ctrinam"
                          SUBS_TYPE="HypPart2"
                          SUBS_CONTENT="doctrinam"/>
                  <SP HEIGHT="69" WIDTH="20" VPOS="1088" HPOS="720"/>
                  <String HEIGHT="69"
                          WIDTH="306"
                          VPOS="1088"
                          HPOS="659"
                          CONTENT="apostolicam"/>
                  <SP HEIGHT="69" WIDTH="20" VPOS="1088" HPOS="965"/>
                  <String HEIGHT="69"
                          WIDTH="347"
                          VPOS="1088"
                          HPOS="904"
                          CONTENT="administrent."/>
                  <SP HEIGHT="69" WIDTH="20" VPOS="1088" HPOS="1251"/>
                  <String HEIGHT="69"
                          WIDTH="225"
                          VPOS="1088"
                          HPOS="1190"
                          CONTENT="Plurima"/>
                  <SP HEIGHT="69" WIDTH="20" VPOS="1088" HPOS="1414"/>
                  <String HEIGHT="69" WIDTH="102" VPOS="1088" HPOS="1353" CONTENT="&amp;"/>
                  <SP HEIGHT="69" WIDTH="20" VPOS="1088" HPOS="1455"/>
                  <String HEIGHT="69"
                          WIDTH="163"
                          VPOS="1088"
                          HPOS="1394"
                          CONTENT="alia"/>
                  <SP HEIGHT="69" WIDTH="20" VPOS="1088" HPOS="1557"/>
                  <String HEIGHT="69"
                          WIDTH="123"
                          VPOS="1088"
                          HPOS="1496"
                          CONTENT="ex"/>
                  <SP HEIGHT="69" WIDTH="20" VPOS="1088" HPOS="1619"/>
                  <String HEIGHT="69"
                          WIDTH="143"
                          VPOS="1088"
                          HPOS="1557"
                          CONTENT="suo"/>
                  <SP HEIGHT="69" WIDTH="20" VPOS="1088" HPOS="1700"/>
                  <String HEIGHT="69"
                          WIDTH="225"
                          VPOS="1088"
                          HPOS="1639"
                          CONTENT="faciunt"/>
                  <SP HEIGHT="69" WIDTH="20" VPOS="1088" HPOS="1864"/>
                  <String HEIGHT="69"
                          WIDTH="245"
                          VPOS="1088"
                          HPOS="1802"
                          CONTENT="officio,"/>
                  <SP HEIGHT="69" WIDTH="20" VPOS="1088" HPOS="2047"/>
                  <String HEIGHT="69"
                          WIDTH="163"
                          VPOS="1088"
                          HPOS="1986"
                          CONTENT="quae"/>
                  <SP HEIGHT="69" WIDTH="20" VPOS="1088" HPOS="2150"/>
                  <String HEIGHT="69"
                          WIDTH="102"
                          VPOS="1088"
                          HPOS="2068"
                          CONTENT="pie"/>
               </TextLine>
               <TextLine ID="r2l17"
                         BASELINE="1224"
                         HEIGHT="74"
                         WIDTH="1644"
                         VPOS="1150"
                         HPOS="516">
                  <String HEIGHT="74"
                          WIDTH="149"
                          VPOS="1150"
                          HPOS="495"
                          CONTENT="tas"/>
                  <SP HEIGHT="74" WIDTH="21" VPOS="1150" HPOS="644"/>
                  <String HEIGHT="74"
                          WIDTH="192"
                          VPOS="1150"
                          HPOS="580"
                          CONTENT="modis"/>
                  <SP HEIGHT="74" WIDTH="21" VPOS="1150" HPOS="772"/>
                  <String HEIGHT="74"
                          WIDTH="235"
                          VPOS="1150"
                          HPOS="708"
                          CONTENT="omnibus"/>
                  <SP HEIGHT="74" WIDTH="21" VPOS="1150" HPOS="943"/>
                  <String HEIGHT="74"
                          WIDTH="278"
                          VPOS="1150"
                          HPOS="879"
                          CONTENT="improbat."/>
                  <SP HEIGHT="74" WIDTH="21" VPOS="1150" HPOS="1157"/>
                  <String HEIGHT="74"
                          WIDTH="256"
                          VPOS="1150"
                          HPOS="1092"
                          CONTENT="Adduntur"/>
                  <SP HEIGHT="74" WIDTH="21" VPOS="1150" HPOS="1349"/>
                  <String HEIGHT="74"
                          WIDTH="192"
                          VPOS="1150"
                          HPOS="1285"
                          CONTENT="istis"/>
                  <SP HEIGHT="74" WIDTH="21" VPOS="1150" HPOS="1477"/>
                  <String HEIGHT="74"
                          WIDTH="320"
                          VPOS="1150"
                          HPOS="1413"
                          CONTENT="Mercenarij,"/>
                  <SP HEIGHT="74" WIDTH="21" VPOS="1150" HPOS="1733"/>
                  <String HEIGHT="74"
                          WIDTH="278"
                          VPOS="1150"
                          HPOS="1669"
                          CONTENT="Adiutores"/>
                  <SP HEIGHT="74" WIDTH="21" VPOS="1150" HPOS="1946"/>
                  <String HEIGHT="74"
                          WIDTH="149"
                          VPOS="1150"
                          HPOS="1882"
                          CONTENT="uel"/>
                  <SP HEIGHT="74" WIDTH="21" VPOS="1150" HPOS="2032"/>
                  <String HEIGHT="74"
                          WIDTH="214"
                          VPOS="1150"
                          HPOS="1946"
                          CONTENT="Vicarij."/>
               </TextLine>
               <TextLine ID="r2l18"
                         BASELINE="1272"
                         HEIGHT="66"
                         WIDTH="1654"
                         VPOS="1206"
                         HPOS="519">
                  <String HEIGHT="66"
                          WIDTH="268"
                          VPOS="1206"
                          HPOS="497"
                          CONTENT="Accedunt"/>
                  <SP HEIGHT="66" WIDTH="22" VPOS="1206" HPOS="765"/>
                  <String HEIGHT="66"
                          WIDTH="156"
                          VPOS="1206"
                          HPOS="698"
                          CONTENT="his"/>
                  <SP HEIGHT="66" WIDTH="22" VPOS="1206" HPOS="854"/>
                  <String HEIGHT="66" WIDTH="112" VPOS="1206" HPOS="787" CONTENT="&amp;"/>
                  <SP HEIGHT="66" WIDTH="22" VPOS="1206" HPOS="899"/>
                  <String HEIGHT="66"
                          WIDTH="313"
                          VPOS="1206"
                          HPOS="832"
                          CONTENT="Sacellani,"/>
                  <SP HEIGHT="66" WIDTH="22" VPOS="1206" HPOS="1145"/>
                  <String HEIGHT="66"
                          WIDTH="179"
                          VPOS="1206"
                          HPOS="1078"
                          CONTENT="quos"/>
                  <SP HEIGHT="66" WIDTH="22" VPOS="1206" HPOS="1257"/>
                  <String HEIGHT="66"
                          WIDTH="313"
                          VPOS="1206"
                          HPOS="1190"
                          CONTENT="Capellanos"/>
                  <SP HEIGHT="66" WIDTH="22" VPOS="1206" HPOS="1502"/>
                  <String HEIGHT="66"
                          WIDTH="246"
                          VPOS="1206"
                          HPOS="1435"
                          CONTENT="uocant,"/>
                  <SP HEIGHT="66" WIDTH="22" VPOS="1206" HPOS="1681"/>
                  <String HEIGHT="66"
                          WIDTH="224"
                          VPOS="1206"
                          HPOS="1614"
                          CONTENT="quorum"/>
                  <SP HEIGHT="66" WIDTH="22" VPOS="1206" HPOS="1838"/>
                  <String HEIGHT="66"
                          WIDTH="268"
                          VPOS="1206"
                          HPOS="1771"
                          CONTENT="immensus"/>
                  <SP HEIGHT="66" WIDTH="22" VPOS="1206" HPOS="2039"/>
                  <String HEIGHT="66"
                          WIDTH="156"
                          VPOS="1206"
                          HPOS="1972"
                          CONTENT="est"/>
                  <SP HEIGHT="66" WIDTH="22" VPOS="1206" HPOS="2128"/>
                  <String HEIGHT="66"
                          WIDTH="134"
                          VPOS="1206"
                          HPOS="2039"
                          CONTENT="nume"/>
               </TextLine>
               <TextLine ID="r2l19"
                         BASELINE="1329"
                         HEIGHT="58"
                         WIDTH="1646"
                         VPOS="1271"
                         HPOS="517">
                  <String HEIGHT="58"
                          WIDTH="155"
                          VPOS="1271"
                          HPOS="498"
                          CONTENT="rus."/>
                  <SP HEIGHT="58" WIDTH="19" VPOS="1271" HPOS="653"/>
                  <String HEIGHT="58" WIDTH="116" VPOS="1271" HPOS="594" CONTENT="Hi"/>
                  <SP HEIGHT="58" WIDTH="19" VPOS="1271" HPOS="711"/>
                  <String HEIGHT="58"
                          WIDTH="174"
                          VPOS="1271"
                          HPOS="653"
                          CONTENT="sicut"/>
                  <SP HEIGHT="58" WIDTH="19" VPOS="1271" HPOS="827"/>
                  <String HEIGHT="58" WIDTH="97" VPOS="1271" HPOS="769" CONTENT="&amp;"/>
                  <SP HEIGHT="58" WIDTH="19" VPOS="1271" HPOS="866"/>
                  <String HEIGHT="58"
                          WIDTH="252"
                          VPOS="1271"
                          HPOS="807"
                          CONTENT="monastici"/>
                  <SP HEIGHT="58" WIDTH="19" VPOS="1271" HPOS="1059"/>
                  <String HEIGHT="58"
                          WIDTH="271"
                          VPOS="1271"
                          HPOS="1001"
                          CONTENT="sacerdotes"/>
                  <SP HEIGHT="58" WIDTH="19" VPOS="1271" HPOS="1272"/>
                  <String HEIGHT="58"
                          WIDTH="271"
                          VPOS="1271"
                          HPOS="1214"
                          CONTENT="potissimas"/>
                  <SP HEIGHT="58" WIDTH="19" VPOS="1271" HPOS="1485"/>
                  <String HEIGHT="58"
                          WIDTH="213"
                          VPOS="1271"
                          HPOS="1427"
                          CONTENT="officij"/>
                  <SP HEIGHT="58" WIDTH="19" VPOS="1271" HPOS="1640"/>
                  <String HEIGHT="58"
                          WIDTH="136"
                          VPOS="1271"
                          HPOS="1582"
                          CONTENT="sui"/>
                  <SP HEIGHT="58" WIDTH="19" VPOS="1271" HPOS="1718"/>
                  <String HEIGHT="58"
                          WIDTH="194"
                          VPOS="1271"
                          HPOS="1660"
                          CONTENT="partes"/>
                  <SP HEIGHT="58" WIDTH="19" VPOS="1271" HPOS="1853"/>
                  <String HEIGHT="58"
                          WIDTH="252"
                          VPOS="1271"
                          HPOS="1795"
                          CONTENT="collocant"/>
                  <SP HEIGHT="58" WIDTH="19" VPOS="1271" HPOS="2047"/>
                  <String HEIGHT="58"
                          WIDTH="116"
                          VPOS="1271"
                          HPOS="1989"
                          CONTENT="in"/>
                  <SP HEIGHT="58" WIDTH="19" VPOS="1271" HPOS="2105"/>
                  <String HEIGHT="58"
                          WIDTH="136"
                          VPOS="1271"
                          HPOS="2027"
                          CONTENT="reci"
                          SUBS_TYPE="HypPart1"
                          SUBS_CONTENT="recitandis"/>
                  <HYP CONTENT="-"/>
               </TextLine>
               <TextLine ID="r2l20"
                         BASELINE="1389"
                         HEIGHT="59"
                         WIDTH="1648"
                         VPOS="1330"
                         HPOS="515">
                  <String HEIGHT="59"
                          WIDTH="206"
                          VPOS="1330"
                          HPOS="494"
                          CONTENT="tandis"
                          SUBS_TYPE="HypPart2"
                          SUBS_CONTENT="recitandis"/>
                  <SP HEIGHT="59" WIDTH="21" VPOS="1330" HPOS="700"/>
                  <String HEIGHT="59"
                          WIDTH="206"
                          VPOS="1330"
                          HPOS="639"
                          CONTENT="horis,"/>
                  <SP HEIGHT="59" WIDTH="21" VPOS="1330" HPOS="845"/>
                  <String HEIGHT="59"
                          WIDTH="268"
                          VPOS="1330"
                          HPOS="783"
                          CONTENT="praecipue"/>
                  <SP HEIGHT="59" WIDTH="21" VPOS="1330" HPOS="1051"/>
                  <String HEIGHT="59"
                          WIDTH="185"
                          VPOS="1330"
                          HPOS="989"
                          CONTENT="autem"/>
                  <SP HEIGHT="59" WIDTH="21" VPOS="1330" HPOS="1174"/>
                  <String HEIGHT="59"
                          WIDTH="124"
                          VPOS="1330"
                          HPOS="1112"
                          CONTENT="in"/>
                  <SP HEIGHT="59" WIDTH="21" VPOS="1330" HPOS="1236"/>
                  <String HEIGHT="59"
                          WIDTH="268"
                          VPOS="1330"
                          HPOS="1174"
                          CONTENT="missando,"/>
                  <SP HEIGHT="59" WIDTH="21" VPOS="1330" HPOS="1442"/>
                  <String HEIGHT="59"
                          WIDTH="268"
                          VPOS="1330"
                          HPOS="1380"
                          CONTENT="doctrinae"/>
                  <SP HEIGHT="59" WIDTH="21" VPOS="1330" HPOS="1648"/>
                  <String HEIGHT="59"
                          WIDTH="185"
                          VPOS="1330"
                          HPOS="1586"
                          CONTENT="nihil"/>
                  <SP HEIGHT="59" WIDTH="21" VPOS="1330" HPOS="1772"/>
                  <String HEIGHT="59"
                          WIDTH="268"
                          VPOS="1330"
                          HPOS="1710"
                          CONTENT="tribuunt."/>
                  <SP HEIGHT="59" WIDTH="21" VPOS="1330" HPOS="1978"/>
                  <String HEIGHT="59"
                          WIDTH="124"
                          VPOS="1330"
                          HPOS="1916"
                          CONTENT="Ex"/>
                  <SP HEIGHT="59" WIDTH="21" VPOS="1330" HPOS="2039"/>
                  <String HEIGHT="59"
                          WIDTH="144"
                          VPOS="1330"
                          HPOS="1978"
                          CONTENT="hoc"/>
                  <SP HEIGHT="59" WIDTH="21" VPOS="1330" HPOS="2122"/>
                  <String HEIGHT="59"
                          WIDTH="124"
                          VPOS="1330"
                          HPOS="2039"
                          CONTENT="enim"/>
               </TextLine>
               <TextLine ID="r2l21"
                         BASELINE="1449"
                         HEIGHT="71"
                         WIDTH="1656"
                         VPOS="1378"
                         HPOS="522">
                  <String HEIGHT="71"
                          WIDTH="201"
                          VPOS="1378"
                          HPOS="500"
                          CONTENT="grege"/>
                  <SP HEIGHT="71" WIDTH="22" VPOS="1378" HPOS="701"/>
                  <String HEIGHT="71"
                          WIDTH="291"
                          VPOS="1378"
                          HPOS="634"
                          CONTENT="inuenias,"/>
                  <SP HEIGHT="71" WIDTH="22" VPOS="1378" HPOS="925"/>
                  <String HEIGHT="71"
                          WIDTH="157"
                          VPOS="1378"
                          HPOS="858"
                          CONTENT="qui"/>
                  <SP HEIGHT="71" WIDTH="22" VPOS="1378" HPOS="1014"/>
                  <String HEIGHT="71"
                          WIDTH="179"
                          VPOS="1378"
                          HPOS="947"
                          CONTENT="omni"/>
                  <SP HEIGHT="71" WIDTH="22" VPOS="1378" HPOS="1126"/>
                  <String HEIGHT="71"
                          WIDTH="157"
                          VPOS="1378"
                          HPOS="1059"
                          CONTENT="sua"/>
                  <SP HEIGHT="71" WIDTH="22" VPOS="1378" HPOS="1216"/>
                  <String HEIGHT="71"
                          WIDTH="179"
                          VPOS="1378"
                          HPOS="1149"
                          CONTENT="uita"/>
                  <SP HEIGHT="71" WIDTH="22" VPOS="1378" HPOS="1328"/>
                  <String HEIGHT="71"
                          WIDTH="246"
                          VPOS="1378"
                          HPOS="1260"
                          CONTENT="nunquam"/>
                  <SP HEIGHT="71" WIDTH="22" VPOS="1378" HPOS="1507"/>
                  <String HEIGHT="71"
                          WIDTH="179"
                          VPOS="1378"
                          HPOS="1440"
                          CONTENT="sint"/>
                  <SP HEIGHT="71" WIDTH="22" VPOS="1378" HPOS="1619"/>
                  <String HEIGHT="71"
                          WIDTH="336"
                          VPOS="1378"
                          HPOS="1551"
                          CONTENT="concionati."/>
                  <SP HEIGHT="71" WIDTH="22" VPOS="1378" HPOS="1887"/>
                  <String HEIGHT="71"
                          WIDTH="157"
                          VPOS="1378"
                          HPOS="1820"
                          CONTENT="Nam"/>
                  <SP HEIGHT="71" WIDTH="22" VPOS="1378" HPOS="1977"/>
                  <String HEIGHT="71"
                          WIDTH="291"
                          VPOS="1378"
                          HPOS="1887"
                          CONTENT="concionandi"/>
               </TextLine>
               <TextLine ID="r2l22"
                         BASELINE="1506"
                         HEIGHT="77"
                         WIDTH="1646"
                         VPOS="1429"
                         HPOS="520">
                  <String HEIGHT="77"
                          WIDTH="183"
                          VPOS="1429"
                          HPOS="500"
                          CONTENT="munus"/>
                  <SP HEIGHT="77" WIDTH="20" VPOS="1429" HPOS="683"/>
                  <String HEIGHT="77" WIDTH="122" VPOS="1429" HPOS="622" CONTENT="ad"/>
                  <SP HEIGHT="77" WIDTH="20" VPOS="1429" HPOS="744"/>
                  <String HEIGHT="77"
                          WIDTH="183"
                          VPOS="1429"
                          HPOS="683"
                          CONTENT="solos"/>
                  <SP HEIGHT="77" WIDTH="20" VPOS="1429" HPOS="865"/>
                  <String HEIGHT="77"
                          WIDTH="244"
                          VPOS="1429"
                          HPOS="804"
                          CONTENT="parochos"/>
                  <SP HEIGHT="77" WIDTH="20" VPOS="1429" HPOS="1048"/>
                  <String HEIGHT="77" WIDTH="102" VPOS="1429" HPOS="987" CONTENT="&amp;"/>
                  <SP HEIGHT="77" WIDTH="20" VPOS="1429" HPOS="1089"/>
                  <String HEIGHT="77"
                          WIDTH="244"
                          VPOS="1429"
                          HPOS="1028"
                          CONTENT="uicarios"/>
                  <SP HEIGHT="77" WIDTH="20" VPOS="1429" HPOS="1272"/>
                  <String HEIGHT="77"
                          WIDTH="183"
                          VPOS="1429"
                          HPOS="1211"
                          CONTENT="eorum"/>
                  <SP HEIGHT="77" WIDTH="20" VPOS="1429" HPOS="1394"/>
                  <String HEIGHT="77"
                          WIDTH="284"
                          VPOS="1429"
                          HPOS="1333"
                          CONTENT="reijciunt,"/>
                  <SP HEIGHT="77" WIDTH="20" VPOS="1429" HPOS="1617"/>
                  <String HEIGHT="77"
                          WIDTH="163"
                          VPOS="1429"
                          HPOS="1556"
                          CONTENT="ipsi"/>
                  <SP HEIGHT="77" WIDTH="20" VPOS="1429" HPOS="1719"/>
                  <String HEIGHT="77"
                          WIDTH="183"
                          VPOS="1429"
                          HPOS="1658"
                          CONTENT="Dijs,"/>
                  <SP HEIGHT="77" WIDTH="20" VPOS="1429" HPOS="1841"/>
                  <String HEIGHT="77"
                          WIDTH="203"
                          VPOS="1429"
                          HPOS="1780"
                          CONTENT="quibus"/>
                  <SP HEIGHT="77" WIDTH="20" VPOS="1429" HPOS="1983"/>
                  <String HEIGHT="77"
                          WIDTH="142"
                          VPOS="1429"
                          HPOS="1922"
                          CONTENT="ara"/>
                  <SP HEIGHT="77" WIDTH="20" VPOS="1429" HPOS="2064"/>
                  <String HEIGHT="77"
                          WIDTH="142"
                          VPOS="1429"
                          HPOS="2003"
                          CONTENT="uel"/>
                  <SP HEIGHT="77" WIDTH="20" VPOS="1429" HPOS="2146"/>
                  <String HEIGHT="77"
                          WIDTH="102"
                          VPOS="1429"
                          HPOS="2064"
                          CONTENT="sa"
                          SUBS_TYPE="HypPart1"
                          SUBS_CONTENT="sacellum"/>
                  <HYP CONTENT="-"/>
               </TextLine>
               <TextLine ID="r2l23"
                         BASELINE="1560"
                         HEIGHT="62"
                         WIDTH="1655"
                         VPOS="1498"
                         HPOS="517">
                  <String HEIGHT="62"
                          WIDTH="218"
                          VPOS="1498"
                          HPOS="495"
                          CONTENT="cellum"
                          SUBS_TYPE="HypPart2"
                          SUBS_CONTENT="sacellum"/>
                  <SP HEIGHT="62" WIDTH="22" VPOS="1498" HPOS="713"/>
                  <String HEIGHT="62"
                          WIDTH="196"
                          VPOS="1498"
                          HPOS="648"
                          CONTENT="eorum"/>
                  <SP HEIGHT="62" WIDTH="22" VPOS="1498" HPOS="844"/>
                  <String HEIGHT="62"
                          WIDTH="327"
                          VPOS="1498"
                          HPOS="778"
                          CONTENT="consecratum"/>
                  <SP HEIGHT="62" WIDTH="22" VPOS="1498" HPOS="1105"/>
                  <String HEIGHT="62"
                          WIDTH="174"
                          VPOS="1498"
                          HPOS="1040"
                          CONTENT="est,"/>
                  <SP HEIGHT="62" WIDTH="22" VPOS="1498" HPOS="1214"/>
                  <String HEIGHT="62"
                          WIDTH="261"
                          VPOS="1498"
                          HPOS="1149"
                          CONTENT="seruiunt"/>
                  <SP HEIGHT="62" WIDTH="22" VPOS="1498" HPOS="1410"/>
                  <String HEIGHT="62"
                          WIDTH="152"
                          VPOS="1498"
                          HPOS="1345"
                          CONTENT="&amp;c."/>
                  <SP HEIGHT="62" WIDTH="22" VPOS="1498" HPOS="1497"/>
                  <String HEIGHT="62"
                          WIDTH="131"
                          VPOS="1498"
                          HPOS="1432"
                          CONTENT="Ex"/>
                  <SP HEIGHT="62" WIDTH="22" VPOS="1498" HPOS="1562"/>
                  <String HEIGHT="62"
                          WIDTH="218"
                          VPOS="1498"
                          HPOS="1497"
                          CONTENT="quibus"/>
                  <SP HEIGHT="62" WIDTH="22" VPOS="1498" HPOS="1715"/>
                  <String HEIGHT="62"
                          WIDTH="240"
                          VPOS="1498"
                          HPOS="1649"
                          CONTENT="omnibus"/>
                  <SP HEIGHT="62" WIDTH="22" VPOS="1498" HPOS="1889"/>
                  <String HEIGHT="62"
                          WIDTH="152"
                          VPOS="1498"
                          HPOS="1824"
                          CONTENT="uel"/>
                  <SP HEIGHT="62" WIDTH="22" VPOS="1498" HPOS="1976"/>
                  <String HEIGHT="62"
                          WIDTH="218"
                          VPOS="1498"
                          HPOS="1911"
                          CONTENT="caecis"/>
                  <SP HEIGHT="62" WIDTH="22" VPOS="1498" HPOS="2128"/>
                  <String HEIGHT="62"
                          WIDTH="131"
                          VPOS="1498"
                          HPOS="2041"
                          CONTENT="appa"/>
               </TextLine>
               <TextLine ID="r2l24"
                         BASELINE="1608"
                         HEIGHT="69"
                         WIDTH="1644"
                         VPOS="1539"
                         HPOS="524">
                  <String HEIGHT="69"
                          WIDTH="144"
                          VPOS="1539"
                          HPOS="503"
                          CONTENT="ret"/>
                  <SP HEIGHT="69" WIDTH="21" VPOS="1539" HPOS="647"/>
                  <String HEIGHT="69"
                          WIDTH="390"
                          VPOS="1539"
                          HPOS="586"
                          CONTENT="luculentissime,"/>
                  <SP HEIGHT="69" WIDTH="21" VPOS="1539" HPOS="976"/>
                  <String HEIGHT="69"
                          WIDTH="164"
                          VPOS="1539"
                          HPOS="914"
                          CONTENT="quam"/>
                  <SP HEIGHT="69" WIDTH="21" VPOS="1539" HPOS="1079"/>
                  <String HEIGHT="69"
                          WIDTH="185"
                          VPOS="1539"
                          HPOS="1017"
                          CONTENT="foede"/>
                  <SP HEIGHT="69" WIDTH="21" VPOS="1539" HPOS="1202"/>
                  <String HEIGHT="69"
                          WIDTH="247"
                          VPOS="1539"
                          HPOS="1141"
                          CONTENT="corrupta"/>
                  <SP HEIGHT="69" WIDTH="21" VPOS="1539" HPOS="1387"/>
                  <String HEIGHT="69" WIDTH="103" VPOS="1539" HPOS="1325" CONTENT="&amp;"/>
                  <SP HEIGHT="69" WIDTH="21" VPOS="1539" HPOS="1428"/>
                  <String HEIGHT="69"
                          WIDTH="226"
                          VPOS="1539"
                          HPOS="1367"
                          CONTENT="inuersa"/>
                  <SP HEIGHT="69" WIDTH="21" VPOS="1539" HPOS="1593"/>
                  <String HEIGHT="69"
                          WIDTH="144"
                          VPOS="1539"
                          HPOS="1531"
                          CONTENT="sit"/>
                  <SP HEIGHT="69" WIDTH="21" VPOS="1539" HPOS="1675"/>
                  <String HEIGHT="69"
                          WIDTH="349"
                          VPOS="1539"
                          HPOS="1613"
                          CONTENT="presbyterorum"/>
                  <SP HEIGHT="69" WIDTH="21" VPOS="1539" HPOS="1963"/>
                  <String HEIGHT="69"
                          WIDTH="144"
                          VPOS="1539"
                          HPOS="1901"
                          CONTENT="uel"/>
                  <SP HEIGHT="69" WIDTH="21" VPOS="1539" HPOS="2045"/>
                  <String HEIGHT="69"
                          WIDTH="206"
                          VPOS="1539"
                          HPOS="1963"
                          CONTENT="pastorum"/>
               </TextLine>
               <TextLine ID="r2l25"
                         BASELINE="1671"
                         HEIGHT="74"
                         WIDTH="1652"
                         VPOS="1597"
                         HPOS="525">
                  <String HEIGHT="74"
                          WIDTH="186"
                          VPOS="1597"
                          HPOS="504"
                          CONTENT="prima"/>
                  <SP HEIGHT="74" WIDTH="21" VPOS="1597" HPOS="690"/>
                  <String HEIGHT="74"
                          WIDTH="310"
                          VPOS="1597"
                          HPOS="628"
                          CONTENT="institutio."/>
                  <SP HEIGHT="74" WIDTH="21" VPOS="1597" HPOS="938"/>
                  <String HEIGHT="74"
                          WIDTH="310"
                          VPOS="1597"
                          HPOS="876"
                          CONTENT="Presbyteris"/>
                  <SP HEIGHT="74" WIDTH="21" VPOS="1597" HPOS="1186"/>
                  <String HEIGHT="74"
                          WIDTH="413"
                          VPOS="1597"
                          HPOS="1124"
                          CONTENT="archipresbyteros"/>
                  <SP HEIGHT="74" WIDTH="21" VPOS="1597" HPOS="1537"/>
                  <String HEIGHT="74"
                          WIDTH="330"
                          VPOS="1597"
                          HPOS="1475"
                          CONTENT="praeficiunt."/>
                  <SP HEIGHT="74" WIDTH="21" VPOS="1597" HPOS="1805"/>
                  <String HEIGHT="74"
                          WIDTH="124"
                          VPOS="1597"
                          HPOS="1743"
                          CONTENT="Eo"/>
                  <SP HEIGHT="74" WIDTH="21" VPOS="1597" HPOS="1867"/>
                  <String HEIGHT="74"
                          WIDTH="248"
                          VPOS="1597"
                          HPOS="1805"
                          CONTENT="uocabulo"/>
                  <SP HEIGHT="74" WIDTH="21" VPOS="1597" HPOS="2053"/>
                  <String HEIGHT="74"
                          WIDTH="165"
                          VPOS="1597"
                          HPOS="1991"
                          CONTENT="usus"/>
                  <SP HEIGHT="74" WIDTH="21" VPOS="1597" HPOS="2156"/>
                  <String HEIGHT="74"
                          WIDTH="103"
                          VPOS="1597"
                          HPOS="2074"
                          CONTENT="sum"/>
               </TextLine>
               <TextLine ID="r2l26"
                         BASELINE="1728"
                         HEIGHT="61"
                         WIDTH="1642"
                         VPOS="1667"
                         HPOS="529">
                  <String HEIGHT="61" WIDTH="117" VPOS="1667" HPOS="509" CONTENT="in"/>
                  <SP HEIGHT="61" WIDTH="20" VPOS="1667" HPOS="627"/>
                  <String HEIGHT="61"
                          WIDTH="313"
                          VPOS="1667"
                          HPOS="568"
                          CONTENT="praeliminari"/>
                  <SP HEIGHT="61" WIDTH="20" VPOS="1667" HPOS="881"/>
                  <String HEIGHT="61"
                          WIDTH="235"
                          VPOS="1667"
                          HPOS="822"
                          CONTENT="epistola"/>
                  <SP HEIGHT="61" WIDTH="20" VPOS="1667" HPOS="1057"/>
                  <String HEIGHT="61"
                          WIDTH="215"
                          VPOS="1667"
                          HPOS="998"
                          CONTENT="Decadis"/>
                  <SP HEIGHT="61" WIDTH="20" VPOS="1667" HPOS="1213"/>
                  <String HEIGHT="61"
                          WIDTH="215"
                          VPOS="1667"
                          HPOS="1155"
                          CONTENT="primae:"/>
                  <SP HEIGHT="61" WIDTH="20" VPOS="1667" HPOS="1370"/>
                  <String HEIGHT="61"
                          WIDTH="117"
                          VPOS="1667"
                          HPOS="1311"
                          CONTENT="ac"/>
                  <SP HEIGHT="61" WIDTH="20" VPOS="1667" HPOS="1428"/>
                  <String HEIGHT="61"
                          WIDTH="176"
                          VPOS="1667"
                          HPOS="1370"
                          CONTENT="audio"/>
                  <SP HEIGHT="61" WIDTH="20" VPOS="1667" HPOS="1545"/>
                  <String HEIGHT="61"
                          WIDTH="215"
                          VPOS="1667"
                          HPOS="1487"
                          CONTENT="fratres"/>
                  <SP HEIGHT="61" WIDTH="20" VPOS="1667" HPOS="1702"/>
                  <String HEIGHT="61"
                          WIDTH="215"
                          VPOS="1667"
                          HPOS="1643"
                          CONTENT="aliquos"/>
                  <SP HEIGHT="61" WIDTH="20" VPOS="1667" HPOS="1858"/>
                  <String HEIGHT="61"
                          WIDTH="117"
                          VPOS="1667"
                          HPOS="1800"
                          CONTENT="eo"/>
                  <SP HEIGHT="61" WIDTH="20" VPOS="1667" HPOS="1917"/>
                  <String HEIGHT="61"
                          WIDTH="156"
                          VPOS="1667"
                          HPOS="1858"
                          CONTENT="esse"/>
                  <SP HEIGHT="61" WIDTH="20" VPOS="1667" HPOS="2015"/>
                  <String HEIGHT="61"
                          WIDTH="254"
                          VPOS="1667"
                          HPOS="1956"
                          CONTENT="offensos,"/>
                  <SP HEIGHT="61" WIDTH="20" VPOS="1667" HPOS="2210"/>
                  <String HEIGHT="61" WIDTH="39" VPOS="1667" HPOS="2132" CONTENT=""/>
               </TextLine>
               <TextLine ID="r2l27"
                         BASELINE="1781"
                         HEIGHT="62"
                         WIDTH="1644"
                         VPOS="1719"
                         HPOS="526">
                  <String HEIGHT="62"
                          WIDTH="180"
                          VPOS="1719"
                          HPOS="506"
                          CONTENT="quasi"/>
                  <SP HEIGHT="62" WIDTH="20" VPOS="1719" HPOS="686"/>
                  <String HEIGHT="62"
                          WIDTH="261"
                          VPOS="1719"
                          HPOS="626"
                          CONTENT="papistici"/>
                  <SP HEIGHT="62" WIDTH="20" VPOS="1719" HPOS="887"/>
                  <String HEIGHT="62"
                          WIDTH="241"
                          VPOS="1719"
                          HPOS="827"
                          CONTENT="fermenti"/>
                  <SP HEIGHT="62" WIDTH="20" VPOS="1719" HPOS="1067"/>
                  <String HEIGHT="62"
                          WIDTH="221"
                          VPOS="1719"
                          HPOS="1007"
                          CONTENT="aliquid"/>
                  <SP HEIGHT="62" WIDTH="20" VPOS="1719" HPOS="1228"/>
                  <String HEIGHT="62"
                          WIDTH="180"
                          VPOS="1719"
                          HPOS="1168"
                          CONTENT="adhuc"/>
                  <SP HEIGHT="62" WIDTH="20" VPOS="1719" HPOS="1348"/>
                  <String HEIGHT="62"
                          WIDTH="160"
                          VPOS="1719"
                          HPOS="1288"
                          CONTENT="apud"/>
                  <SP HEIGHT="62" WIDTH="20" VPOS="1719" HPOS="1448"/>
                  <String HEIGHT="62"
                          WIDTH="140"
                          VPOS="1719"
                          HPOS="1388"
                          CONTENT="nos"/>
                  <SP HEIGHT="62" WIDTH="20" VPOS="1719" HPOS="1528"/>
                  <String HEIGHT="62"
                          WIDTH="241"
                          VPOS="1719"
                          HPOS="1468"
                          CONTENT="haereat,"/>
                  <SP HEIGHT="62" WIDTH="20" VPOS="1719" HPOS="1709"/>
                  <String HEIGHT="62"
                          WIDTH="180"
                          VPOS="1719"
                          HPOS="1649"
                          CONTENT="quasi"/>
                  <SP HEIGHT="62" WIDTH="20" VPOS="1719" HPOS="1829"/>
                  <String HEIGHT="62"
                          WIDTH="281"
                          VPOS="1719"
                          HPOS="1769"
                          CONTENT="dignitatis"/>
                  <SP HEIGHT="62" WIDTH="20" VPOS="1719" HPOS="2050"/>
                  <String HEIGHT="62"
                          WIDTH="200"
                          VPOS="1719"
                          HPOS="1970"
                          CONTENT="indignae"/>
               </TextLine>
               <TextLine ID="r2l28"
                         BASELINE="1836"
                         HEIGHT="59"
                         WIDTH="1658"
                         VPOS="1777"
                         HPOS="518">
                  <String HEIGHT="59"
                          WIDTH="225"
                          VPOS="1777"
                          HPOS="498"
                          CONTENT="aliquid"/>
                  <SP HEIGHT="59" WIDTH="20" VPOS="1777" HPOS="723"/>
                  <String HEIGHT="59" WIDTH="123" VPOS="1777" HPOS="661" CONTENT="in"/>
                  <SP HEIGHT="59" WIDTH="20" VPOS="1777" HPOS="784"/>
                  <String HEIGHT="59"
                          WIDTH="266"
                          VPOS="1777"
                          HPOS="723"
                          CONTENT="ecclesiam"/>
                  <SP HEIGHT="59" WIDTH="20" VPOS="1777" HPOS="989"/>
                  <String HEIGHT="59"
                          WIDTH="246"
                          VPOS="1777"
                          HPOS="927"
                          CONTENT="reducere"/>
                  <SP HEIGHT="59" WIDTH="20" VPOS="1777" HPOS="1173"/>
                  <String HEIGHT="59"
                          WIDTH="287"
                          VPOS="1777"
                          HPOS="1112"
                          CONTENT="cogitemus."/>
                  <SP HEIGHT="59" WIDTH="20" VPOS="1777" HPOS="1398"/>
                  <String HEIGHT="59"
                          WIDTH="184"
                          VPOS="1777"
                          HPOS="1337"
                          CONTENT="Verum"/>
                  <SP HEIGHT="59" WIDTH="20" VPOS="1777" HPOS="1521"/>
                  <String HEIGHT="59"
                          WIDTH="225"
                          VPOS="1777"
                          HPOS="1460"
                          CONTENT="securos"/>
                  <SP HEIGHT="59" WIDTH="20" VPOS="1777" HPOS="1685"/>
                  <String HEIGHT="59"
                          WIDTH="184"
                          VPOS="1777"
                          HPOS="1623"
                          CONTENT="iubeo"/>
                  <SP HEIGHT="59" WIDTH="20" VPOS="1777" HPOS="1808"/>
                  <String HEIGHT="59"
                          WIDTH="164"
                          VPOS="1777"
                          HPOS="1746"
                          CONTENT="esse"/>
                  <SP HEIGHT="59" WIDTH="20" VPOS="1777" HPOS="1910"/>
                  <String HEIGHT="59"
                          WIDTH="225"
                          VPOS="1777"
                          HPOS="1848"
                          CONTENT="fratres"/>
                  <SP HEIGHT="59" WIDTH="20" VPOS="1777" HPOS="2074"/>
                  <String HEIGHT="59"
                          WIDTH="205"
                          VPOS="1777"
                          HPOS="2012"
                          CONTENT="illos,"/>
                  <SP HEIGHT="59" WIDTH="20" VPOS="1777" HPOS="2217"/>
                  <String HEIGHT="59" WIDTH="41" VPOS="1777" HPOS="2135" CONTENT=""/>
               </TextLine>
               <TextLine ID="r2l29"
                         BASELINE="1892"
                         HEIGHT="75"
                         WIDTH="1646"
                         VPOS="1817"
                         HPOS="527">
                  <String HEIGHT="75"
                          WIDTH="188"
                          VPOS="1817"
                          HPOS="506"
                          CONTENT="Nulli"/>
                  <SP HEIGHT="75" WIDTH="21" VPOS="1817" HPOS="694"/>
                  <String HEIGHT="75"
                          WIDTH="167"
                          VPOS="1817"
                          HPOS="631"
                          CONTENT="sunt"/>
                  <SP HEIGHT="75" WIDTH="21" VPOS="1817" HPOS="798"/>
                  <String HEIGHT="75"
                          WIDTH="167"
                          VPOS="1817"
                          HPOS="735"
                          CONTENT="apud"/>
                  <SP HEIGHT="75" WIDTH="21" VPOS="1817" HPOS="902"/>
                  <String HEIGHT="75"
                          WIDTH="146"
                          VPOS="1817"
                          HPOS="840"
                          CONTENT="nos"/>
                  <SP HEIGHT="75" WIDTH="21" VPOS="1817" HPOS="985"/>
                  <String HEIGHT="75"
                          WIDTH="396"
                          VPOS="1817"
                          HPOS="923"
                          CONTENT="archipresbyteri"/>
                  <SP HEIGHT="75" WIDTH="21" VPOS="1817" HPOS="1319"/>
                  <String HEIGHT="75"
                          WIDTH="292"
                          VPOS="1817"
                          HPOS="1256"
                          CONTENT="papistici:"/>
                  <SP HEIGHT="75" WIDTH="21" VPOS="1817" HPOS="1548"/>
                  <String HEIGHT="75"
                          WIDTH="146"
                          VPOS="1817"
                          HPOS="1485"
                          CONTENT="nec"/>
                  <SP HEIGHT="75" WIDTH="21" VPOS="1817" HPOS="1631"/>
                  <String HEIGHT="75"
                          WIDTH="292"
                          VPOS="1817"
                          HPOS="1569"
                          CONTENT="dignitatem"/>
                  <SP HEIGHT="75" WIDTH="21" VPOS="1817" HPOS="1860"/>
                  <String HEIGHT="75"
                          WIDTH="188"
                          VPOS="1817"
                          HPOS="1798"
                          CONTENT="ullam"/>
                  <SP HEIGHT="75" WIDTH="21" VPOS="1817" HPOS="1985"/>
                  <String HEIGHT="75"
                          WIDTH="188"
                          VPOS="1817"
                          HPOS="1923"
                          CONTENT="Papae"/>
                  <SP HEIGHT="75" WIDTH="21" VPOS="1817" HPOS="2110"/>
                  <String HEIGHT="75"
                          WIDTH="125"
                          VPOS="1817"
                          HPOS="2048"
                          CONTENT="eo"/>
                  <SP HEIGHT="75" WIDTH="21" VPOS="1817" HPOS="2173"/>
                  <String HEIGHT="75" WIDTH="83" VPOS="1817" HPOS="2090" CONTENT="uo"/>
               </TextLine>
               <TextLine ID="r2l30"
                         BASELINE="1944"
                         HEIGHT="53"
                         WIDTH="1652"
                         VPOS="1891"
                         HPOS="521">
                  <String HEIGHT="53"
                          WIDTH="201"
                          VPOS="1891"
                          HPOS="501"
                          CONTENT="cabulo"/>
                  <SP HEIGHT="53" WIDTH="20" VPOS="1891" HPOS="702"/>
                  <String HEIGHT="53"
                          WIDTH="282"
                          VPOS="1891"
                          HPOS="642"
                          CONTENT="intellexi,"/>
                  <SP HEIGHT="53" WIDTH="20" VPOS="1891" HPOS="924"/>
                  <String HEIGHT="53"
                          WIDTH="141"
                          VPOS="1891"
                          HPOS="863"
                          CONTENT="sed"/>
                  <SP HEIGHT="53" WIDTH="20" VPOS="1891" HPOS="1005"/>
                  <String HEIGHT="53"
                          WIDTH="181"
                          VPOS="1891"
                          HPOS="944"
                          CONTENT="munus"/>
                  <SP HEIGHT="53" WIDTH="20" VPOS="1891" HPOS="1125"/>
                  <String HEIGHT="53"
                          WIDTH="342"
                          VPOS="1891"
                          HPOS="1065"
                          CONTENT="inspectionis,"/>
                  <SP HEIGHT="53" WIDTH="20" VPOS="1891" HPOS="1407"/>
                  <String HEIGHT="53"
                          WIDTH="161"
                          VPOS="1891"
                          HPOS="1347"
                          CONTENT="quod"/>
                  <SP HEIGHT="53" WIDTH="20" VPOS="1891" HPOS="1508"/>
                  <String HEIGHT="53"
                          WIDTH="322"
                          VPOS="1891"
                          HPOS="1448"
                          CONTENT="uisitationis"/>
                  <SP HEIGHT="53" WIDTH="20" VPOS="1891" HPOS="1770"/>
                  <String HEIGHT="53"
                          WIDTH="161"
                          VPOS="1891"
                          HPOS="1710"
                          CONTENT="alij"/>
                  <SP HEIGHT="53" WIDTH="20" VPOS="1891" HPOS="1871"/>
                  <String HEIGHT="53"
                          WIDTH="282"
                          VPOS="1891"
                          HPOS="1810"
                          CONTENT="nuncupant."/>
                  <SP HEIGHT="53" WIDTH="20" VPOS="1891" HPOS="2092"/>
                  <String HEIGHT="53"
                          WIDTH="181"
                          VPOS="1891"
                          HPOS="2032"
                          CONTENT="Curam"/>
                  <SP HEIGHT="53" WIDTH="20" VPOS="1891" HPOS="2213"/>
                  <String HEIGHT="53" WIDTH="40" VPOS="1891" HPOS="2133" CONTENT=""/>
               </TextLine>
               <TextLine ID="r2l31"
                         BASELINE="1998"
                         HEIGHT="70"
                         WIDTH="1642"
                         VPOS="1928"
                         HPOS="525">
                  <String HEIGHT="70"
                          WIDTH="180"
                          VPOS="1928"
                          HPOS="503"
                          CONTENT="enim"/>
                  <SP HEIGHT="70" WIDTH="22" VPOS="1928" HPOS="682"/>
                  <String HEIGHT="70" WIDTH="135" VPOS="1928" HPOS="615" CONTENT="hi"/>
                  <SP HEIGHT="70" WIDTH="22" VPOS="1928" HPOS="750"/>
                  <String HEIGHT="70"
                          WIDTH="225"
                          VPOS="1928"
                          HPOS="682"
                          CONTENT="gerunt"/>
                  <SP HEIGHT="70" WIDTH="22" VPOS="1928" HPOS="907"/>
                  <String HEIGHT="70"
                          WIDTH="225"
                          VPOS="1928"
                          HPOS="840"
                          CONTENT="omnium"/>
                  <SP HEIGHT="70" WIDTH="22" VPOS="1928" HPOS="1065"/>
                  <String HEIGHT="70" WIDTH="135" VPOS="1928" HPOS="997" CONTENT="in"/>
                  <SP HEIGHT="70" WIDTH="22" VPOS="1928" HPOS="1132"/>
                  <String HEIGHT="70"
                          WIDTH="180"
                          VPOS="1928"
                          HPOS="1065"
                          CONTENT="agro"/>
                  <SP HEIGHT="70" WIDTH="22" VPOS="1928" HPOS="1245"/>
                  <String HEIGHT="70"
                          WIDTH="225"
                          VPOS="1928"
                          HPOS="1177"
                          CONTENT="nostro"/>
                  <SP HEIGHT="70" WIDTH="22" VPOS="1928" HPOS="1402"/>
                  <String HEIGHT="70"
                          WIDTH="292"
                          VPOS="1928"
                          HPOS="1335"
                          CONTENT="classium,"/>
                  <SP HEIGHT="70" WIDTH="22" VPOS="1928" HPOS="1627"/>
                  <String HEIGHT="70"
                          WIDTH="135"
                          VPOS="1928"
                          HPOS="1560"
                          CONTENT="in"/>
                  <SP HEIGHT="70" WIDTH="22" VPOS="1928" HPOS="1695"/>
                  <String HEIGHT="70"
                          WIDTH="292"
                          VPOS="1928"
                          HPOS="1627"
                          CONTENT="admonendo"/>
                  <SP HEIGHT="70" WIDTH="22" VPOS="1928" HPOS="1920"/>
                  <String HEIGHT="70" WIDTH="112" VPOS="1928" HPOS="1852" CONTENT="&amp;"/>
                  <SP HEIGHT="70" WIDTH="22" VPOS="1928" HPOS="1965"/>
                  <String HEIGHT="70"
                          WIDTH="292"
                          VPOS="1928"
                          HPOS="1875"
                          CONTENT="corrigendo"
                          SUBS_TYPE="HypPart1"
                          SUBS_CONTENT="corrigendonullam"/>
                  <HYP CONTENT="-"/>
               </TextLine>
               <TextLine ID="r2l32"
                         BASELINE="2069"
                         HEIGHT="65"
                         WIDTH="1361"
                         VPOS="2004"
                         HPOS="517">
                  <String HEIGHT="65"
                          WIDTH="220"
                          VPOS="2004"
                          HPOS="495"
                          CONTENT="nullam"
                          SUBS_TYPE="HypPart2"
                          SUBS_CONTENT="corrigendonullam"/>
                  <SP HEIGHT="65" WIDTH="22" VPOS="2004" HPOS="715"/>
                  <String HEIGHT="65"
                          WIDTH="220"
                          VPOS="2004"
                          HPOS="649"
                          CONTENT="gerunt"/>
                  <SP HEIGHT="65" WIDTH="22" VPOS="2004" HPOS="868"/>
                  <String HEIGHT="65"
                          WIDTH="351"
                          VPOS="2004"
                          HPOS="802"
                          CONTENT="praelaturam,"/>
                  <SP HEIGHT="65" WIDTH="22" VPOS="2004" HPOS="1154"/>
                  <String HEIGHT="65"
                          WIDTH="198"
                          VPOS="2004"
                          HPOS="1088"
                          CONTENT="nulla"/>
                  <SP HEIGHT="65" WIDTH="22" VPOS="2004" HPOS="1285"/>
                  <String HEIGHT="65"
                          WIDTH="176"
                          VPOS="2004"
                          HPOS="1219"
                          CONTENT="inde"/>
                  <SP HEIGHT="65" WIDTH="22" VPOS="2004" HPOS="1395"/>
                  <String HEIGHT="65"
                          WIDTH="351"
                          VPOS="2004"
                          HPOS="1329"
                          CONTENT="consequuntur"/>
                  <SP HEIGHT="65" WIDTH="22" VPOS="2004" HPOS="1680"/>
                  <String HEIGHT="65"
                          WIDTH="263"
                          VPOS="2004"
                          HPOS="1615"
                          CONTENT="praemia,"/>
                  <SP HEIGHT="65" WIDTH="22" VPOS="2004" HPOS="1878"/>
                  <String HEIGHT="65" WIDTH="88" VPOS="2004" HPOS="1790" CONTENT="&amp;c"/>
               </TextLine>
               <TextLine ID="r2l33"
                         BASELINE="2113"
                         HEIGHT="72"
                         WIDTH="1554"
                         VPOS="2041"
                         HPOS="619">
                  <String HEIGHT="72"
                          WIDTH="151"
                          VPOS="2041"
                          HPOS="597"
                          CONTENT="Sed"/>
                  <SP HEIGHT="72" WIDTH="22" VPOS="2041" HPOS="748"/>
                  <String HEIGHT="72"
                          WIDTH="237"
                          VPOS="2041"
                          HPOS="684"
                          CONTENT="redimus"/>
                  <SP HEIGHT="72" WIDTH="22" VPOS="2041" HPOS="921"/>
                  <String HEIGHT="72" WIDTH="130" VPOS="2041" HPOS="856" CONTENT="ad"/>
                  <SP HEIGHT="72" WIDTH="22" VPOS="2041" HPOS="986"/>
                  <String HEIGHT="72"
                          WIDTH="237"
                          VPOS="2041"
                          HPOS="921"
                          CONTENT="nostrum"/>
                  <SP HEIGHT="72" WIDTH="22" VPOS="2041" HPOS="1159"/>
                  <String HEIGHT="72"
                          WIDTH="324"
                          VPOS="2041"
                          HPOS="1094"
                          CONTENT="institutum."/>
                  <SP HEIGHT="72" WIDTH="22" VPOS="2041" HPOS="1418"/>
                  <String HEIGHT="72"
                          WIDTH="324"
                          VPOS="2041"
                          HPOS="1353"
                          CONTENT="Presbyteros"/>
                  <SP HEIGHT="72" WIDTH="22" VPOS="2041" HPOS="1677"/>
                  <String HEIGHT="72"
                          WIDTH="151"
                          VPOS="2041"
                          HPOS="1612"
                          CONTENT="uel"/>
                  <SP HEIGHT="72" WIDTH="22" VPOS="2041" HPOS="1763"/>
                  <String HEIGHT="72"
                          WIDTH="302"
                          VPOS="2041"
                          HPOS="1698"
                          CONTENT="sacerdotes"/>
                  <SP HEIGHT="72" WIDTH="22" VPOS="2041" HPOS="2000"/>
                  <String HEIGHT="72"
                          WIDTH="259"
                          VPOS="2041"
                          HPOS="1936"
                          CONTENT="deriuant"/>
                  <SP HEIGHT="72" WIDTH="22" VPOS="2041" HPOS="2195"/>
                  <String HEIGHT="72" WIDTH="65" VPOS="2041" HPOS="2108" CONTENT="a"/>
               </TextLine>
               <TextLine ID="r2l34"
                         BASELINE="2171"
                         HEIGHT="71"
                         WIDTH="1656"
                         VPOS="2100"
                         HPOS="517">
                  <String HEIGHT="71"
                          WIDTH="170"
                          VPOS="2100"
                          HPOS="496"
                          CONTENT="LXX."/>
                  <SP HEIGHT="71" WIDTH="21" VPOS="2100" HPOS="666"/>
                  <String HEIGHT="71"
                          WIDTH="318"
                          VPOS="2100"
                          HPOS="602"
                          CONTENT="discipulis,"/>
                  <SP HEIGHT="71" WIDTH="21" VPOS="2100" HPOS="920"/>
                  <String HEIGHT="71"
                          WIDTH="170"
                          VPOS="2100"
                          HPOS="857"
                          CONTENT="quos"/>
                  <SP HEIGHT="71" WIDTH="21" VPOS="2100" HPOS="1027"/>
                  <String HEIGHT="71"
                          WIDTH="234"
                          VPOS="2100"
                          HPOS="963"
                          CONTENT="dominus"/>
                  <SP HEIGHT="71" WIDTH="21" VPOS="2100" HPOS="1196"/>
                  <String HEIGHT="71"
                          WIDTH="127"
                          VPOS="2100"
                          HPOS="1133"
                          CONTENT="in"/>
                  <SP HEIGHT="71" WIDTH="21" VPOS="2100" HPOS="1260"/>
                  <String HEIGHT="71"
                          WIDTH="276"
                          VPOS="2100"
                          HPOS="1196"
                          CONTENT="euangelio"/>
                  <SP HEIGHT="71" WIDTH="21" VPOS="2100" HPOS="1472"/>
                  <String HEIGHT="71"
                          WIDTH="255"
                          VPOS="2100"
                          HPOS="1409"
                          CONTENT="elegisse"/>
                  <SP HEIGHT="71" WIDTH="21" VPOS="2100" HPOS="1663"/>
                  <String HEIGHT="71"
                          WIDTH="255"
                          VPOS="2100"
                          HPOS="1600"
                          CONTENT="legitur,"/>
                  <SP HEIGHT="71" WIDTH="21" VPOS="2100" HPOS="1855"/>
                  <String HEIGHT="71"
                          WIDTH="318"
                          VPOS="2100"
                          HPOS="1791"
                          CONTENT="episcopalem"/>
                  <SP HEIGHT="71" WIDTH="21" VPOS="2100" HPOS="2109"/>
                  <String HEIGHT="71"
                          WIDTH="149"
                          VPOS="2100"
                          HPOS="2024"
                          CONTENT="ordi"
                          SUBS_TYPE="HypPart1"
                          SUBS_CONTENT="ordinem"/>
                  <HYP CONTENT="-"/>
               </TextLine>
               <TextLine ID="r2l35"
                         BASELINE="2222"
                         HEIGHT="57"
                         WIDTH="1658"
                         VPOS="2165"
                         HPOS="514">
                  <String HEIGHT="57"
                          WIDTH="143"
                          VPOS="2165"
                          HPOS="494"
                          CONTENT="nem"
                          SUBS_TYPE="HypPart2"
                          SUBS_CONTENT="ordinem"/>
                  <SP HEIGHT="57" WIDTH="20" VPOS="2165" HPOS="637"/>
                  <String HEIGHT="57" WIDTH="123" VPOS="2165" HPOS="575" CONTENT="ab"/>
                  <SP HEIGHT="57" WIDTH="20" VPOS="2165" HPOS="698"/>
                  <String HEIGHT="57"
                          WIDTH="164"
                          VPOS="2165"
                          HPOS="637"
                          CONTENT="ipso"/>
                  <SP HEIGHT="57" WIDTH="20" VPOS="2165" HPOS="801"/>
                  <String HEIGHT="57"
                          WIDTH="184"
                          VPOS="2165"
                          HPOS="739"
                          CONTENT="Petro"/>
                  <SP HEIGHT="57" WIDTH="20" VPOS="2165" HPOS="923"/>
                  <String HEIGHT="57" WIDTH="102" VPOS="2165" HPOS="862" CONTENT="&amp;"/>
                  <SP HEIGHT="57" WIDTH="20" VPOS="2165" HPOS="964"/>
                  <String HEIGHT="57"
                          WIDTH="246"
                          VPOS="2165"
                          HPOS="903"
                          CONTENT="reliquis"/>
                  <SP HEIGHT="57" WIDTH="20" VPOS="2165" HPOS="1149"/>
                  <String HEIGHT="57"
                          WIDTH="287"
                          VPOS="2165"
                          HPOS="1087"
                          CONTENT="apostolis."/>
                  <SP HEIGHT="57" WIDTH="20" VPOS="2165" HPOS="1374"/>
                  <String HEIGHT="57"
                          WIDTH="123"
                          VPOS="2165"
                          HPOS="1312"
                          CONTENT="Et"/>
                  <SP HEIGHT="57" WIDTH="20" VPOS="2165" HPOS="1435"/>
                  <String HEIGHT="57"
                          WIDTH="225"
                          VPOS="2165"
                          HPOS="1374"
                          CONTENT="ordinem"/>
                  <SP HEIGHT="57" WIDTH="20" VPOS="2165" HPOS="1599"/>
                  <String HEIGHT="57"
                          WIDTH="307"
                          VPOS="2165"
                          HPOS="1537"
                          CONTENT="episcoporum"/>
                  <SP HEIGHT="57" WIDTH="20" VPOS="2165" HPOS="1844"/>
                  <String HEIGHT="57"
                          WIDTH="143"
                          VPOS="2165"
                          HPOS="1783"
                          CONTENT="mox"/>
                  <SP HEIGHT="57" WIDTH="20" VPOS="2165" HPOS="1926"/>
                  <String HEIGHT="57"
                          WIDTH="307"
                          VPOS="2165"
                          HPOS="1865"
                          CONTENT="distinguunt"/>
                  <SP HEIGHT="57" WIDTH="20" VPOS="2165" HPOS="2172"/>
                  <String HEIGHT="57" WIDTH="82" VPOS="2165" HPOS="2090" CONTENT="in"/>
               </TextLine>
               <TextLine ID="r2l36"
                         BASELINE="2276"
                         HEIGHT="62"
                         WIDTH="1659"
                         VPOS="2214"
                         HPOS="526">
                  <String HEIGHT="62"
                          WIDTH="175"
                          VPOS="2214"
                          HPOS="504"
                          CONTENT="tres"/>
                  <SP HEIGHT="62" WIDTH="22" VPOS="2214" HPOS="679"/>
                  <String HEIGHT="62"
                          WIDTH="240"
                          VPOS="2214"
                          HPOS="613"
                          CONTENT="partes."/>
                  <SP HEIGHT="62" WIDTH="22" VPOS="2214" HPOS="853"/>
                  <String HEIGHT="62"
                          WIDTH="262"
                          VPOS="2214"
                          HPOS="788"
                          CONTENT="Numerant"/>
                  <SP HEIGHT="62" WIDTH="22" VPOS="2214" HPOS="1050"/>
                  <String HEIGHT="62"
                          WIDTH="175"
                          VPOS="2214"
                          HPOS="984"
                          CONTENT="enim"/>
                  <SP HEIGHT="62" WIDTH="22" VPOS="2214" HPOS="1159"/>
                  <String HEIGHT="62"
                          WIDTH="349"
                          VPOS="2214"
                          HPOS="1094"
                          CONTENT="Patriarchas,"/>
                  <SP HEIGHT="62" WIDTH="22" VPOS="2214" HPOS="1443"/>
                  <String HEIGHT="62"
                          WIDTH="393"
                          VPOS="2214"
                          HPOS="1377"
                          CONTENT="Archiepiscopos"/>
                  <SP HEIGHT="62" WIDTH="22" VPOS="2214" HPOS="1770"/>
                  <String HEIGHT="62" WIDTH="109" VPOS="2214" HPOS="1705" CONTENT="&amp;"/>
                  <SP HEIGHT="62" WIDTH="22" VPOS="2214" HPOS="1814"/>
                  <String HEIGHT="62"
                          WIDTH="306"
                          VPOS="2214"
                          HPOS="1748"
                          CONTENT="Episcopos."/>
                  <SP HEIGHT="62" WIDTH="22" VPOS="2214" HPOS="2054"/>
                  <String HEIGHT="62"
                          WIDTH="218"
                          VPOS="2214"
                          HPOS="1967"
                          CONTENT="Patriar"
                          SUBS_TYPE="HypPart1"
                          SUBS_CONTENT="Patriarchas"/>
                  <HYP CONTENT="-"/>
               </TextLine>
               <TextLine ID="r2l37"
                         BASELINE="2337"
                         HEIGHT="58"
                         WIDTH="1663"
                         VPOS="2279"
                         HPOS="516">
                  <String HEIGHT="58"
                          WIDTH="177"
                          VPOS="2279"
                          HPOS="494"
                          CONTENT="chas"
                          SUBS_TYPE="HypPart2"
                          SUBS_CONTENT="Patriarchas"/>
                  <SP HEIGHT="58" WIDTH="22" VPOS="2279" HPOS="671"/>
                  <String HEIGHT="58"
                          WIDTH="333"
                          VPOS="2279"
                          HPOS="605"
                          CONTENT="intelligunt"/>
                  <SP HEIGHT="58" WIDTH="22" VPOS="2279" HPOS="937"/>
                  <String HEIGHT="58"
                          WIDTH="222"
                          VPOS="2279"
                          HPOS="871"
                          CONTENT="patres"/>
                  <SP HEIGHT="58" WIDTH="22" VPOS="2279" HPOS="1093"/>
                  <String HEIGHT="58"
                          WIDTH="288"
                          VPOS="2279"
                          HPOS="1026"
                          CONTENT="principum"/>
                  <SP HEIGHT="58" WIDTH="22" VPOS="2279" HPOS="1314"/>
                  <String HEIGHT="58"
                          WIDTH="155"
                          VPOS="2279"
                          HPOS="1248"
                          CONTENT="seu"/>
                  <SP HEIGHT="58" WIDTH="22" VPOS="2279" HPOS="1403"/>
                  <String HEIGHT="58"
                          WIDTH="222"
                          VPOS="2279"
                          HPOS="1336"
                          CONTENT="summos"/>
                  <SP HEIGHT="58" WIDTH="22" VPOS="2279" HPOS="1558"/>
                  <String HEIGHT="58"
                          WIDTH="244"
                          VPOS="2279"
                          HPOS="1492"
                          CONTENT="patres."/>
                  <SP HEIGHT="58" WIDTH="22" VPOS="2279" HPOS="1736"/>
                  <String HEIGHT="58"
                          WIDTH="222"
                          VPOS="2279"
                          HPOS="1669"
                          CONTENT="Eosdem"/>
                  <SP HEIGHT="58" WIDTH="22" VPOS="2279" HPOS="1891"/>
                  <String HEIGHT="58" WIDTH="111" VPOS="2279" HPOS="1824" CONTENT="&amp;"/>
                  <SP HEIGHT="58" WIDTH="22" VPOS="2279" HPOS="1935"/>
                  <String HEIGHT="58"
                          WIDTH="266"
                          VPOS="2279"
                          HPOS="1869"
                          CONTENT="Primates"/>
                  <SP HEIGHT="58" WIDTH="22" VPOS="2279" HPOS="2135"/>
                  <String HEIGHT="58"
                          WIDTH="133"
                          VPOS="2279"
                          HPOS="2046"
                          CONTENT="nun"
                          SUBS_TYPE="HypPart1"
                          SUBS_CONTENT="nuncupant."/>
                  <HYP CONTENT="-"/>
               </TextLine>
               <TextLine ID="r2l38"
                         BASELINE="2390"
                         HEIGHT="56"
                         WIDTH="1646"
                         VPOS="2334"
                         HPOS="530">
                  <String HEIGHT="56"
                          WIDTH="224"
                          VPOS="2334"
                          HPOS="510"
                          CONTENT="cupant."
                          SUBS_TYPE="HypPart2"
                          SUBS_CONTENT="nuncupant."/>
                  <SP HEIGHT="56" WIDTH="20" VPOS="2334" HPOS="733"/>
                  <String HEIGHT="56" WIDTH="122" VPOS="2334" HPOS="672" CONTENT="Ac"/>
                  <SP HEIGHT="56" WIDTH="20" VPOS="2334" HPOS="794"/>
                  <String HEIGHT="56"
                          WIDTH="264"
                          VPOS="2334"
                          HPOS="733"
                          CONTENT="Primates,"/>
                  <SP HEIGHT="56" WIDTH="20" VPOS="2334" HPOS="997"/>
                  <String HEIGHT="56"
                          WIDTH="264"
                          VPOS="2334"
                          HPOS="936"
                          CONTENT="inquiunt,"/>
                  <SP HEIGHT="56" WIDTH="20" VPOS="2334" HPOS="1201"/>
                  <String HEIGHT="56"
                          WIDTH="203"
                          VPOS="2334"
                          HPOS="1140"
                          CONTENT="tribus"/>
                  <SP HEIGHT="56" WIDTH="20" VPOS="2334" HPOS="1343"/>
                  <String HEIGHT="56"
                          WIDTH="366"
                          VPOS="2334"
                          HPOS="1282"
                          CONTENT="archiepiscopis"/>
                  <SP HEIGHT="56" WIDTH="20" VPOS="2334" HPOS="1648"/>
                  <String HEIGHT="56"
                          WIDTH="264"
                          VPOS="2334"
                          HPOS="1587"
                          CONTENT="praesunt,"/>
                  <SP HEIGHT="56" WIDTH="20" VPOS="2334" HPOS="1851"/>
                  <String HEIGHT="56"
                          WIDTH="183"
                          VPOS="2334"
                          HPOS="1790"
                          CONTENT="sicut"/>
                  <SP HEIGHT="56" WIDTH="20" VPOS="2334" HPOS="1973"/>
                  <String HEIGHT="56" WIDTH="102" VPOS="2334" HPOS="1912" CONTENT="&amp;"/>
                  <SP HEIGHT="56" WIDTH="20" VPOS="2334" HPOS="2013"/>
                  <String HEIGHT="56"
                          WIDTH="142"
                          VPOS="2334"
                          HPOS="1952"
                          CONTENT="rex"/>
                  <SP HEIGHT="56" WIDTH="20" VPOS="2334" HPOS="2095"/>
                  <String HEIGHT="56"
                          WIDTH="163"
                          VPOS="2334"
                          HPOS="2013"
                          CONTENT="tribus"/>
               </TextLine>
               <TextLine ID="r2l39"
                         BASELINE="2456"
                         HEIGHT="80"
                         WIDTH="1647"
                         VPOS="2376"
                         HPOS="528">
                  <String HEIGHT="80"
                          WIDTH="275"
                          VPOS="2376"
                          HPOS="507"
                          CONTENT="praesidet"/>
                  <SP HEIGHT="80" WIDTH="21" VPOS="2376" HPOS="781"/>
                  <String HEIGHT="80"
                          WIDTH="253"
                          VPOS="2376"
                          HPOS="718"
                          CONTENT="ducibus."/>
                  <SP HEIGHT="80" WIDTH="21" VPOS="2376" HPOS="971"/>
                  <String HEIGHT="80"
                          WIDTH="148"
                          VPOS="2376"
                          HPOS="908"
                          CONTENT="Hic"/>
                  <SP HEIGHT="80" WIDTH="21" VPOS="2376" HPOS="1056"/>
                  <String HEIGHT="80"
                          WIDTH="190"
                          VPOS="2376"
                          HPOS="993"
                          CONTENT="locum"/>
                  <SP HEIGHT="80" WIDTH="21" VPOS="2376" HPOS="1183"/>
                  <String HEIGHT="80"
                          WIDTH="211"
                          VPOS="2376"
                          HPOS="1119"
                          CONTENT="habent"/>
                  <SP HEIGHT="80" WIDTH="21" VPOS="2376" HPOS="1330"/>
                  <String HEIGHT="80"
                          WIDTH="211"
                          VPOS="2376"
                          HPOS="1267"
                          CONTENT="opinor"/>
                  <SP HEIGHT="80" WIDTH="21" VPOS="2376" HPOS="1478"/>
                  <String HEIGHT="80"
                          WIDTH="317"
                          VPOS="2376"
                          HPOS="1415"
                          CONTENT="Cardinales,"/>
                  <SP HEIGHT="80" WIDTH="21" VPOS="2376" HPOS="1732"/>
                  <String HEIGHT="80"
                          WIDTH="127"
                          VPOS="2376"
                          HPOS="1668"
                          CONTENT="in"/>
                  <SP HEIGHT="80" WIDTH="21" VPOS="2376" HPOS="1795"/>
                  <String HEIGHT="80"
                          WIDTH="211"
                          VPOS="2376"
                          HPOS="1732"
                          CONTENT="quibus"/>
                  <SP HEIGHT="80" WIDTH="21" VPOS="2376" HPOS="1943"/>
                  <String HEIGHT="80"
                          WIDTH="253"
                          VPOS="2376"
                          HPOS="1879"
                          CONTENT="ecclesia"/>
                  <SP HEIGHT="80" WIDTH="21" VPOS="2376" HPOS="2133"/>
                  <String HEIGHT="80"
                          WIDTH="127"
                          VPOS="2376"
                          HPOS="2048"
                          CONTENT="Roma"/>
               </TextLine>
               <TextLine ID="r2l40"
                         BASELINE="2507"
                         HEIGHT="78"
                         WIDTH="1647"
                         VPOS="2429"
                         HPOS="523">
                  <String HEIGHT="78" WIDTH="125" VPOS="2429" HPOS="502" CONTENT="na"/>
                  <SP HEIGHT="78" WIDTH="21" VPOS="2429" HPOS="627"/>
                  <String HEIGHT="78"
                          WIDTH="146"
                          VPOS="2429"
                          HPOS="565"
                          CONTENT="ceu"/>
                  <SP HEIGHT="78" WIDTH="21" VPOS="2429" HPOS="711"/>
                  <String HEIGHT="78" WIDTH="125" VPOS="2429" HPOS="648" CONTENT="in"/>
                  <SP HEIGHT="78" WIDTH="21" VPOS="2429" HPOS="773"/>
                  <String HEIGHT="78"
                          WIDTH="292"
                          VPOS="2429"
                          HPOS="711"
                          CONTENT="cardinibus"/>
                  <SP HEIGHT="78" WIDTH="21" VPOS="2429" HPOS="1003"/>
                  <String HEIGHT="78"
                          WIDTH="188"
                          VPOS="2429"
                          HPOS="940"
                          CONTENT="ianua"/>
                  <SP HEIGHT="78" WIDTH="21" VPOS="2429" HPOS="1128"/>
                  <String HEIGHT="78"
                          WIDTH="271"
                          VPOS="2429"
                          HPOS="1065"
                          CONTENT="uoluitur."/>
                  <SP HEIGHT="78" WIDTH="21" VPOS="2429" HPOS="1336"/>
                  <String HEIGHT="78"
                          WIDTH="146"
                          VPOS="2429"
                          HPOS="1274"
                          CONTENT="Nam"/>
                  <SP HEIGHT="78" WIDTH="21" VPOS="2429" HPOS="1419"/>
                  <String HEIGHT="78"
                          WIDTH="125"
                          VPOS="2429"
                          HPOS="1357"
                          CONTENT="in"/>
                  <SP HEIGHT="78" WIDTH="21" VPOS="2429" HPOS="1482"/>
                  <String HEIGHT="78"
                          WIDTH="271"
                          VPOS="2429"
                          HPOS="1419"
                          CONTENT="Decretal."/>
                  <SP HEIGHT="78" WIDTH="21" VPOS="2429" HPOS="1690"/>
                  <String HEIGHT="78"
                          WIDTH="188"
                          VPOS="2429"
                          HPOS="1628"
                          CONTENT="Greg."/>
                  <SP HEIGHT="78" WIDTH="21" VPOS="2429" HPOS="1816"/>
                  <String HEIGHT="78"
                          WIDTH="125"
                          VPOS="2429"
                          HPOS="1753"
                          CONTENT="de"/>
                  <SP HEIGHT="78" WIDTH="21" VPOS="2429" HPOS="1878"/>
                  <String HEIGHT="78"
                          WIDTH="229"
                          VPOS="2429"
                          HPOS="1816"
                          CONTENT="officio"/>
                  <SP HEIGHT="78" WIDTH="21" VPOS="2429" HPOS="2045"/>
                  <String HEIGHT="78"
                          WIDTH="208"
                          VPOS="2429"
                          HPOS="1962"
                          CONTENT="archipr."/>
               </TextLine>
               <TextLine ID="r2l41"
                         BASELINE="2561"
                         HEIGHT="71"
                         WIDTH="1656"
                         VPOS="2490"
                         HPOS="520">
                  <String HEIGHT="71"
                          WIDTH="140"
                          VPOS="2490"
                          HPOS="500"
                          CONTENT="sic"/>
                  <SP HEIGHT="71" WIDTH="20" VPOS="2490" HPOS="640"/>
                  <String HEIGHT="71"
                          WIDTH="239"
                          VPOS="2490"
                          HPOS="580"
                          CONTENT="legitur,"/>
                  <SP HEIGHT="71" WIDTH="20" VPOS="2490" HPOS="819"/>
                  <String HEIGHT="71"
                          WIDTH="279"
                          VPOS="2490"
                          HPOS="759"
                          CONTENT="Cardinales"/>
                  <SP HEIGHT="71" WIDTH="20" VPOS="2490" HPOS="1039"/>
                  <String HEIGHT="71"
                          WIDTH="239"
                          VPOS="2490"
                          HPOS="979"
                          CONTENT="dicuntur"/>
                  <SP HEIGHT="71" WIDTH="20" VPOS="2490" HPOS="1218"/>
                  <String HEIGHT="71" WIDTH="100" VPOS="2490" HPOS="1158" CONTENT="a"/>
                  <SP HEIGHT="71" WIDTH="20" VPOS="2490" HPOS="1258"/>
                  <String HEIGHT="71"
                          WIDTH="219"
                          VPOS="2490"
                          HPOS="1198"
                          CONTENT="cardine"/>
                  <SP HEIGHT="71" WIDTH="20" VPOS="2490" HPOS="1418"/>
                  <String HEIGHT="71" WIDTH="100" VPOS="2490" HPOS="1358" CONTENT=":"/>
                  <SP HEIGHT="71" WIDTH="20" VPOS="2490" HPOS="1458"/>
                  <String HEIGHT="71"
                          WIDTH="160"
                          VPOS="2490"
                          HPOS="1398"
                          CONTENT="quia"/>
                  <SP HEIGHT="71" WIDTH="20" VPOS="2490" HPOS="1557"/>
                  <String HEIGHT="71"
                          WIDTH="180"
                          VPOS="2490"
                          HPOS="1498"
                          CONTENT="sicut"/>
                  <SP HEIGHT="71" WIDTH="20" VPOS="2490" HPOS="1677"/>
                  <String HEIGHT="71"
                          WIDTH="120"
                          VPOS="2490"
                          HPOS="1617"
                          CONTENT="in"/>
                  <SP HEIGHT="71" WIDTH="20" VPOS="2490" HPOS="1737"/>
                  <String HEIGHT="71"
                          WIDTH="219"
                          VPOS="2490"
                          HPOS="1677"
                          CONTENT="cardine"/>
                  <SP HEIGHT="71" WIDTH="20" VPOS="2490" HPOS="1897"/>
                  <String HEIGHT="71"
                          WIDTH="219"
                          VPOS="2490"
                          HPOS="1837"
                          CONTENT="regitur"/>
                  <SP HEIGHT="71" WIDTH="20" VPOS="2490" HPOS="2056"/>
                  <String HEIGHT="71"
                          WIDTH="219"
                          VPOS="2490"
                          HPOS="1996"
                          CONTENT="ostium,"/>
                  <SP HEIGHT="71" WIDTH="20" VPOS="2490" HPOS="2216"/>
                  <String HEIGHT="71" WIDTH="40" VPOS="2490" HPOS="2136" CONTENT=""/>
               </TextLine>
               <TextLine ID="r2l42"
                         BASELINE="2617"
                         HEIGHT="68"
                         WIDTH="1648"
                         VPOS="2549"
                         HPOS="528">
                  <String HEIGHT="68"
                          WIDTH="141"
                          VPOS="2549"
                          HPOS="508"
                          CONTENT="ita"/>
                  <SP HEIGHT="68" WIDTH="20" VPOS="2549" HPOS="649"/>
                  <String HEIGHT="68"
                          WIDTH="141"
                          VPOS="2549"
                          HPOS="588"
                          CONTENT="per"/>
                  <SP HEIGHT="68" WIDTH="20" VPOS="2549" HPOS="729"/>
                  <String HEIGHT="68"
                          WIDTH="281"
                          VPOS="2549"
                          HPOS="669"
                          CONTENT="cardinales"/>
                  <SP HEIGHT="68" WIDTH="20" VPOS="2549" HPOS="950"/>
                  <String HEIGHT="68"
                          WIDTH="221"
                          VPOS="2549"
                          HPOS="890"
                          CONTENT="regitur"/>
                  <SP HEIGHT="68" WIDTH="20" VPOS="2549" HPOS="1111"/>
                  <String HEIGHT="68"
                          WIDTH="301"
                          VPOS="2549"
                          HPOS="1051"
                          CONTENT="uniuersalis"/>
                  <SP HEIGHT="68" WIDTH="20" VPOS="2549" HPOS="1352"/>
                  <String HEIGHT="68"
                          WIDTH="261"
                          VPOS="2549"
                          HPOS="1292"
                          CONTENT="ecclesia."/>
                  <SP HEIGHT="68" WIDTH="20" VPOS="2549" HPOS="1553"/>
                  <String HEIGHT="68"
                          WIDTH="342"
                          VPOS="2549"
                          HPOS="1493"
                          CONTENT="Archiepiscopi"/>
                  <SP HEIGHT="68" WIDTH="20" VPOS="2549" HPOS="1834"/>
                  <String HEIGHT="68"
                          WIDTH="161"
                          VPOS="2549"
                          HPOS="1774"
                          CONTENT="sunt"/>
                  <SP HEIGHT="68" WIDTH="20" VPOS="2549" HPOS="1935"/>
                  <String HEIGHT="68"
                          WIDTH="201"
                          VPOS="2549"
                          HPOS="1875"
                          CONTENT="ueluti"/>
                  <SP HEIGHT="68" WIDTH="20" VPOS="2549" HPOS="2076"/>
                  <String HEIGHT="68"
                          WIDTH="181"
                          VPOS="2549"
                          HPOS="1995"
                          CONTENT="princi"
                          SUBS_TYPE="HypPart1"
                          SUBS_CONTENT="principes"/>
                  <HYP CONTENT="-"/>
               </TextLine>
               <TextLine ID="r2l43"
                         BASELINE="2676"
                         HEIGHT="62"
                         WIDTH="1647"
                         VPOS="2614"
                         HPOS="526">
                  <String HEIGHT="62"
                          WIDTH="152"
                          VPOS="2614"
                          HPOS="504"
                          CONTENT="pes"
                          SUBS_TYPE="HypPart2"
                          SUBS_CONTENT="principes"/>
                  <SP HEIGHT="62" WIDTH="22" VPOS="2614" HPOS="656"/>
                  <String HEIGHT="62"
                          WIDTH="347"
                          VPOS="2614"
                          HPOS="591"
                          CONTENT="episcoporum:"/>
                  <SP HEIGHT="62" WIDTH="22" VPOS="2614" HPOS="938"/>
                  <String HEIGHT="62"
                          WIDTH="368"
                          VPOS="2614"
                          HPOS="873"
                          CONTENT="Metropolitani"/>
                  <SP HEIGHT="62" WIDTH="22" VPOS="2614" HPOS="1241"/>
                  <String HEIGHT="62"
                          WIDTH="217"
                          VPOS="2614"
                          HPOS="1176"
                          CONTENT="quoque"/>
                  <SP HEIGHT="62" WIDTH="22" VPOS="2614" HPOS="1393"/>
                  <String HEIGHT="62"
                          WIDTH="347"
                          VPOS="2614"
                          HPOS="1328"
                          CONTENT="cognominati,"/>
                  <SP HEIGHT="62" WIDTH="22" VPOS="2614" HPOS="1675"/>
                  <String HEIGHT="62"
                          WIDTH="173"
                          VPOS="2614"
                          HPOS="1610"
                          CONTENT="quod"/>
                  <SP HEIGHT="62" WIDTH="22" VPOS="2614" HPOS="1783"/>
                  <String HEIGHT="62"
                          WIDTH="325"
                          VPOS="2614"
                          HPOS="1718"
                          CONTENT="praesideant"/>
                  <SP HEIGHT="62" WIDTH="22" VPOS="2614" HPOS="2043"/>
                  <String HEIGHT="62"
                          WIDTH="130"
                          VPOS="2614"
                          HPOS="1978"
                          CONTENT="in"/>
                  <SP HEIGHT="62" WIDTH="22" VPOS="2614" HPOS="2108"/>
                  <String HEIGHT="62"
                          WIDTH="152"
                          VPOS="2614"
                          HPOS="2021"
                          CONTENT="urbi"
                          SUBS_TYPE="HypPart1"
                          SUBS_CONTENT="urbibus"/>
                  <HYP CONTENT="-"/>
               </TextLine>
               <TextLine ID="r2l44"
                         BASELINE="2729"
                         HEIGHT="62"
                         WIDTH="1654"
                         VPOS="2667"
                         HPOS="511">
                  <String HEIGHT="62"
                          WIDTH="148"
                          VPOS="2667"
                          HPOS="490"
                          CONTENT="bus"
                          SUBS_TYPE="HypPart2"
                          SUBS_CONTENT="urbibus"/>
                  <SP HEIGHT="62" WIDTH="21" VPOS="2667" HPOS="638"/>
                  <String HEIGHT="62"
                          WIDTH="297"
                          VPOS="2667"
                          HPOS="575"
                          CONTENT="primarijs,"/>
                  <SP HEIGHT="62" WIDTH="21" VPOS="2667" HPOS="871"/>
                  <String HEIGHT="62"
                          WIDTH="212"
                          VPOS="2667"
                          HPOS="808"
                          CONTENT="Reuera"/>
                  <SP HEIGHT="62" WIDTH="21" VPOS="2667" HPOS="1020"/>
                  <String HEIGHT="62"
                          WIDTH="297"
                          VPOS="2667"
                          HPOS="956"
                          CONTENT="metropolis"/>
                  <SP HEIGHT="62" WIDTH="21" VPOS="2667" HPOS="1253"/>
                  <String HEIGHT="62"
                          WIDTH="212"
                          VPOS="2667"
                          HPOS="1190"
                          CONTENT="ueluti"/>
                  <SP HEIGHT="62" WIDTH="21" VPOS="2667" HPOS="1402"/>
                  <String HEIGHT="62"
                          WIDTH="212"
                          VPOS="2667"
                          HPOS="1338"
                          CONTENT="matrix"/>
                  <SP HEIGHT="62" WIDTH="21" VPOS="2667" HPOS="1550"/>
                  <String HEIGHT="62"
                          WIDTH="233"
                          VPOS="2667"
                          HPOS="1486"
                          CONTENT="quaedam"/>
                  <SP HEIGHT="62" WIDTH="21" VPOS="2667" HPOS="1720"/>
                  <String HEIGHT="62"
                          WIDTH="170"
                          VPOS="2667"
                          HPOS="1656"
                          CONTENT="urbs"/>
                  <SP HEIGHT="62" WIDTH="21" VPOS="2667" HPOS="1826"/>
                  <String HEIGHT="62"
                          WIDTH="233"
                          VPOS="2667"
                          HPOS="1762"
                          CONTENT="dicitur"/>
                  <SP HEIGHT="62" WIDTH="21" VPOS="2667" HPOS="1995"/>
                  <String HEIGHT="62"
                          WIDTH="233"
                          VPOS="2667"
                          HPOS="1932"
                          CONTENT="Grecis,"/>
                  <SP HEIGHT="62" WIDTH="21" VPOS="2667" HPOS="2165"/>
                  <String HEIGHT="62" WIDTH="85" VPOS="2667" HPOS="2080" CONTENT="ex"/>
               </TextLine>
               <TextLine ID="r2l45"
                         BASELINE="2789"
                         HEIGHT="75"
                         WIDTH="1644"
                         VPOS="2714"
                         HPOS="523">
                  <String HEIGHT="75"
                          WIDTH="153"
                          VPOS="2714"
                          HPOS="501"
                          CONTENT="qua"/>
                  <SP HEIGHT="75" WIDTH="22" VPOS="2714" HPOS="655"/>
                  <String HEIGHT="75"
                          WIDTH="263"
                          VPOS="2714"
                          HPOS="589"
                          CONTENT="coloniae"/>
                  <SP HEIGHT="75" WIDTH="22" VPOS="2714" HPOS="852"/>
                  <String HEIGHT="75"
                          WIDTH="285"
                          VPOS="2714"
                          HPOS="786"
                          CONTENT="deductae."/>
                  <SP HEIGHT="75" WIDTH="22" VPOS="2714" HPOS="1071"/>
                  <String HEIGHT="75"
                          WIDTH="175"
                          VPOS="2714"
                          HPOS="1005"
                          CONTENT="Vnde"/>
                  <SP HEIGHT="75" WIDTH="22" VPOS="2714" HPOS="1181"/>
                  <String HEIGHT="75"
                          WIDTH="395"
                          VPOS="2714"
                          HPOS="1115"
                          CONTENT="metropolitanus"/>
                  <SP HEIGHT="75" WIDTH="22" VPOS="2714" HPOS="1509"/>
                  <String HEIGHT="75"
                          WIDTH="285"
                          VPOS="2714"
                          HPOS="1444"
                          CONTENT="episcopus"/>
                  <SP HEIGHT="75" WIDTH="22" VPOS="2714" HPOS="1729"/>
                  <String HEIGHT="75"
                          WIDTH="307"
                          VPOS="2714"
                          HPOS="1663"
                          CONTENT="nominatur,"/>
                  <SP HEIGHT="75" WIDTH="22" VPOS="2714" HPOS="1970"/>
                  <String HEIGHT="75"
                          WIDTH="153"
                          VPOS="2714"
                          HPOS="1904"
                          CONTENT="qui"/>
                  <SP HEIGHT="75" WIDTH="22" VPOS="2714" HPOS="2057"/>
                  <String HEIGHT="75"
                          WIDTH="197"
                          VPOS="2714"
                          HPOS="1970"
                          CONTENT="prouin"
                          SUBS_TYPE="HypPart1"
                          SUBS_CONTENT="prouinciae"/>
                  <HYP CONTENT="-"/>
               </TextLine>
               <TextLine ID="r2l46"
                         BASELINE="2851"
                         HEIGHT="68"
                         WIDTH="1653"
                         VPOS="2783"
                         HPOS="526">
                  <String HEIGHT="68"
                          WIDTH="161"
                          VPOS="2783"
                          HPOS="506"
                          CONTENT="ciae"
                          SUBS_TYPE="HypPart2"
                          SUBS_CONTENT="prouinciae"/>
                  <SP HEIGHT="68" WIDTH="20" VPOS="2783" HPOS="667"/>
                  <String HEIGHT="68"
                          WIDTH="202"
                          VPOS="2783"
                          HPOS="607"
                          CONTENT="alicui"/>
                  <SP HEIGHT="68" WIDTH="20" VPOS="2783" HPOS="808"/>
                  <String HEIGHT="68"
                          WIDTH="242"
                          VPOS="2783"
                          HPOS="748"
                          CONTENT="praeest,"/>
                  <SP HEIGHT="68" WIDTH="20" VPOS="2783" HPOS="990"/>
                  <String HEIGHT="68"
                          WIDTH="242"
                          VPOS="2783"
                          HPOS="929"
                          CONTENT="aliosque"/>
                  <SP HEIGHT="68" WIDTH="20" VPOS="2783" HPOS="1171"/>
                  <String HEIGHT="68"
                          WIDTH="161"
                          VPOS="2783"
                          HPOS="1111"
                          CONTENT="sibi"/>
                  <SP HEIGHT="68" WIDTH="20" VPOS="2783" HPOS="1272"/>
                  <String HEIGHT="68"
                          WIDTH="262"
                          VPOS="2783"
                          HPOS="1211"
                          CONTENT="subiectos"/>
                  <SP HEIGHT="68" WIDTH="20" VPOS="2783" HPOS="1473"/>
                  <String HEIGHT="68"
                          WIDTH="181"
                          VPOS="2783"
                          HPOS="1413"
                          CONTENT="habet"/>
                  <SP HEIGHT="68" WIDTH="20" VPOS="2783" HPOS="1594"/>
                  <String HEIGHT="68"
                          WIDTH="282"
                          VPOS="2783"
                          HPOS="1534"
                          CONTENT="episcopos."/>
                  <SP HEIGHT="68" WIDTH="20" VPOS="2783" HPOS="1816"/>
                  <String HEIGHT="68"
                          WIDTH="121"
                          VPOS="2783"
                          HPOS="1756"
                          CONTENT="Hi"/>
                  <SP HEIGHT="68" WIDTH="20" VPOS="2783" HPOS="1877"/>
                  <String HEIGHT="68"
                          WIDTH="161"
                          VPOS="2783"
                          HPOS="1816"
                          CONTENT="uero"/>
                  <SP HEIGHT="68" WIDTH="20" VPOS="2783" HPOS="1977"/>
                  <String HEIGHT="68" WIDTH="101" VPOS="2783" HPOS="1917" CONTENT="&amp;"/>
                  <SP HEIGHT="68" WIDTH="20" VPOS="2783" HPOS="2018"/>
                  <String HEIGHT="68"
                          WIDTH="242"
                          VPOS="2783"
                          HPOS="1937"
                          CONTENT="pontifices"/>
               </TextLine>
               <TextLine ID="r2l47"
                         BASELINE="2887"
                         HEIGHT="58"
                         WIDTH="1642"
                         VPOS="2829"
                         HPOS="528">
                  <String HEIGHT="58" WIDTH="101" VPOS="2829" HPOS="508" CONTENT="&amp;"/>
                  <SP HEIGHT="58" WIDTH="20" VPOS="2829" HPOS="609"/>
                  <String HEIGHT="58"
                          WIDTH="284"
                          VPOS="2829"
                          HPOS="548"
                          CONTENT="antistites"/>
                  <SP HEIGHT="58" WIDTH="20" VPOS="2829" HPOS="832"/>
                  <String HEIGHT="58" WIDTH="101" VPOS="2829" HPOS="771" CONTENT="&amp;"/>
                  <SP HEIGHT="58" WIDTH="20" VPOS="2829" HPOS="873"/>
                  <String HEIGHT="58"
                          WIDTH="264"
                          VPOS="2829"
                          HPOS="812"
                          CONTENT="praesules"/>
                  <SP HEIGHT="58" WIDTH="20" VPOS="2829" HPOS="1075"/>
                  <String HEIGHT="58"
                          WIDTH="324"
                          VPOS="2829"
                          HPOS="1015"
                          CONTENT="appellantur."/>
                  <SP HEIGHT="58" WIDTH="20" VPOS="2829" HPOS="1339"/>
                  <String HEIGHT="58"
                          WIDTH="122"
                          VPOS="2829"
                          HPOS="1278"
                          CONTENT="Si"/>
                  <SP HEIGHT="58" WIDTH="20" VPOS="2829" HPOS="1400"/>
                  <String HEIGHT="58"
                          WIDTH="162"
                          VPOS="2829"
                          HPOS="1339"
                          CONTENT="uero"/>
                  <SP HEIGHT="58" WIDTH="20" VPOS="2829" HPOS="1501"/>
                  <String HEIGHT="58"
                          WIDTH="162"
                          VPOS="2829"
                          HPOS="1440"
                          CONTENT="haec"/>
                  <SP HEIGHT="58" WIDTH="20" VPOS="2829" HPOS="1602"/>
                  <String HEIGHT="58"
                          WIDTH="182"
                          VPOS="2829"
                          HPOS="1542"
                          CONTENT="omnia"/>
                  <SP HEIGHT="58" WIDTH="20" VPOS="2829" HPOS="1724"/>
                  <String HEIGHT="58"
                          WIDTH="243"
                          VPOS="2829"
                          HPOS="1663"
                          CONTENT="conferas"/>
                  <SP HEIGHT="58" WIDTH="20" VPOS="2829" HPOS="1906"/>
                  <String HEIGHT="58"
                          WIDTH="142"
                          VPOS="2829"
                          HPOS="1846"
                          CONTENT="cum"/>
                  <SP HEIGHT="58" WIDTH="20" VPOS="2829" HPOS="1988"/>
                  <String HEIGHT="58"
                          WIDTH="142"
                          VPOS="2829"
                          HPOS="1927"
                          CONTENT="ijs"/>
                  <SP HEIGHT="58" WIDTH="20" VPOS="2829" HPOS="2069"/>
                  <String HEIGHT="58"
                          WIDTH="162"
                          VPOS="2829"
                          HPOS="2008"
                          CONTENT="quae"/>
                  <SP HEIGHT="58" WIDTH="20" VPOS="2829" HPOS="2170"/>
                  <String HEIGHT="58" WIDTH="81" VPOS="2829" HPOS="2089" CONTENT="an"/>
               </TextLine>
               <TextLine ID="r2l48"
                         BASELINE="2948"
                         HEIGHT="63"
                         WIDTH="1662"
                         VPOS="2885"
                         HPOS="523">
                  <String HEIGHT="63"
                          WIDTH="142"
                          VPOS="2885"
                          HPOS="503"
                          CONTENT="tea"/>
                  <SP HEIGHT="63" WIDTH="20" VPOS="2885" HPOS="645"/>
                  <String HEIGHT="63"
                          WIDTH="162"
                          VPOS="2885"
                          HPOS="584"
                          CONTENT="dixi"/>
                  <SP HEIGHT="63" WIDTH="20" VPOS="2885" HPOS="746"/>
                  <String HEIGHT="63" WIDTH="122" VPOS="2885" HPOS="685" CONTENT="de"/>
                  <SP HEIGHT="63" WIDTH="20" VPOS="2885" HPOS="807"/>
                  <String HEIGHT="63"
                          WIDTH="284"
                          VPOS="2885"
                          HPOS="746"
                          CONTENT="primitiuae"/>
                  <SP HEIGHT="63" WIDTH="20" VPOS="2885" HPOS="1030"/>
                  <String HEIGHT="63"
                          WIDTH="263"
                          VPOS="2885"
                          HPOS="969"
                          CONTENT="ecclesiae"/>
                  <SP HEIGHT="63" WIDTH="20" VPOS="2885" HPOS="1232"/>
                  <String HEIGHT="63"
                          WIDTH="263"
                          VPOS="2885"
                          HPOS="1172"
                          CONTENT="episcopis"/>
                  <SP HEIGHT="63" WIDTH="20" VPOS="2885" HPOS="1435"/>
                  <String HEIGHT="63" WIDTH="101" VPOS="2885" HPOS="1374" CONTENT="&amp;"/>
                  <SP HEIGHT="63" WIDTH="20" VPOS="2885" HPOS="1476"/>
                  <String HEIGHT="63"
                          WIDTH="385"
                          VPOS="2885"
                          HPOS="1415"
                          CONTENT="gubernatoribus,"/>
                  <SP HEIGHT="63" WIDTH="20" VPOS="2885" HPOS="1800"/>
                  <String HEIGHT="63"
                          WIDTH="324"
                          VPOS="2885"
                          HPOS="1739"
                          CONTENT="diuersissima"/>
                  <SP HEIGHT="63" WIDTH="20" VPOS="2885" HPOS="2063"/>
                  <String HEIGHT="63"
                          WIDTH="182"
                          VPOS="2885"
                          HPOS="2003"
                          CONTENT="inter"/>
                  <SP HEIGHT="63" WIDTH="20" VPOS="2885" HPOS="2185"/>
                  <String HEIGHT="63" WIDTH="81" VPOS="2885" HPOS="2104" CONTENT="se"/>
               </TextLine>
               <TextLine ID="r2l49"
                         BASELINE="3030"
                         HEIGHT="94"
                         WIDTH="224"
                         VPOS="2936"
                         HPOS="513">
                  <String HEIGHT="94"
                          WIDTH="163"
                          VPOS="2936"
                          HPOS="493"
                          CONTENT="esse"/>
                  <SP HEIGHT="94" WIDTH="20" VPOS="2936" HPOS="656"/>
                  <String HEIGHT="94"
                          WIDTH="163"
                          VPOS="2936"
                          HPOS="574"
                          CONTENT="dices."/>
               </TextLine>
            </TextBlock>
         </PrintSpace>
      </Page>
   </Layout>
</alto>
