2288 3632
92 232 165 101 quid
195 232 124 101 in
257 232 288 101 lustiniani
484 232 247 101 lmperat.
669 232 226 101 Nouell.
834 232 288 101 Constitut.
1039 232 124 101 123.

190 307 220 92 Quibus
344 307 198 92 autem
476 307 242 92 uidetur
653 307 198 92 omnem
785 307 286 92 ordinandi
1005 307 286 92 ministros
1225 307 308 92 potestatem
1468 307 176 92 esse
1578 307 198 92 penes
1688 307 88 92 e-

86 373 235 70 piscopos
263 373 314 70 diocoesanos,
518 373 137 70 uel
596 373 373 70 archiepiscopos,
910 373 137 70 his
989 373 216 70 utuntur
1145 373 177 70 locis
1263 373 294 70 scripturae,
1498 373 157 70 Ideo
1596 373 216 70 reliqui

85 429 122 76 te
146 429 122 76 in
207 429 203 76 Creta,
349 429 142 76 ait
430 429 122 76 ad
491 429 183 76 Titum
614 429 224 76 Paulus,
776 429 122 76 ut
837 429 285 76 constituas
1061 429 264 76 oppidatim
1264 429 325 76 presbyteros.
1529 429 122 76 Et
1590 429 224 76 iterum,

89 474 168 79 Vide
194 474 126 79 ne
257 474 147 79 cui
341 474 168 79 cito
446 474 189 79 manum
573 474 315 79 imposueris.
825 474 147 79 Nos
909 474 168 79 uero
1014 474 231 79 dicimus
1182 474 273 79 apostolos
1393 474 126 79 in
1456 474 273 79 ecclesijs
1666 474 147 79 non

78 530 289 93 exercuisse
305 530 309 93 tyrannidem,
553 530 103 93 &
594 530 289 93 electionis
821 530 144 93 uel
904 530 330 93 ordinationis
1172 530 186 93 omnia
1296 530 186 93 solos
1419 530 289 93 peregisse,
1626 530 144 93 exclu

84 584 139 102 sis
164 584 179 102 alijs
283 584 119 102 in
342 584 238 102 ecclesia
521 584 278 102 hominibus.
739 584 238 102 Crearunt
917 584 159 102 enim
1016 584 238 102 apostoli
1195 584 218 102 Christi
1354 584 258 102 episcopos
1552 584 139 102 uel
1611 584 159 102 presby

83 645 179 94 teros
203 645 119 94 in
262 645 259 94 ecclesia,
461 645 139 94 sed
541 645 299 94 communicato
780 645 139 94 cum
860 645 259 94 ecclesijs
1059 645 259 94 consilio,
1258 645 219 94 adeoque
1417 645 119 94 ex
1477 645 199 94 populi
1597 645 159 94 consen

80 697 128 88 su
144 697 106 88 &
186 697 361 88 approbatione.
484 697 128 88 Id
547 697 170 88 quod
654 697 213 88 claret
802 697 128 88 ex
866 697 276 88 electione
1079 697 149 88 seu
1164 697 319 88 ordinatione
1419 697 276 88 Matthiae,
1631 697 170 88 quam

84 757 149 68 iam
169 757 192 68 semel
297 757 106 68 &
339 757 213 68 iterum
488 757 298 68 citauimus.
723 757 192 68 Dixit
850 757 170 68 sane
957 757 128 68 in
1021 757 170 68 lege
1127 757 170 68 Mosi
1234 757 256 68 dominus,
1425 757 234 68 ludices
1574 757 192 68 consti-

81 808 164 88 tues
184 808 185 88 tibi.
307 808 185 88 Verum
430 808 185 88 alibi
553 808 185 88 idem,
677 808 287 88 Prouidebis
902 808 123 88 ex
964 808 164 88 omni
1066 808 226 88 populo,
1231 808 164 88 ait,
1333 808 164 88 quos
1436 808 308 88 praeficias.
1682 808 123 88 Et

74 876 211 87 rursus
222 876 190 87 Moses
348 876 127 87 ad
412 876 190 87 ipsum
538 876 253 87 populum,
728 876 169 87 Date
834 876 127 87 ex
897 876 211 87 uobis,
1045 876 211 87 inquit
1192 876 295 87 sapientes,
1424 876 148 87 qui
1488 876 274 87 praefician-

72 932 171 88 tur,
179 932 150 88 &c.
264 932 321 88 Quemadmodum
522 932 171 88 ergo
629 932 193 88 Moses
757 932 236 88 proprio
929 932 257 88 arbitrio
1122 932 193 88 nihil
1250 932 171 88 egit
1357 932 129 88 in
1422 932 279 88 electione
1614 932 129 88 magi

77 980 242 96 stratus,
258 980 182 96 licet
380 980 262 96 audisset,
581 980 222 96 ludices
743 980 283 96 constitues
965 980 161 96 tibi
1066 980 101 96 :
1106 980 141 96 sed
1187 980 182 96 omnia
1308 980 303 96 communicato
1550 980 141 96 cum
1611 980 141 96 plebe

79 1041 277 91 consilio.
292 1041 149 91 Ita
377 1041 171 91 haud
484 1041 192 91 dubie
612 1041 213 91 beatus
761 1041 213 91 Titus,
910 1041 235 91 quamuis
1081 1041 277 91 audisset,
1294 1041 299 91 Constitues
1507 1041 235 91 oppidatim

76 1105 322 86 presbyteros,
337 1105 282 86 intellexit
559 1105 181 86 tamen
680 1105 161 86 sibi
780 1105 141 86 hic
861 1105 181 86 nihil
981 1105 262 86 permissum
1183 1105 302 86 inconsultis
1424 1105 282 86 ecclesijs,
1625 1105 121 86 quod

76 1157 162 87 ipsi
177 1157 243 87 priuatim
359 1157 182 87 uisum
481 1157 182 87 esset
602 1157 202 87 agere.
744 1157 223 87 Proinde
906 1157 182 87 nihil
1027 1157 243 87 peccant,
1210 1157 142 87 qui
1291 1157 223 87 excusso
1453 1157 162 87 iugo
1554 1157 101 87 &
1574 1157 162 87 tyran-

76 1215 170 64 nide
182 1215 319 64 Romanensium
437 1215 340 64 episcoporum,
714 1215 149 64 ius
799 1215 191 64 illud
927 1215 277 64 pristinum
1139 1215 106 64 a
1182 1215 234 64 Christo
1352 1215 298 64 concessum,
1565 1215 170 64 eccle-

67 1262 179 89 sijs,
186 1262 278 89 rationibus
405 1262 199 89 iustis
545 1262 99 89 &
584 1262 219 89 aequis,
743 1262 298 89 recuperant.
982 1262 179 89 Neque
1101 1262 219 89 admodum
1261 1262 199 89 refert
1400 1262 239 89 ordinent
1559 1262 179 89 idoneos

70 1328 257 81 ministros,
272 1328 129 81 uel
345 1328 202 81 delecti
492 1328 147 81 uiri
584 1328 184 81 graues
712 1328 110 81 ab
768 1328 239 81 ecclesia,
951 1328 129 81 uel
1025 1328 147 81 ipsa
1117 1328 220 81 ecclesia
1282 1328 165 81 tota,
1392 1328 165 81 idque
1502 1328 129 81 uel
1576 1328 129 81 per
1631 1328 110 81 suf-

74 1371 219 96 fragia,
233 1371 139 96 uel
313 1371 139 96 per
393 1371 219 96 sortes,
552 1371 139 96 uel
631 1371 159 96 alia
731 1371 199 96 aliqua
870 1371 219 96 ratione
1029 1371 219 96 commoda
1189 1371 100 96 &
1228 1371 219 96 sancta.
1388 1371 119 96 In
1447 1371 139 96 his
1527 1371 159 96 enim
1626 1371 139 96 non

76 1437 242 77 rixatur
252 1437 242 77 pietas,
428 1437 176 77 modo
538 1437 198 77 omnia
670 1437 220 77 sancte
824 1437 110 77 &
868 1437 264 77 secundum
1066 1437 242 77 ordinem
1242 1437 220 77 fiant.
1396 1437 176 77 Nolo
1506 1437 198 77 autem
1616 1437 110 77 hic

63 1485 311 85 commemorare
312 1485 208 85 artes,
458 1485 249 85 insidias
645 1485 104 85 &
686 1485 208 85 grauia
831 1485 187 85 bella
956 1485 228 85 propter
1122 1485 145 85 hoc
1205 1485 270 85 ordinandi
1413 1485 145 85 ius
1496 1485 187 85 gesta
1599 1485 125 85 mul-

67 1549 127 90 to
130 1549 149 90 cum
215 1549 255 90 sanguine
406 1549 106 90 &
449 1549 255 90 regionum
640 1549 297 90 direptione
873 1549 127 90 ac
937 1549 276 90 incendijs
1149 1549 382 90 funestissimis.
1467 1549 276 90 Historiae
1658 1549 85 90 de

64 1600 183 91 rebus
186 1600 264 91 Heinrychi
389 1600 122 91 4.
450 1600 102 91 &
491 1600 122 91 5.
552 1600 163 91 item
654 1600 122 91 de
715 1600 183 91 rebus
837 1600 346 91 Friderychorum
1122 1600 183 91 satis
1244 1600 203 91 aperte
1386 1600 285 91 testantur,
1610 1600 163 91 quam

76 1654 299 87 impudenter
311 1654 107 87 &
353 1654 256 87 nepharie
545 1654 128 87 se
609 1654 149 87 cum
695 1654 299 87 coniuratis
930 1654 171 87 suis
1036 1654 278 87 episcopis
1250 1654 278 87 gesserint
1463 1654 214 87 Romani
1592 1654 149 87 prae-

75 1708 192 80 sules.
209 1708 250 80 Fortassis
401 1708 211 80 dabitur
555 1708 211 80 occasio
708 1708 134 80 hac
785 1708 115 80 de
843 1708 115 80 re
900 1708 173 80 alibi
1015 1708 250 80 copiosius
1188 1708 192 80 dicendi.

153 1765 177 95 Nunc
264 1765 398 95 commemorabimus
595 1765 221 95 quales
750 1765 266 95 oporteat
949 1765 288 95 ordinare,
1171 1765 221 95 utique
1326 1765 155 95 non
1414 1765 310 95 quoslibet,
1635 1765 111 95 sed

71 1817 358 96 selectissimos,
370 1817 179 96 uiros
489 1817 299 96 religiosos,
728 1817 319 96 facultatibus
987 1817 259 96 omnigenis
1186 1817 299 96 instructos,
1425 1817 299 96 exercitatos
1664 1817 119 96 in

59 1877 288 94 scripturis,
289 1877 230 94 tenentes
461 1877 249 94 mysterium
653 1877 192 94 fidei,
787 1877 192 94 fortes
922 1877 96 94 &
960 1877 288 94 constantes,
1190 1877 230 94 sedulos,
1363 1877 288 94 laboriosos,
1593 1877 173 94 dili

67 1928 210 104 gentes,
219 1928 229 104 fideles,
391 1928 229 104 uigiles,
562 1928 267 104 moderatos,
772 1928 229 104 uitaeque
944 1928 210 104 sanctae
1096 1928 95 104 &
1134 1928 248 104 probatae,
1325 1928 114 104 ne
1382 1928 210 104 propter
1515 1928 210 104 corrupte-

53 1992 154 89 lam
141 1992 198 89 uitae
273 1992 110 89 &
317 1992 198 89 famam
449 1992 198 89 parum
581 1992 264 89 integram
779 1992 198 89 totum
912 1992 264 89 uilescat
1110 1992 352 89 ministerium,
1396 1992 110 89 &
1440 1992 176 89 quod
1550 1992 176 89 sana
1638 1992 88 89 do

54 2044 215 87 ctrina
204 2044 343 87 extruxerunt,
483 2044 193 87 praua
611 2044 172 87 uita
719 2044 215 87 rursus
869 2044 279 87 subruand.
1083 2044 236 87 Canonem
1255 2044 322 87 apostolicum
1491 2044 236 87 recitabi-

57 2112 170 69 mus,
163 2112 192 69 omnia
291 2112 192 69 huius
419 2112 234 69 negotij
589 2112 298 69 plenissime
823 2112 383 69 complectentem.
1142 2112 298 69 Constitues
1376 2112 319 69 presbyteros
1610 2112 128 69 siue

57 2157 273 82 episcopos,
272 2157 215 82 inquit,
428 2157 117 82 si
487 2157 156 82 quis
584 2157 137 82 est
663 2157 293 82 inculpatus,
897 2157 176 82 unius
1014 2157 195 82 uxoris
1150 2157 156 82 uir,
1248 2157 215 82 liberos
1404 2157 195 82 habens
1541 2157 234 82 fideles,

50 2221 143 95 non
131 2221 245 95 obnoxios
315 2221 224 95 crimini
478 2221 204 95 luxus,
621 2221 143 95 aut
702 2221 143 95 qui
784 2221 143 95 non
865 2221 163 95 sint
967 2221 367 95 intractabiles.
1273 2221 163 95 Quod
1375 2221 122 95 si
1436 2221 163 95 quis
1518 2221 204 95 propriae

52 2279 193 83 domui
180 2279 257 83 praeesse
373 2279 150 83 non
458 2279 214 83 nouit,
608 2279 235 83 quomodo
779 2279 278 83 ecclesiam
993 2279 150 83 dei
1079 2279 257 83 curabit:
1272 2279 235 83 Oportet
1443 2279 171 83 enim
1528 2279 193 83 episco-

46 2322 146 103 pum
130 2322 292 103 inculpatum
359 2322 188 103 esse,
484 2322 229 103 tanquam
650 2322 146 103 dei
734 2322 354 103 dispensatorem
1026 2322 208 103 (illud
1171 2322 188 103 autem
1296 2322 292 103 requiritur
1526 2322 125 103 in
1567 2322 167 103 dispen

56 2384 287 99 satoribus,
281 2384 123 99 ut
343 2384 185 99 fidus
466 2384 226 99 aliquis
630 2384 308 99 reperiatur)
876 2384 144 99 non
958 2384 328 99 praefractum,
1224 2384 144 99 non
1306 2384 287 99 iracundum,
1532 2384 144 99 non
1593 2384 123 99 per-

53 2446 272 78 cussorem,
262 2446 146 78 sed
346 2446 230 78 aequum,
513 2446 230 78 alienum
680 2446 105 78 a
722 2446 230 78 pugnis,
890 2446 146 78 non
973 2446 251 78 uinosum,
1161 2446 230 78 alienum
1329 2446 125 78 ab
1391 2446 272 78 auaritia,
1600 2446 146 78 non

54 2502 191 82 turpi
181 2502 191 82 lucro
309 2502 255 82 deditum,
500 2502 149 82 sed
585 2502 319 82 hospitalem,
840 2502 234 82 bonarum
1010 2502 191 82 rerum
1138 2502 298 82 studiosum,
1372 2502 319 82 uigilantem,
1606 2502 106 82 so-

45 2547 229 93 brium,
205 2547 252 93 iustum,
388 2547 206 93 pium,
526 2547 366 93 temperantem,
823 2547 297 93 modestum,
1052 2547 206 93 aptum
1189 2547 137 93 ad
1258 2547 297 93 docendum,
1486 2547 114 93 &
1509 2547 206 93 tenacem

43 2611 165 92 eius
146 2611 144 92 qui
229 2611 247 92 secundum
414 2611 267 92 doctrinam
620 2611 165 92 est,
722 2611 226 92 fidelis
887 2611 267 92 sermonis,
1093 2611 123 92 ut
1154 2611 206 92 potens
1299 2611 144 92 sit
1381 2611 185 92 etiam
1484 2611 226 92 exhortari

49 2669 149 78 per
134 2669 276 78 doctrinam
346 2669 212 78 sanam,
495 2669 106 78 &
537 2669 382 78 contradicentes
856 2669 319 78 conuincere,
1110 2669 127 78 ac
1174 2669 149 78 ijs
1259 2669 255 78 obdurare
1450 2669 149 78 os.
1535 2669 149 78 Non
1599 2669 106 78 no-

47 2727 229 76 uitium,
214 2727 125 76 ne
276 2727 250 76 inssatus
464 2727 125 76 in
526 2727 375 76 condemnationem
839 2727 229 76 incidat
1006 2727 375 76 calumniatoris.
1318 2727 229 76 Oportet
1485 2727 188 76 autem
1589 2727 104 76 il-

39 2768 151 101 lum
126 2768 108 101 &
169 2768 194 101 bonum
299 2768 216 101 habere
450 2768 324 101 testimonium
709 2768 130 101 ab
774 2768 302 101 extraneis,
1011 2768 130 101 ne
1076 2768 130 101 in
1141 2768 238 101 probrum
1313 2768 238 101 incidat
1486 2768 108 101 &
1508 2768 194 101 laqueum

36 2830 382 88 calumniatoris.
354 2830 170 88 Haec
460 2830 191 88 omnia
587 2830 170 88 sunt
694 2830 255 88 apostoli
885 2830 191 88 uerba
1012 2830 127 88 ex
1075 2830 212 88 epist,
1224 2830 212 88 priore
1373 2830 127 88 ad
1436 2830 233 88 Timoth,
1606 2830 106 88 &
1627 2830 85 88 ea

39 2892 154 78 quae
135 2892 116 78 ad
193 2892 174 78 Titum
309 2892 212 78 scripta
463 2892 154 78 est,
540 2892 212 78 recitata.
