2288 3632
480 321 164 83 Vnde
582 321 184 83 illud
704 321 143 83 iam
786 321 327 83 concludimus,
1052 321 286 83 praecipuum
1277 321 245 83 pastoris
1461 321 347 83 ecclesiastici
1747 321 245 83 officium
1931 321 184 83 esse,
2033 321 143 83 illas

506 387 179 79 ipsas
625 387 218 79 claues,
784 387 159 79 quas
883 387 218 79 dominus
1042 387 258 79 apostolis
1240 387 258 79 tradidit,
1439 387 99 79 &
1478 387 139 79 non
1558 387 218 79 alienas
1717 387 258 79 usurpare:
1915 387 139 79 hoc
1994 387 159 79 est,
2074 387 99 79 so-

494 452 148 72 lum
578 452 105 72 &
620 452 190 72 purum
747 452 211 72 uerbum
895 452 148 72 dei
979 452 316 72 praedicare,
1232 452 190 72 neque
1359 452 232 72 aliunde
1527 452 169 72 quam
1633 452 127 72 ex
1696 452 169 72 ipso
1801 452 190 72 uerbo
1928 452 148 72 dei
1991 452 190 72 doctri-

501 499 147 76 nam
585 499 232 76 petere.
754 499 147 76 Est
838 499 168 76 enim
943 499 253 76 perpetua
1132 499 400 76 inuiolabilisque
1469 499 147 76 lex
1553 499 189 76 hodie
1680 499 232 76 nostris
1848 499 211 76 quoque
1974 499 211 76 imposita

508 556 298 82 pastoribus,
747 556 159 82 quae
846 556 219 82 legitur
1005 556 239 82 imposita
1184 556 199 82 fuisse
1324 556 179 82 etiam
1443 556 338 82 uetustissimis
1721 556 259 82 ecclesiae
1901 556 278 82 gubernatori-

501 617 175 70 bus,
610 617 175 70 ipso
719 617 218 70 domino
872 617 305 70 attestante
1112 617 175 70 apud
1221 617 305 70 Malachiam,
1461 617 131 70 ac
1527 617 262 70 dicente,
1723 617 218 70 Foedus
1876 617 175 70 meum
1985 617 175 70 fuit
2072 617 109 70 cum

495 669 169 80 Leui
601 669 190 80 uitae
728 669 106 80 &
770 669 212 80 pacis,
918 669 106 80 &
960 669 169 80 dedi
1066 669 127 80 ei
1129 669 254 80 timorem,
1320 669 106 80 &
1362 669 212 80 timuit
1510 669 148 80 me,
1595 669 106 80 &
1637 669 106 80 a
1679 669 190 80 facie
1806 669 233 80 nominis
1975 669 148 80 mei
2039 669 148 80 expa-

504 730 153 69 uit.
599 730 134 69 Lex
676 730 248 69 ueritatis
867 730 153 69 fuit
963 730 115 69 in
1020 730 134 69 ore
1096 730 172 69 eius,
1211 730 96 69 &
1249 730 248 69 iniquitas
1441 730 134 69 non
1517 730 134 69 est
1593 730 210 69 inuenta
1746 730 115 69 in
1804 730 191 69 labijs
1938 730 172 69 eius.
2052 730 115 69 In
2090 730 96 69 pa-

495 781 127 70 ce
558 781 106 70 &
601 781 317 70 rectitudine
855 781 275 70 ambulauit
1066 781 212 70 mecum,
1214 781 254 70 multosqe
1405 781 127 70 ab
1468 781 296 70 iniquitate
1701 781 254 70 auertit.
1892 781 190 70 Labia
2019 781 169 70 enim
2103 781 85 70 sa

508 837 247 74 cerdotis
694 837 288 74 custodient
920 837 288 74 scientiam,
1147 837 103 74 &
1188 837 185 74 legem
1311 837 268 74 requirent
1517 837 124 74 ex
1579 837 144 74 ore
1661 837 185 74 eius:
1785 837 165 74 quia
1888 837 226 74 angelus
2032 837 144 74 domi-

500 903 130 64 ni
565 903 303 64 exercituum
803 903 173 64 est,
911 903 216 64 Rursus
1063 903 281 64 Ezechieli
1279 903 195 64 dicit
1409 903 260 64 dominus,
1604 903 216 64 Audies
1755 903 130 64 ex
1820 903 151 64 ore
1907 903 151 64 meo
1993 903 238 64 uerbum,

510 953 111 72 &
554 953 334 72 annunciabis
821 953 178 72 eis.
933 953 178 72 Apud
1044 953 267 72 Ieremiam
1244 953 200 72 dicit
1378 953 267 72 dominus,
1578 953 267 72 Propheta
1778 953 178 72 apud
1890 953 178 72 quem
2001 953 156 72 est
2068 953 111 72 som

496 1002 212 73 nium,
638 1002 236 73 narret
803 1002 283 73 somnium:
1015 1002 118 73 &
1062 1002 165 73 qui
1157 1002 212 73 habet
1298 1002 236 73 uerbum
1463 1002 212 73 meum,
1605 1002 283 73 loquatur
1817 1002 236 73 uerbum
1982 1002 212 73 meum.
2100 1002 94 73 Di

508 1068 247 69 stinguit
694 1068 226 69 diserte
858 1068 185 69 inter
982 1068 206 69 diuina
1126 1068 103 69 &
1167 1068 226 69 humana,
1332 1068 185 69 inter
1455 1068 123 69 ea
1517 1068 144 69 qua
1599 1068 123 69 ex
1661 1068 144 69 dei
1743 1068 185 69 uerbo
1867 1068 185 69 sunt,
1990 1068 103 69 &
2031 1068 123 69 ea
2073 1068 123 69 quae

504 1118 238 81 hominum
677 1118 281 81 electione
894 1118 303 81 finguntur,
1131 1118 173 81 quae
1240 1118 151 81 uti
1326 1118 238 81 incerta
1499 1118 108 81 &
1542 1118 216 81 somnia
1694 1118 259 81 omittere
1888 1118 216 81 iubet.
2040 1118 151 81 Mox
2105 1118 86 81 e-

510 1171 149 76 nim
595 1171 297 76 subiungit,
828 1171 127 76 An
892 1171 149 76 non
977 1171 212 76 uerbum
1125 1171 170 76 meum
1231 1171 149 76 est
1316 1171 191 76 sicut
1443 1171 212 76 ignis,
1592 1171 191 76 dicit
1719 1171 255 76 dominus,
1910 1171 106 76 &
1953 1171 191 76 sicut
2059 1171 127 76 mal-

506 1227 177 80 leus
616 1227 288 80 conterens
838 1227 243 80 petram?
1015 1227 133 80 Et
1081 1227 243 80 iterum,
1258 1227 133 80 Ne
1324 1227 310 80 audieritis
1568 1227 199 80 uerba
1700 1227 332 80 prophetarum
1966 1227 155 80 qui
2032 1227 155 80 uobis

509 1299 315 70 prophetant:
761 1299 273 70 decipiunt
970 1299 168 70 uos,
1075 1299 252 70 uisionem
1264 1299 210 70 cordis
1411 1299 147 70 sui
1495 1299 294 70 loquuntur,
1726 1299 147 70 non
1809 1299 126 70 ex
1872 1299 147 70 ore
1956 1299 231 70 domini.
2103 1299 84 70 Om

507 1343 142 74 nes
588 1343 202 74 itaque
729 1343 162 74 ueri
830 1343 142 74 dei
911 1343 263 74 prophetae
1114 1343 121 74 id
1174 1343 243 74 continuo
1357 1343 121 74 in
1417 1343 142 74 ore
1498 1343 223 74 habent.
1660 1343 162 74 Haec
1761 1343 182 74 dicit
1883 1343 243 74 dominus,
2065 1343 121 74 Os
2105 1343 81 74 do

518 1399 162 73 mini
619 1399 223 73 locutum
781 1399 162 73 est.
883 1399 223 73 Proinde
1045 1399 183 73 nihil
1167 1399 223 73 alienum
1329 1399 101 73 a
1370 1399 183 73 uerbo
1491 1399 142 73 dei
1572 1399 304 73 tradiderunt
1816 1399 223 73 populo.
1978 1399 162 73 Erat
2059 1399 142 73 scri-

519 1467 178 72 ptura
638 1467 198 72 quoque
777 1467 198 72 populo
915 1467 218 72 ueteri.
1073 1467 119 72 Et
1133 1467 257 72 prophetae
1331 1467 178 72 nihil
1450 1467 178 72 aliud
1568 1467 178 72 erant
1687 1467 158 72 quam
1786 1467 297 72 interpretes
2024 1467 198 72 legis,

507 1521 329 59 applicantes
770 1521 175 59 hanc
880 1521 197 59 loco,
1011 1521 263 59 tempori,
1208 1521 197 59 rebus
1340 1521 110 59 &
1383 1521 285 59 personis.
1602 1521 153 59 Sed
1690 1521 110 59 &
1734 1521 241 59 dominus
1909 1521 219 59 noster
2041 1521 153 59 Iesus

520 1577 243 61 Christus
702 1577 142 61 non
783 1577 182 61 semel
905 1577 182 61 dicit
1026 1577 263 61 doctrinam
1229 1577 162 61 suam
1330 1577 142 61 non
1412 1577 162 61 esse
1513 1577 182 61 suam,
1634 1577 142 61 sed
1716 1577 223 61 patris.
1878 1577 122 61 Id
1939 1577 122 61 si
1999 1577 122 61 ad
2040 1577 162 61 uerbum

514 1633 298 62 intelligas,
753 1633 159 62 haud
852 1633 159 62 scio
952 1633 119 62 an
1011 1633 219 62 aliquid
1170 1633 179 62 magis
1289 1633 239 62 absurdum
1468 1633 159 62 dici
1568 1633 219 62 possit.
1727 1633 278 62 Intelligit
1946 1633 159 62 ergo
2025 1633 179 62 dominus

526 1680 281 67 doctrinam
743 1680 173 67 suam
851 1680 151 67 non
937 1680 173 67 esse
1045 1680 259 67 humanam,
1240 1680 151 67 sed
1326 1680 259 67 diuinam.
1521 1680 173 67 Quid
1629 1680 173 67 quod
1737 1680 173 67 ipse
1845 1680 216 67 ubique
1996 1680 130 67 ad
2040 1680 151 67 scri-

524 1733 214 72 pturam
673 1733 192 72 legis
802 1733 107 72 &
844 1733 321 72 prophetarum
1101 1733 257 72 relegat,
1293 1733 107 72 &
1336 1733 150 72 sua
1421 1733 128 72 ex
1486 1733 192 72 illis
1614 1733 299 72 confirmat?
1849 1733 150 72 Est
1934 1733 192 72 autem
2041 1733 150 72 Chri-

513 1784 167 74 stus
617 1784 209 74 unicus
763 1784 292 74 religionis
993 1784 229 74 doctor,
1160 1784 104 74 &
1201 1784 188 74 uitae
1326 1784 250 74 magister
1514 1784 271 74 uniuersae
1722 1784 104 74 a
1764 1784 146 74 deo
1848 1784 188 74 patre
1952 1784 250 74 propositus

528 1846 272 63 ecclesiae.
741 1846 156 63 Huic
839 1846 97 63 &
878 1846 156 63 ipse
975 1846 233 63 doctores
1150 1846 233 63 mittens,
1325 1846 97 63 &
1364 1846 156 63 quid
1461 1846 156 63 ipsi
1558 1846 253 63 ecclesiae
1753 1846 233 63 tradant,
1928 1846 253 63 ostendens
2103 1846 97 63 di-

515 1920 162 43 cit,
616 1920 203 43 Docete
758 1920 142 43 eos
840 1920 223 43 seruare
1002 1920 122 43 ea
1063 1920 162 43 quae
1164 1920 142 43 ego
1246 1920 244 43 praecepi
1428 1920 203 43 uobis.
1571 1920 183 43 Item,
1692 1920 142 43 Ite
1774 1920 122 43 in
1835 1920 183 43 orbem
1956 1920 284 43 uniuersum,

510 1953 105 76 &
552 1953 295 76 praedicate
783 1953 295 76 euangelium
1015 1953 168 76 omni
1120 1953 295 76 creaturae.
1351 1953 126 76 At
1415 1953 210 76 Paulus
1562 1953 273 76 apostolus
1772 1953 252 76 testatur
1941 1953 252 76 euangelium

524 2010 274 77 promissum
735 2010 169 77 esse
840 2010 148 77 per
925 2010 274 77 prophetas
1136 2010 148 77 dei
1220 2010 127 77 in
1283 2010 295 77 scripturis
1515 2010 253 77 sanctis.
1705 2010 169 77 Hanc
1810 2010 190 77 autem
1937 2010 274 77 doctrinam
2127 2010 63 77 a

516 2067 221 82 Christo
676 2067 261 82 acceptam,
877 2067 281 82 nationibus
1098 2067 301 82 tradiderunt
1338 2067 261 82 apostoli,
1539 2067 181 82 nihil
1659 2067 120 82 ei
1720 2067 341 82 adiincientes,
2000 2067 181 82 nihil
2101 2067 100 82 de-

515 2127 297 74 trahentes:
748 2127 191 74 simul
876 2127 191 74 autem
1003 2127 319 74 exposuerunt
1258 2127 297 74 scripturas
1492 2127 319 74 prophetarum
1747 2127 234 74 ueteres
1917 2127 106 74 :
1959 2127 149 74 sed
2044 2127 127 74 ne
2087 2127 106 74 hic

524 2174 212 82 quidem
672 2174 149 82 suo
757 2174 233 82 aliquid
927 2174 318 82 indulgentes
1182 2174 255 82 ingenio,
1373 2174 149 82 aut
1457 2174 149 82 suo
1542 2174 339 82 permittentes
1818 2174 276 82 arbitrio.
2030 2174 149 82 Nam
2094 2174 106 82 apo

521 2233 197 69 stolus
659 2233 216 69 Petrus,
817 2233 118 69 Vt
876 2233 216 69 quisque
1033 2233 216 69 accepit
1190 2233 197 69 donum,
1328 2233 216 69 inquit,
1486 2233 177 69 alius
1604 2233 118 69 in
1663 2233 177 69 alium
1781 2233 177 69 illud
1899 2233 335 69 ministrantes,

522 2292 119 62 ut
582 2292 158 62 boni
680 2292 316 62 dispesatores
937 2292 198 62 uariae
1076 2292 217 62 gratiae
1234 2292 158 62 dei.
1332 2292 119 62 Si
1392 2292 158 62 quis
1491 2292 257 62 loquitur,
1688 2292 237 62 loquatur
1866 2292 119 62 ut
1925 2292 237 62 sermones
2083 2292 119 62 dei.

517 2349 140 69 Sed
597 2349 100 69 &
637 2349 321 69 Tertullianus
898 2349 120 69 in
958 2349 301 69 Praescript,
1199 2349 221 69 haeret.
1359 2349 181 69 (quod
1480 2349 181 69 alibi
1600 2349 201 69 quoque
1741 2349 281 69 citauimus)
1961 2349 221 69 diserte
2102 2349 100 69 di-

513 2407 159 72 cit,
613 2407 179 72 Nobis
732 2407 179 72 nihil
851 2407 119 72 ex
911 2407 199 72 nostro
1050 2407 239 72 arbitrio
1229 2407 258 72 indulgere
1428 2407 199 72 licet,
1567 2407 139 72 sed
1646 2407 139 72 nec
1726 2407 219 72 eligere
1885 2407 159 72 quod
1984 2407 219 72 aliquis
2123 2407 80 72 de

518 2457 249 75 arbitrio
705 2457 145 75 suo
788 2457 290 75 induxerit.
1016 2457 270 75 Apostolos
1223 2457 207 75 domini
1369 2457 228 75 habemus
1534 2457 270 75 authores,
1742 2457 145 75 qui
1825 2457 145 75 nec
1908 2457 166 75 ipsi
1991 2457 207 75 quicquam

514 2516 125 71 ex
577 2516 146 71 suo
660 2516 250 71 arbitrio
848 2516 167 71 quod
952 2516 292 71 inducerent
1182 2516 292 71 elegerunt,
1411 2516 146 71 sed
1495 2516 250 71 acceptam
1682 2516 104 71 a
1724 2516 229 71 Christo
1891 2516 313 71 disciplinam
2121 2516 83 71 fi

517 2571 218 71 deliter
676 2571 277 71 nationibus
893 2571 356 71 assignauerunt.
1190 2571 198 71 Itaque
1328 2571 119 71 si
1388 2571 178 71 etiam
1507 2571 218 71 angelus
1665 2571 119 71 de
1724 2571 198 71 coelis
1863 2571 198 71 aliter
1981 2571 218 71 euangeli-

512 2620 215 71 zaret,
662 2620 258 71 anathema
855 2620 236 71 dicetur
1027 2620 107 71 a
1070 2620 215 71 nobis.
1221 2620 172 71 Haec
1328 2620 193 71 ille.
1457 2620 279 71 Praeterea
1672 2620 387 71 demonstrauimus
1994 2620 129 71 in
2037 2620 172 71 Sermo-

514 2674 191 87 nibus
641 2674 128 87 de
705 2674 170 87 Fide
812 2674 106 87 &
854 2674 128 87 de
918 2674 277 87 Ecclesia,
1131 2674 106 87 a
1173 2674 170 87 solo
1279 2674 149 87 dei
1365 2674 191 87 uerbo
1492 2674 234 87 pendere
1662 2674 213 87 fidem,
1811 2674 106 87 &
1854 2674 191 87 unico
1981 2674 149 87 dei
2045 2674 149 87 uerbo

515 2741 193 66 unice
643 2741 214 66 inniti
793 2741 214 66 fidem:
943 2741 193 66 uerbo
1071 2741 171 66 item
1178 2741 150 66 dei
1264 2741 150 66 non
1349 2741 278 66 doctrinis
1563 2741 235 66 hominum
1734 2741 257 66 construi
1927 2741 107 66 &
1948 2741 257 66 conseruari

520 2814 267 53 ecclesias
726 2814 164 53 dei:
828 2814 164 53 quae
931 2814 185 53 omnia
1054 2814 144 53 huc
1136 2814 267 53 pertinere
1320 2814 226 53 uidentur.

588 2851 178 75 Neque
707 2851 158 75 enim
805 2851 257 75 permissum
1003 2851 138 75 est
1082 2851 257 75 episcopis
1279 2851 257 75 ecclesiae
1477 2851 237 75 Christi,
1654 2851 197 75 sicuti
1792 2851 178 75 falso
1911 2851 276 75 gloriantur
2108 2851 99 75 Pa-

510 2903 230 79 pistici
677 2903 272 79 pastores,
886 2903 188 79 nouas
1011 2903 251 79 statuere
1199 2903 209 79 leges,
1346 2903 125 79 ac
1408 2903 167 79 noua
1513 2903 251 79 proferre
1701 2903 251 79 dogmata.
1889 2903 251 79 Doctrina
2077 2903 167 79 enim

526 2965 210 81 Christi
678 2965 248 81 apostolis
869 2965 210 81 tradita
1021 2965 286 81 simpliciter
1250 2965 133 81 est
1326 2965 267 81 recipienda
1536 2965 114 81 ab
1593 2965 248 81 ecclesia,
1784 2965 95 81 &
1822 2965 286 81 simpliciter
2051 2965 114 81 ac
2089 2965 114 81 pure
