<?xml version="1.0" encoding="UTF-8"?>
<alto xmlns:xsi="http://www.w3.org/2001/XMLSchema-instance"
      xmlns="http://www.loc.gov/standards/alto/ns-v2#"
      xmlns:page="http://schema.primaresearch.org/PAGE/gts/pagecontent/2013-07-15"
      xsi:schemaLocation="http://www.loc.gov/standards/alto/ns-v2# http://www.loc.gov/standards/alto/alto.xsd">
   <Description>
      <MeasurementUnit>pixel</MeasurementUnit>
      <OCRProcessing ID="IdOcr">
         <ocrProcessingStep>
            <processingDateTime>2020-08-08T18:23:59.842-04:00</processingDateTime>
            <processingSoftware>
               <softwareCreator>READ COOP</softwareCreator>
               <softwareName>Transkribus</softwareName>
            </processingSoftware>
         </ocrProcessingStep>
      </OCRProcessing>
   </Description>
   <Tags/>
   <Layout>
      <Page ID="Page1" PHYSICAL_IMG_NR="1" HEIGHT="3632" WIDTH="2288">
         <TopMargin HEIGHT="0" WIDTH="2288" VPOS="0" HPOS="0"/>
         <LeftMargin HEIGHT="3632" WIDTH="0" VPOS="0" HPOS="0"/>
         <RightMargin HEIGHT="3632" WIDTH="0" VPOS="0" HPOS="2288"/>
         <BottomMargin HEIGHT="0" WIDTH="2288" VPOS="3632" HPOS="0"/>
         <PrintSpace HEIGHT="3632" WIDTH="2288" VPOS="0" HPOS="0">
            <TextBlock ID="r2" HEIGHT="2808" WIDTH="1673" VPOS="306" HPOS="522">
               <Shape>
                  <Polygon POINTS="522,306 522,3114 2195,3114 2195,306"/>
               </Shape>
               <TextLine ID="r2l2"
                         BASELINE="431"
                         HEIGHT="67"
                         WIDTH="1682"
                         VPOS="364"
                         HPOS="511">
                  <String HEIGHT="67"
                          WIDTH="218"
                          VPOS="364"
                          HPOS="489"
                          CONTENT="malis,"/>
                  <SP HEIGHT="67" WIDTH="22" VPOS="364" HPOS="708"/>
                  <String HEIGHT="67"
                          WIDTH="197"
                          VPOS="364"
                          HPOS="642"
                          CONTENT="illos"/>
                  <SP HEIGHT="67" WIDTH="22" VPOS="364" HPOS="839"/>
                  <String HEIGHT="67"
                          WIDTH="218"
                          VPOS="364"
                          HPOS="773"
                          CONTENT="quorum"/>
                  <SP HEIGHT="67" WIDTH="22" VPOS="364" HPOS="992"/>
                  <String HEIGHT="67"
                          WIDTH="240"
                          VPOS="364"
                          HPOS="926"
                          CONTENT="salutem"/>
                  <SP HEIGHT="67" WIDTH="22" VPOS="364" HPOS="1166"/>
                  <String HEIGHT="67"
                          WIDTH="262"
                          VPOS="364"
                          HPOS="1101"
                          CONTENT="ecclesia"/>
                  <SP HEIGHT="67" WIDTH="22" VPOS="364" HPOS="1363"/>
                  <String HEIGHT="67"
                          WIDTH="218"
                          VPOS="364"
                          HPOS="1297"
                          CONTENT="domino"/>
                  <SP HEIGHT="67" WIDTH="22" VPOS="364" HPOS="1516"/>
                  <String HEIGHT="67"
                          WIDTH="306"
                          VPOS="364"
                          HPOS="1450"
                          CONTENT="commendat."/>
                  <SP HEIGHT="67" WIDTH="22" VPOS="364" HPOS="1756"/>
                  <String HEIGHT="67"
                          WIDTH="197"
                          VPOS="364"
                          HPOS="1691"
                          CONTENT="Saepe"/>
                  <SP HEIGHT="67" WIDTH="22" VPOS="364" HPOS="1887"/>
                  <String HEIGHT="67"
                          WIDTH="240"
                          VPOS="364"
                          HPOS="1822"
                          CONTENT="experti"/>
                  <SP HEIGHT="67" WIDTH="22" VPOS="364" HPOS="2062"/>
                  <String HEIGHT="67"
                          WIDTH="197"
                          VPOS="364"
                          HPOS="1996"
                          CONTENT="sumus"/>
                  <SP HEIGHT="67" WIDTH="22" VPOS="364" HPOS="2193"/>
                  <String HEIGHT="67" WIDTH="87" VPOS="364" HPOS="2106" CONTENT="ea"/>
               </TextLine>
               <TextLine ID="r2l3"
                         BASELINE="493"
                         HEIGHT="86"
                         WIDTH="1668"
                         VPOS="407"
                         HPOS="516">
                  <String HEIGHT="86"
                          WIDTH="163"
                          VPOS="407"
                          HPOS="496"
                          CONTENT="ipsa"/>
                  <SP HEIGHT="86" WIDTH="20" VPOS="407" HPOS="658"/>
                  <String HEIGHT="86"
                          WIDTH="163"
                          VPOS="407"
                          HPOS="597"
                          CONTENT="hora"/>
                  <SP HEIGHT="86" WIDTH="20" VPOS="407" HPOS="760"/>
                  <String HEIGHT="86"
                          WIDTH="386"
                          VPOS="407"
                          HPOS="699"
                          CONTENT="praesentissimum"/>
                  <SP HEIGHT="86" WIDTH="20" VPOS="407" HPOS="1086"/>
                  <String HEIGHT="86"
                          WIDTH="244"
                          VPOS="407"
                          HPOS="1025"
                          CONTENT="sensisse"/>
                  <SP HEIGHT="86" WIDTH="20" VPOS="407" HPOS="1269"/>
                  <String HEIGHT="86"
                          WIDTH="244"
                          VPOS="407"
                          HPOS="1208"
                          CONTENT="auxilium"/>
                  <SP HEIGHT="86" WIDTH="20" VPOS="407" HPOS="1452"/>
                  <String HEIGHT="86" WIDTH="122" VPOS="407" HPOS="1391" CONTENT="in"/>
                  <SP HEIGHT="86" WIDTH="20" VPOS="407" HPOS="1513"/>
                  <String HEIGHT="86"
                          WIDTH="285"
                          VPOS="407"
                          HPOS="1452"
                          CONTENT="discrimine"/>
                  <SP HEIGHT="86" WIDTH="20" VPOS="407" HPOS="1736"/>
                  <String HEIGHT="86"
                          WIDTH="244"
                          VPOS="407"
                          HPOS="1675"
                          CONTENT="positos,"/>
                  <SP HEIGHT="86" WIDTH="20" VPOS="407" HPOS="1920"/>
                  <String HEIGHT="86"
                          WIDTH="142"
                          VPOS="407"
                          HPOS="1859"
                          CONTENT="qua"/>
                  <SP HEIGHT="86" WIDTH="20" VPOS="407" HPOS="2001"/>
                  <String HEIGHT="86"
                          WIDTH="203"
                          VPOS="407"
                          HPOS="1940"
                          CONTENT="preces"/>
                  <SP HEIGHT="86" WIDTH="20" VPOS="407" HPOS="2143"/>
                  <String HEIGHT="86"
                          WIDTH="122"
                          VPOS="407"
                          HPOS="2062"
                          CONTENT="suas"/>
               </TextLine>
               <TextLine ID="r2l4"
                         BASELINE="543"
                         HEIGHT="71"
                         WIDTH="1682"
                         VPOS="472"
                         HPOS="521">
                  <String HEIGHT="71"
                          WIDTH="218"
                          VPOS="472"
                          HPOS="499"
                          CONTENT="domino"/>
                  <SP HEIGHT="71" WIDTH="22" VPOS="472" HPOS="718"/>
                  <String HEIGHT="71"
                          WIDTH="240"
                          VPOS="472"
                          HPOS="652"
                          CONTENT="obtulit"/>
                  <SP HEIGHT="71" WIDTH="22" VPOS="472" HPOS="892"/>
                  <String HEIGHT="71"
                          WIDTH="240"
                          VPOS="472"
                          HPOS="827"
                          CONTENT="coetus."/>
                  <SP HEIGHT="71" WIDTH="22" VPOS="472" HPOS="1067"/>
                  <String HEIGHT="71"
                          WIDTH="284"
                          VPOS="472"
                          HPOS="1002"
                          CONTENT="Praeterea"/>
                  <SP HEIGHT="71" WIDTH="22" VPOS="472" HPOS="1286"/>
                  <String HEIGHT="71"
                          WIDTH="262"
                          VPOS="472"
                          HPOS="1220"
                          CONTENT="permouet"/>
                  <SP HEIGHT="71" WIDTH="22" VPOS="472" HPOS="1482"/>
                  <String HEIGHT="71"
                          WIDTH="262"
                          VPOS="472"
                          HPOS="1417"
                          CONTENT="exemplum"/>
                  <SP HEIGHT="71" WIDTH="22" VPOS="472" HPOS="1679"/>
                  <String HEIGHT="71"
                          WIDTH="284"
                          VPOS="472"
                          HPOS="1613"
                          CONTENT="plurimos,"/>
                  <SP HEIGHT="71" WIDTH="22" VPOS="472" HPOS="1897"/>
                  <String HEIGHT="71"
                          WIDTH="240"
                          VPOS="472"
                          HPOS="1832"
                          CONTENT="alioqui"/>
                  <SP HEIGHT="71" WIDTH="22" VPOS="472" HPOS="2072"/>
                  <String HEIGHT="71"
                          WIDTH="197"
                          VPOS="472"
                          HPOS="2006"
                          CONTENT="duros"/>
                  <SP HEIGHT="71" WIDTH="22" VPOS="472" HPOS="2203"/>
                  <String HEIGHT="71" WIDTH="109" VPOS="472" HPOS="2137" CONTENT="&amp;"/>
                  <SP HEIGHT="71" WIDTH="22" VPOS="472" HPOS="2247"/>
                  <String HEIGHT="71" WIDTH="44" VPOS="472" HPOS="2159" CONTENT=""/>
               </TextLine>
               <TextLine ID="r2l5"
                         BASELINE="602"
                         HEIGHT="84"
                         WIDTH="1681"
                         VPOS="518"
                         HPOS="519">
                  <String HEIGHT="84"
                          WIDTH="277"
                          VPOS="518"
                          HPOS="498"
                          CONTENT="barbaros."/>
                  <SP HEIGHT="84" WIDTH="21" VPOS="518" HPOS="774"/>
                  <String HEIGHT="84"
                          WIDTH="234"
                          VPOS="518"
                          HPOS="711"
                          CONTENT="Cernunt"/>
                  <SP HEIGHT="84" WIDTH="21" VPOS="518" HPOS="945"/>
                  <String HEIGHT="84"
                          WIDTH="170"
                          VPOS="518"
                          HPOS="881"
                          CONTENT="enim"/>
                  <SP HEIGHT="84" WIDTH="21" VPOS="518" HPOS="1051"/>
                  <String HEIGHT="84"
                          WIDTH="213"
                          VPOS="518"
                          HPOS="987"
                          CONTENT="Coetus"/>
                  <SP HEIGHT="84" WIDTH="21" VPOS="518" HPOS="1200"/>
                  <String HEIGHT="84"
                          WIDTH="192"
                          VPOS="518"
                          HPOS="1136"
                          CONTENT="sacri"/>
                  <SP HEIGHT="84" WIDTH="21" VPOS="518" HPOS="1328"/>
                  <String HEIGHT="84"
                          WIDTH="298"
                          VPOS="518"
                          HPOS="1264"
                          CONTENT="religiosam"/>
                  <SP HEIGHT="84" WIDTH="21" VPOS="518" HPOS="1562"/>
                  <String HEIGHT="84"
                          WIDTH="255"
                          VPOS="518"
                          HPOS="1498"
                          CONTENT="pietatem"/>
                  <SP HEIGHT="84" WIDTH="21" VPOS="518" HPOS="1753"/>
                  <String HEIGHT="84"
                          WIDTH="319"
                          VPOS="518"
                          HPOS="1689"
                          CONTENT="fideliumque"/>
                  <SP HEIGHT="84" WIDTH="21" VPOS="518" HPOS="2008"/>
                  <String HEIGHT="84" WIDTH="128" VPOS="518" HPOS="1945" CONTENT="in"/>
                  <SP HEIGHT="84" WIDTH="21" VPOS="518" HPOS="2072"/>
                  <String HEIGHT="84"
                          WIDTH="213"
                          VPOS="518"
                          HPOS="1987"
                          CONTENT="coetibus"/>
               </TextLine>
               <TextLine ID="r2l6"
                         BASELINE="660"
                         HEIGHT="70"
                         WIDTH="1674"
                         VPOS="590"
                         HPOS="516">
                  <String HEIGHT="70"
                          WIDTH="258"
                          VPOS="590"
                          HPOS="495"
                          CONTENT="ardorem,"/>
                  <SP HEIGHT="70" WIDTH="21" VPOS="590" HPOS="752"/>
                  <String HEIGHT="70" WIDTH="107" VPOS="590" HPOS="688" CONTENT="&amp;"/>
                  <SP HEIGHT="70" WIDTH="21" VPOS="590" HPOS="795"/>
                  <String HEIGHT="70"
                          WIDTH="343"
                          VPOS="590"
                          HPOS="731"
                          CONTENT="commouentur,"/>
                  <SP HEIGHT="70" WIDTH="21" VPOS="590" HPOS="1074"/>
                  <String HEIGHT="70" WIDTH="129" VPOS="590" HPOS="1010" CONTENT="ut"/>
                  <SP HEIGHT="70" WIDTH="21" VPOS="590" HPOS="1138"/>
                  <String HEIGHT="70" WIDTH="129" VPOS="590" HPOS="1074" CONTENT="in"/>
                  <SP HEIGHT="70" WIDTH="21" VPOS="590" HPOS="1203"/>
                  <String HEIGHT="70"
                          WIDTH="236"
                          VPOS="590"
                          HPOS="1138"
                          CONTENT="seipsos"/>
                  <SP HEIGHT="70" WIDTH="21" VPOS="590" HPOS="1374"/>
                  <String HEIGHT="70"
                          WIDTH="343"
                          VPOS="590"
                          HPOS="1310"
                          CONTENT="descendentes"/>
                  <SP HEIGHT="70" WIDTH="21" VPOS="590" HPOS="1653"/>
                  <String HEIGHT="70"
                          WIDTH="279"
                          VPOS="590"
                          HPOS="1589"
                          CONTENT="agnoscant"/>
                  <SP HEIGHT="70" WIDTH="21" VPOS="590" HPOS="1868"/>
                  <String HEIGHT="70" WIDTH="129" VPOS="590" HPOS="1804" CONTENT="se"/>
                  <SP HEIGHT="70" WIDTH="21" VPOS="590" HPOS="1932"/>
                  <String HEIGHT="70"
                          WIDTH="236"
                          VPOS="590"
                          HPOS="1868"
                          CONTENT="miseros"/>
                  <SP HEIGHT="70" WIDTH="21" VPOS="590" HPOS="2104"/>
                  <String HEIGHT="70"
                          WIDTH="193"
                          VPOS="590"
                          HPOS="2040"
                          CONTENT="esse,"/>
                  <SP HEIGHT="70" WIDTH="21" VPOS="590" HPOS="2233"/>
                  <String HEIGHT="70" WIDTH="43" VPOS="590" HPOS="2147" CONTENT=""/>
               </TextLine>
               <TextLine ID="r2l7"
                         BASELINE="714"
                         HEIGHT="74"
                         WIDTH="1660"
                         VPOS="640"
                         HPOS="531">
                  <String HEIGHT="74"
                          WIDTH="267"
                          VPOS="640"
                          HPOS="512"
                          CONTENT="cupiantque"/>
                  <SP HEIGHT="74" WIDTH="19" VPOS="640" HPOS="779"/>
                  <String HEIGHT="74"
                          WIDTH="172"
                          VPOS="640"
                          HPOS="722"
                          CONTENT="huius"/>
                  <SP HEIGHT="74" WIDTH="19" VPOS="640" HPOS="894"/>
                  <String HEIGHT="74"
                          WIDTH="191"
                          VPOS="640"
                          HPOS="836"
                          CONTENT="coetus"/>
                  <SP HEIGHT="74" WIDTH="19" VPOS="640" HPOS="1027"/>
                  <String HEIGHT="74"
                          WIDTH="153"
                          VPOS="640"
                          HPOS="970"
                          CONTENT="esse"/>
                  <SP HEIGHT="74" WIDTH="19" VPOS="640" HPOS="1122"/>
                  <String HEIGHT="74"
                          WIDTH="267"
                          VPOS="640"
                          HPOS="1065"
                          CONTENT="consortes."/>
                  <SP HEIGHT="74" WIDTH="19" VPOS="640" HPOS="1332"/>
                  <String HEIGHT="74" WIDTH="114" VPOS="640" HPOS="1275" CONTENT="S."/>
                  <SP HEIGHT="74" WIDTH="19" VPOS="640" HPOS="1390"/>
                  <String HEIGHT="74"
                          WIDTH="210"
                          VPOS="640"
                          HPOS="1332"
                          CONTENT="Paulus,"/>
                  <SP HEIGHT="74" WIDTH="19" VPOS="640" HPOS="1542"/>
                  <String HEIGHT="74" WIDTH="114" VPOS="640" HPOS="1485" CONTENT="Si"/>
                  <SP HEIGHT="74" WIDTH="19" VPOS="640" HPOS="1600"/>
                  <String HEIGHT="74"
                          WIDTH="267"
                          VPOS="640"
                          HPOS="1542"
                          CONTENT="conuenerit"/>
                  <SP HEIGHT="74" WIDTH="19" VPOS="640" HPOS="1809"/>
                  <String HEIGHT="74"
                          WIDTH="153"
                          VPOS="640"
                          HPOS="1752"
                          CONTENT="tota"/>
                  <SP HEIGHT="74" WIDTH="19" VPOS="640" HPOS="1905"/>
                  <String HEIGHT="74"
                          WIDTH="229"
                          VPOS="640"
                          HPOS="1848"
                          CONTENT="ecclesia"/>
                  <SP HEIGHT="74" WIDTH="19" VPOS="640" HPOS="2077"/>
                  <String HEIGHT="74" WIDTH="114" VPOS="640" HPOS="2019" CONTENT="in"/>
                  <SP HEIGHT="74" WIDTH="19" VPOS="640" HPOS="2134"/>
                  <String HEIGHT="74"
                          WIDTH="134"
                          VPOS="640"
                          HPOS="2057"
                          CONTENT="idem,"/>
               </TextLine>
               <TextLine ID="r2l8"
                         BASELINE="777"
                         HEIGHT="79"
                         WIDTH="1680"
                         VPOS="698"
                         HPOS="517">
                  <String HEIGHT="79" WIDTH="108" VPOS="698" HPOS="495" CONTENT="&amp;"/>
                  <SP HEIGHT="79" WIDTH="22" VPOS="698" HPOS="603"/>
                  <String HEIGHT="79"
                          WIDTH="194"
                          VPOS="698"
                          HPOS="539"
                          CONTENT="omnes"/>
                  <SP HEIGHT="79" WIDTH="22" VPOS="698" HPOS="732"/>
                  <String HEIGHT="79"
                          WIDTH="237"
                          VPOS="698"
                          HPOS="668"
                          CONTENT="linguis"/>
                  <SP HEIGHT="79" WIDTH="22" VPOS="698" HPOS="905"/>
                  <String HEIGHT="79"
                          WIDTH="302"
                          VPOS="698"
                          HPOS="840"
                          CONTENT="loquantur,"/>
                  <SP HEIGHT="79" WIDTH="22" VPOS="698" HPOS="1142"/>
                  <String HEIGHT="79"
                          WIDTH="345"
                          VPOS="698"
                          HPOS="1077"
                          CONTENT="ingrediantur"/>
                  <SP HEIGHT="79" WIDTH="22" VPOS="698" HPOS="1422"/>
                  <String HEIGHT="79"
                          WIDTH="194"
                          VPOS="698"
                          HPOS="1357"
                          CONTENT="autem"/>
                  <SP HEIGHT="79" WIDTH="22" VPOS="698" HPOS="1551"/>
                  <String HEIGHT="79"
                          WIDTH="237"
                          VPOS="698"
                          HPOS="1486"
                          CONTENT="indocti"/>
                  <SP HEIGHT="79" WIDTH="22" VPOS="698" HPOS="1723"/>
                  <String HEIGHT="79"
                          WIDTH="151"
                          VPOS="698"
                          HPOS="1659"
                          CONTENT="aut"/>
                  <SP HEIGHT="79" WIDTH="22" VPOS="698" HPOS="1809"/>
                  <String HEIGHT="79"
                          WIDTH="302"
                          VPOS="698"
                          HPOS="1745"
                          CONTENT="increduli,"/>
                  <SP HEIGHT="79" WIDTH="22" VPOS="698" HPOS="2046"/>
                  <String HEIGHT="79"
                          WIDTH="194"
                          VPOS="698"
                          HPOS="1982"
                          CONTENT="nonne"/>
                  <SP HEIGHT="79" WIDTH="22" VPOS="698" HPOS="2175"/>
                  <String HEIGHT="79"
                          WIDTH="108"
                          VPOS="698"
                          HPOS="2089"
                          CONTENT="di"
                          SUBS_TYPE="HypPart1"
                          SUBS_CONTENT="dicent"/>
                  <HYP CONTENT="-"/>
               </TextLine>
               <TextLine ID="r2l9"
                         BASELINE="830"
                         HEIGHT="81"
                         WIDTH="1680"
                         VPOS="749"
                         HPOS="519">
                  <String HEIGHT="81"
                          WIDTH="166"
                          VPOS="749"
                          HPOS="498"
                          CONTENT="cent"
                          SUBS_TYPE="HypPart2"
                          SUBS_CONTENT="dicent"/>
                  <SP HEIGHT="81" WIDTH="21" VPOS="749" HPOS="664"/>
                  <String HEIGHT="81" WIDTH="145" VPOS="749" HPOS="602" CONTENT="uos"/>
                  <SP HEIGHT="81" WIDTH="21" VPOS="749" HPOS="747"/>
                  <String HEIGHT="81"
                          WIDTH="249"
                          VPOS="749"
                          HPOS="685"
                          CONTENT="insanire"/>
                  <SP HEIGHT="81" WIDTH="21" VPOS="749" HPOS="934"/>
                  <String HEIGHT="81" WIDTH="104" VPOS="749" HPOS="872" CONTENT="."/>
                  <SP HEIGHT="81" WIDTH="21" VPOS="749" HPOS="975"/>
                  <String HEIGHT="81"
                          WIDTH="166"
                          VPOS="749"
                          HPOS="913"
                          CONTENT="Quod"/>
                  <SP HEIGHT="81" WIDTH="21" VPOS="749" HPOS="1079"/>
                  <String HEIGHT="81" WIDTH="124" VPOS="749" HPOS="1017" CONTENT="si"/>
                  <SP HEIGHT="81" WIDTH="21" VPOS="749" HPOS="1141"/>
                  <String HEIGHT="81"
                          WIDTH="187"
                          VPOS="749"
                          HPOS="1079"
                          CONTENT="omnes"/>
                  <SP HEIGHT="81" WIDTH="21" VPOS="749" HPOS="1266"/>
                  <String HEIGHT="81"
                          WIDTH="332"
                          VPOS="749"
                          HPOS="1203"
                          CONTENT="prophetetis,"/>
                  <SP HEIGHT="81" WIDTH="21" VPOS="749" HPOS="1535"/>
                  <String HEIGHT="81"
                          WIDTH="311"
                          VPOS="749"
                          HPOS="1473"
                          CONTENT="ingrediatur"/>
                  <SP HEIGHT="81" WIDTH="21" VPOS="749" HPOS="1784"/>
                  <String HEIGHT="81"
                          WIDTH="187"
                          VPOS="749"
                          HPOS="1722"
                          CONTENT="autem"/>
                  <SP HEIGHT="81" WIDTH="21" VPOS="749" HPOS="1909"/>
                  <String HEIGHT="81"
                          WIDTH="311"
                          VPOS="749"
                          HPOS="1846"
                          CONTENT="incredulus,"/>
                  <SP HEIGHT="81" WIDTH="21" VPOS="749" HPOS="2158"/>
                  <String HEIGHT="81"
                          WIDTH="145"
                          VPOS="749"
                          HPOS="2095"
                          CONTENT="aut"/>
                  <SP HEIGHT="81" WIDTH="21" VPOS="749" HPOS="2240"/>
                  <String HEIGHT="81" WIDTH="41" VPOS="749" HPOS="2158" CONTENT=""/>
               </TextLine>
               <TextLine ID="r2l10"
                         BASELINE="890"
                         HEIGHT="90"
                         WIDTH="1664"
                         VPOS="800"
                         HPOS="528">
                  <String HEIGHT="90"
                          WIDTH="277"
                          VPOS="800"
                          HPOS="507"
                          CONTENT="indoctus,"/>
                  <SP HEIGHT="90" WIDTH="21" VPOS="800" HPOS="784"/>
                  <String HEIGHT="90"
                          WIDTH="299"
                          VPOS="800"
                          HPOS="720"
                          CONTENT="coarguitur"/>
                  <SP HEIGHT="90" WIDTH="21" VPOS="800" HPOS="1019"/>
                  <String HEIGHT="90" WIDTH="128" VPOS="800" HPOS="955" CONTENT="ab"/>
                  <SP HEIGHT="90" WIDTH="21" VPOS="800" HPOS="1083"/>
                  <String HEIGHT="90"
                          WIDTH="256"
                          VPOS="800"
                          HPOS="1019"
                          CONTENT="omnibus,"/>
                  <SP HEIGHT="90" WIDTH="21" VPOS="800" HPOS="1275"/>
                  <String HEIGHT="90"
                          WIDTH="320"
                          VPOS="800"
                          HPOS="1211"
                          CONTENT="dijudicatur"/>
                  <SP HEIGHT="90" WIDTH="21" VPOS="800" HPOS="1531"/>
                  <String HEIGHT="90" WIDTH="128" VPOS="800" HPOS="1467" CONTENT="ab"/>
                  <SP HEIGHT="90" WIDTH="21" VPOS="800" HPOS="1595"/>
                  <String HEIGHT="90"
                          WIDTH="235"
                          VPOS="800"
                          HPOS="1531"
                          CONTENT="omnibus"/>
                  <SP HEIGHT="90" WIDTH="21" VPOS="800" HPOS="1765"/>
                  <String HEIGHT="90" WIDTH="107" VPOS="800" HPOS="1701" CONTENT=":"/>
                  <SP HEIGHT="90" WIDTH="21" VPOS="800" HPOS="1808"/>
                  <String HEIGHT="90" WIDTH="107" VPOS="800" HPOS="1744" CONTENT="&amp;"/>
                  <SP HEIGHT="90" WIDTH="21" VPOS="800" HPOS="1851"/>
                  <String HEIGHT="90"
                          WIDTH="149"
                          VPOS="800"
                          HPOS="1787"
                          CONTENT="sic"/>
                  <SP HEIGHT="90" WIDTH="21" VPOS="800" HPOS="1936"/>
                  <String HEIGHT="90"
                          WIDTH="235"
                          VPOS="800"
                          HPOS="1872"
                          CONTENT="occulta"/>
                  <SP HEIGHT="90" WIDTH="21" VPOS="800" HPOS="2107"/>
                  <String HEIGHT="90"
                          WIDTH="171"
                          VPOS="800"
                          HPOS="2021"
                          CONTENT="cordis"/>
               </TextLine>
               <TextLine ID="r2l11"
                         BASELINE="939"
                         HEIGHT="69"
                         WIDTH="1661"
                         VPOS="870"
                         HPOS="530">
                  <String HEIGHT="69"
                          WIDTH="166"
                          VPOS="870"
                          HPOS="509"
                          CONTENT="eius"/>
                  <SP HEIGHT="69" WIDTH="21" VPOS="870" HPOS="675"/>
                  <String HEIGHT="69"
                          WIDTH="270"
                          VPOS="870"
                          HPOS="613"
                          CONTENT="manifesta"/>
                  <SP HEIGHT="69" WIDTH="21" VPOS="870" HPOS="883"/>
                  <String HEIGHT="69"
                          WIDTH="208"
                          VPOS="870"
                          HPOS="821"
                          CONTENT="fiunt,"/>
                  <SP HEIGHT="69" WIDTH="21" VPOS="870" HPOS="1028"/>
                  <String HEIGHT="69" WIDTH="125" VPOS="870" HPOS="966" CONTENT="ac"/>
                  <SP HEIGHT="69" WIDTH="21" VPOS="870" HPOS="1091"/>
                  <String HEIGHT="69"
                          WIDTH="270"
                          VPOS="870"
                          HPOS="1028"
                          CONTENT="procidens"/>
                  <SP HEIGHT="69" WIDTH="21" VPOS="870" HPOS="1298"/>
                  <String HEIGHT="69" WIDTH="125" VPOS="870" HPOS="1236" CONTENT="in"/>
                  <SP HEIGHT="69" WIDTH="21" VPOS="870" HPOS="1361"/>
                  <String HEIGHT="69"
                          WIDTH="208"
                          VPOS="870"
                          HPOS="1298"
                          CONTENT="faciem"/>
                  <SP HEIGHT="69" WIDTH="21" VPOS="870" HPOS="1506"/>
                  <String HEIGHT="69"
                          WIDTH="270"
                          VPOS="870"
                          HPOS="1444"
                          CONTENT="adorabit,"/>
                  <SP HEIGHT="69" WIDTH="21" VPOS="870" HPOS="1713"/>
                  <String HEIGHT="69"
                          WIDTH="291"
                          VPOS="870"
                          HPOS="1651"
                          CONTENT="renuncians"/>
                  <SP HEIGHT="69" WIDTH="21" VPOS="870" HPOS="1942"/>
                  <String HEIGHT="69"
                          WIDTH="166"
                          VPOS="870"
                          HPOS="1880"
                          CONTENT="quod"/>
                  <SP HEIGHT="69" WIDTH="21" VPOS="870" HPOS="2046"/>
                  <String HEIGHT="69"
                          WIDTH="166"
                          VPOS="870"
                          HPOS="1983"
                          CONTENT="deus"/>
                  <SP HEIGHT="69" WIDTH="21" VPOS="870" HPOS="2149"/>
                  <String HEIGHT="69"
                          WIDTH="125"
                          VPOS="870"
                          HPOS="2066"
                          CONTENT="reue"/>
               </TextLine>
               <TextLine ID="r2l12"
                         BASELINE="994"
                         HEIGHT="59"
                         WIDTH="1672"
                         VPOS="935"
                         HPOS="527">
                  <String HEIGHT="59" WIDTH="130" VPOS="935" HPOS="505" CONTENT="ra"/>
                  <SP HEIGHT="59" WIDTH="22" VPOS="935" HPOS="636"/>
                  <String HEIGHT="59" WIDTH="130" VPOS="935" HPOS="570" CONTENT="in"/>
                  <SP HEIGHT="59" WIDTH="22" VPOS="935" HPOS="701"/>
                  <String HEIGHT="59"
                          WIDTH="195"
                          VPOS="935"
                          HPOS="636"
                          CONTENT="uobis"/>
                  <SP HEIGHT="59" WIDTH="22" VPOS="935" HPOS="831"/>
                  <String HEIGHT="59"
                          WIDTH="174"
                          VPOS="935"
                          HPOS="766"
                          CONTENT="sit."/>
                  <SP HEIGHT="59" WIDTH="22" VPOS="935" HPOS="940"/>
                  <String HEIGHT="59" WIDTH="152" VPOS="935" HPOS="874" CONTENT="Qua"/>
                  <SP HEIGHT="59" WIDTH="22" VPOS="935" HPOS="1026"/>
                  <String HEIGHT="59"
                          WIDTH="174"
                          VPOS="935"
                          HPOS="961"
                          CONTENT="ergo"/>
                  <SP HEIGHT="59" WIDTH="22" VPOS="935" HPOS="1135"/>
                  <String HEIGHT="59"
                          WIDTH="326"
                          VPOS="935"
                          HPOS="1070"
                          CONTENT="confidentia"/>
                  <SP HEIGHT="59" WIDTH="22" VPOS="935" HPOS="1396"/>
                  <String HEIGHT="59"
                          WIDTH="195"
                          VPOS="935"
                          HPOS="1330"
                          CONTENT="quoue"/>
                  <SP HEIGHT="59" WIDTH="22" VPOS="935" HPOS="1526"/>
                  <String HEIGHT="59"
                          WIDTH="217"
                          VPOS="935"
                          HPOS="1461"
                          CONTENT="pudore"/>
                  <SP HEIGHT="59" WIDTH="22" VPOS="935" HPOS="1678"/>
                  <String HEIGHT="59"
                          WIDTH="217"
                          VPOS="935"
                          HPOS="1613"
                          CONTENT="audent"/>
                  <SP HEIGHT="59" WIDTH="22" VPOS="935" HPOS="1830"/>
                  <String HEIGHT="59"
                          WIDTH="261"
                          VPOS="935"
                          HPOS="1765"
                          CONTENT="nonnulli"/>
                  <SP HEIGHT="59" WIDTH="22" VPOS="935" HPOS="2025"/>
                  <String HEIGHT="59"
                          WIDTH="217"
                          VPOS="935"
                          HPOS="1960"
                          CONTENT="Coetus"/>
                  <SP HEIGHT="59" WIDTH="22" VPOS="935" HPOS="2177"/>
                  <String HEIGHT="59"
                          WIDTH="109"
                          VPOS="935"
                          HPOS="2090"
                          CONTENT="sa"
                          SUBS_TYPE="HypPart1"
                          SUBS_CONTENT="sacros"/>
                  <HYP CONTENT="-"/>
               </TextLine>
               <TextLine ID="r2l13"
                         BASELINE="1057"
                         HEIGHT="76"
                         WIDTH="1669"
                         VPOS="981"
                         HPOS="528">
                  <String HEIGHT="76"
                          WIDTH="165"
                          VPOS="981"
                          HPOS="507"
                          CONTENT="cros"
                          SUBS_TYPE="HypPart2"
                          SUBS_CONTENT="sacros"/>
                  <SP HEIGHT="76" WIDTH="21" VPOS="981" HPOS="672"/>
                  <String HEIGHT="76"
                          WIDTH="268"
                          VPOS="981"
                          HPOS="610"
                          CONTENT="negligere"/>
                  <SP HEIGHT="76" WIDTH="21" VPOS="981" HPOS="878"/>
                  <String HEIGHT="76" WIDTH="103" VPOS="981" HPOS="816" CONTENT="&amp;"/>
                  <SP HEIGHT="76" WIDTH="21" VPOS="981" HPOS="919"/>
                  <String HEIGHT="76"
                          WIDTH="268"
                          VPOS="981"
                          HPOS="858"
                          CONTENT="neglectos"/>
                  <SP HEIGHT="76" WIDTH="21" VPOS="981" HPOS="1126"/>
                  <String HEIGHT="76"
                          WIDTH="309"
                          VPOS="981"
                          HPOS="1064"
                          CONTENT="suggillare,"/>
                  <SP HEIGHT="76" WIDTH="21" VPOS="981" HPOS="1373"/>
                  <String HEIGHT="76"
                          WIDTH="185"
                          VPOS="981"
                          HPOS="1311"
                          CONTENT="quasi"/>
                  <SP HEIGHT="76" WIDTH="21" VPOS="981" HPOS="1496"/>
                  <String HEIGHT="76"
                          WIDTH="165"
                          VPOS="981"
                          HPOS="1435"
                          CONTENT="sine"/>
                  <SP HEIGHT="76" WIDTH="21" VPOS="981" HPOS="1599"/>
                  <String HEIGHT="76"
                          WIDTH="206"
                          VPOS="981"
                          HPOS="1538"
                          CONTENT="fructu"/>
                  <SP HEIGHT="76" WIDTH="21" VPOS="981" HPOS="1744"/>
                  <String HEIGHT="76"
                          WIDTH="330"
                          VPOS="981"
                          HPOS="1682"
                          CONTENT="colligantur?"/>
                  <SP HEIGHT="76" WIDTH="21" VPOS="981" HPOS="2012"/>
                  <String HEIGHT="76"
                          WIDTH="185"
                          VPOS="981"
                          HPOS="1950"
                          CONTENT="Dauid"/>
                  <SP HEIGHT="76" WIDTH="21" VPOS="981" HPOS="2135"/>
                  <String HEIGHT="76"
                          WIDTH="144"
                          VPOS="981"
                          HPOS="2053"
                          CONTENT="actus"/>
               </TextLine>
               <TextLine ID="r2l14"
                         BASELINE="1111"
                         HEIGHT="89"
                         WIDTH="1674"
                         VPOS="1022"
                         HPOS="520">
                  <String HEIGHT="89" WIDTH="122" VPOS="1022" HPOS="500" CONTENT="in"/>
                  <SP HEIGHT="89" WIDTH="20" VPOS="1022" HPOS="622"/>
                  <String HEIGHT="89"
                          WIDTH="245"
                          VPOS="1022"
                          HPOS="561"
                          CONTENT="exilium,"/>
                  <SP HEIGHT="89" WIDTH="20" VPOS="1022" HPOS="806"/>
                  <String HEIGHT="89" WIDTH="122" VPOS="1022" HPOS="745" CONTENT="de"/>
                  <SP HEIGHT="89" WIDTH="20" VPOS="1022" HPOS="867"/>
                  <String HEIGHT="89"
                          WIDTH="184"
                          VPOS="1022"
                          HPOS="806"
                          CONTENT="nulla"/>
                  <SP HEIGHT="89" WIDTH="20" VPOS="1022" HPOS="990"/>
                  <String HEIGHT="89" WIDTH="122" VPOS="1022" HPOS="928" CONTENT="re"/>
                  <SP HEIGHT="89" WIDTH="20" VPOS="1022" HPOS="1051"/>
                  <String HEIGHT="89"
                          WIDTH="225"
                          VPOS="1022"
                          HPOS="990"
                          CONTENT="perinde"/>
                  <SP HEIGHT="89" WIDTH="20" VPOS="1022" HPOS="1214"/>
                  <String HEIGHT="89"
                          WIDTH="204"
                          VPOS="1022"
                          HPOS="1153"
                          CONTENT="dolet,"/>
                  <SP HEIGHT="89" WIDTH="20" VPOS="1022" HPOS="1357"/>
                  <String HEIGHT="89"
                          WIDTH="163"
                          VPOS="1022"
                          HPOS="1296"
                          CONTENT="quam"/>
                  <SP HEIGHT="89" WIDTH="20" VPOS="1022" HPOS="1459"/>
                  <String HEIGHT="89"
                          WIDTH="163"
                          VPOS="1022"
                          HPOS="1398"
                          CONTENT="quod"/>
                  <SP HEIGHT="89" WIDTH="20" VPOS="1022" HPOS="1561"/>
                  <String HEIGHT="89"
                          WIDTH="245"
                          VPOS="1022"
                          HPOS="1500"
                          CONTENT="coetibus"/>
                  <SP HEIGHT="89" WIDTH="20" VPOS="1022" HPOS="1745"/>
                  <String HEIGHT="89"
                          WIDTH="204"
                          VPOS="1022"
                          HPOS="1684"
                          CONTENT="sacris"/>
                  <SP HEIGHT="89" WIDTH="20" VPOS="1022" HPOS="1888"/>
                  <String HEIGHT="89"
                          WIDTH="265"
                          VPOS="1022"
                          HPOS="1827"
                          CONTENT="exclusus,"/>
                  <SP HEIGHT="89" WIDTH="20" VPOS="1022" HPOS="2092"/>
                  <String HEIGHT="89"
                          WIDTH="143"
                          VPOS="1022"
                          HPOS="2031"
                          CONTENT="per"/>
                  <SP HEIGHT="89" WIDTH="20" VPOS="1022" HPOS="2174"/>
                  <String HEIGHT="89"
                          WIDTH="102"
                          VPOS="1022"
                          HPOS="2092"
                          CONTENT="de"
                          SUBS_TYPE="HypPart1"
                          SUBS_CONTENT="deserta"/>
                  <HYP CONTENT="-"/>
               </TextLine>
               <TextLine ID="r2l15"
                         BASELINE="1167"
                         HEIGHT="86"
                         WIDTH="1651"
                         VPOS="1081"
                         HPOS="536">
                  <String HEIGHT="86"
                          WIDTH="191"
                          VPOS="1081"
                          HPOS="515"
                          CONTENT="serta"
                          SUBS_TYPE="HypPart2"
                          SUBS_CONTENT="deserta"/>
                  <SP HEIGHT="86" WIDTH="21" VPOS="1081" HPOS="705"/>
                  <String HEIGHT="86"
                          WIDTH="254"
                          VPOS="1081"
                          HPOS="642"
                          CONTENT="oberrare"/>
                  <SP HEIGHT="86" WIDTH="21" VPOS="1081" HPOS="896"/>
                  <String HEIGHT="86"
                          WIDTH="296"
                          VPOS="1081"
                          HPOS="832"
                          CONTENT="cogeretur."/>
                  <SP HEIGHT="86" WIDTH="21" VPOS="1081" HPOS="1129"/>
                  <String HEIGHT="86"
                          WIDTH="275"
                          VPOS="1081"
                          HPOS="1065"
                          CONTENT="Promittit"/>
                  <SP HEIGHT="86" WIDTH="21" VPOS="1081" HPOS="1340"/>
                  <String HEIGHT="86"
                          WIDTH="191"
                          VPOS="1081"
                          HPOS="1277"
                          CONTENT="autem"/>
                  <SP HEIGHT="86" WIDTH="21" VPOS="1081" HPOS="1467"/>
                  <String HEIGHT="86"
                          WIDTH="212"
                          VPOS="1081"
                          HPOS="1404"
                          CONTENT="domino"/>
                  <SP HEIGHT="86" WIDTH="21" VPOS="1081" HPOS="1616"/>
                  <String HEIGHT="86"
                          WIDTH="127"
                          VPOS="1081"
                          HPOS="1552"
                          CONTENT="se"/>
                  <SP HEIGHT="86" WIDTH="21" VPOS="1081" HPOS="1679"/>
                  <String HEIGHT="86"
                          WIDTH="127"
                          VPOS="1081"
                          HPOS="1616"
                          CONTENT="in"/>
                  <SP HEIGHT="86" WIDTH="21" VPOS="1081" HPOS="1743"/>
                  <String HEIGHT="86"
                          WIDTH="212"
                          VPOS="1081"
                          HPOS="1679"
                          CONTENT="coetum"/>
                  <SP HEIGHT="86" WIDTH="21" VPOS="1081" HPOS="1891"/>
                  <String HEIGHT="86"
                          WIDTH="212"
                          VPOS="1081"
                          HPOS="1827"
                          CONTENT="sacrum"/>
                  <SP HEIGHT="86" WIDTH="21" VPOS="1081" HPOS="2039"/>
                  <String HEIGHT="86"
                          WIDTH="233"
                          VPOS="1081"
                          HPOS="1954"
                          CONTENT="ingressu"
                          SUBS_TYPE="HypPart1"
                          SUBS_CONTENT="ingressurum,"/>
                  <HYP CONTENT="-"/>
               </TextLine>
               <TextLine ID="r2l16"
                         BASELINE="1221"
                         HEIGHT="81"
                         WIDTH="1667"
                         VPOS="1140"
                         HPOS="526">
                  <String HEIGHT="81"
                          WIDTH="165"
                          VPOS="1140"
                          HPOS="505"
                          CONTENT="rum,"
                          SUBS_TYPE="HypPart2"
                          SUBS_CONTENT="ingressurum,"/>
                  <SP HEIGHT="81" WIDTH="21" VPOS="1140" HPOS="670"/>
                  <String HEIGHT="81"
                          WIDTH="247"
                          VPOS="1140"
                          HPOS="608"
                          CONTENT="siquidem"/>
                  <SP HEIGHT="81" WIDTH="21" VPOS="1140" HPOS="855"/>
                  <String HEIGHT="81"
                          WIDTH="329"
                          VPOS="1140"
                          HPOS="794"
                          CONTENT="restituatur."/>
                  <SP HEIGHT="81" WIDTH="21" VPOS="1140" HPOS="1123"/>
                  <String HEIGHT="81"
                          WIDTH="185"
                          VPOS="1140"
                          HPOS="1061"
                          CONTENT="Certe"/>
                  <SP HEIGHT="81" WIDTH="21" VPOS="1140" HPOS="1246"/>
                  <String HEIGHT="81"
                          WIDTH="144"
                          VPOS="1140"
                          HPOS="1185"
                          CONTENT="cum"/>
                  <SP HEIGHT="81" WIDTH="21" VPOS="1140" HPOS="1329"/>
                  <String HEIGHT="81"
                          WIDTH="226"
                          VPOS="1140"
                          HPOS="1267"
                          CONTENT="dominus"/>
                  <SP HEIGHT="81" WIDTH="21" VPOS="1140" HPOS="1493"/>
                  <String HEIGHT="81"
                          WIDTH="123"
                          VPOS="1140"
                          HPOS="1432"
                          CONTENT="in"/>
                  <SP HEIGHT="81" WIDTH="21" VPOS="1140" HPOS="1555"/>
                  <String HEIGHT="81"
                          WIDTH="268"
                          VPOS="1140"
                          HPOS="1493"
                          CONTENT="euangelio"/>
                  <SP HEIGHT="81" WIDTH="21" VPOS="1140" HPOS="1761"/>
                  <String HEIGHT="81"
                          WIDTH="206"
                          VPOS="1140"
                          HPOS="1699"
                          CONTENT="dicat,"/>
                  <SP HEIGHT="81" WIDTH="21" VPOS="1140" HPOS="1905"/>
                  <String HEIGHT="81"
                          WIDTH="144"
                          VPOS="1140"
                          HPOS="1843"
                          CONTENT="Qui"/>
                  <SP HEIGHT="81" WIDTH="21" VPOS="1140" HPOS="1987"/>
                  <String HEIGHT="81"
                          WIDTH="123"
                          VPOS="1140"
                          HPOS="1925"
                          CONTENT="ex"/>
                  <SP HEIGHT="81" WIDTH="21" VPOS="1140" HPOS="2049"/>
                  <String HEIGHT="81"
                          WIDTH="144"
                          VPOS="1140"
                          HPOS="1987"
                          CONTENT="deo"/>
                  <SP HEIGHT="81" WIDTH="21" VPOS="1140" HPOS="2131"/>
                  <String HEIGHT="81"
                          WIDTH="165"
                          VPOS="1140"
                          HPOS="2070"
                          CONTENT="est,"/>
                  <SP HEIGHT="81" WIDTH="21" VPOS="1140" HPOS="2234"/>
                  <String HEIGHT="81" WIDTH="41" VPOS="1140" HPOS="2152" CONTENT=""/>
               </TextLine>
               <TextLine ID="r2l17"
                         BASELINE="1278"
                         HEIGHT="85"
                         WIDTH="1664"
                         VPOS="1193"
                         HPOS="535">
                  <String HEIGHT="85"
                          WIDTH="219"
                          VPOS="1193"
                          HPOS="513"
                          CONTENT="uerbum"/>
                  <SP HEIGHT="85" WIDTH="22" VPOS="1193" HPOS="732"/>
                  <String HEIGHT="85"
                          WIDTH="153"
                          VPOS="1193"
                          HPOS="666"
                          CONTENT="dei"/>
                  <SP HEIGHT="85" WIDTH="22" VPOS="1193" HPOS="820"/>
                  <String HEIGHT="85"
                          WIDTH="219"
                          VPOS="1193"
                          HPOS="754"
                          CONTENT="audit,"/>
                  <SP HEIGHT="85" WIDTH="22" VPOS="1193" HPOS="973"/>
                  <String HEIGHT="85"
                          WIDTH="307"
                          VPOS="1193"
                          HPOS="907"
                          CONTENT="consequens"/>
                  <SP HEIGHT="85" WIDTH="22" VPOS="1193" HPOS="1214"/>
                  <String HEIGHT="85"
                          WIDTH="153"
                          VPOS="1193"
                          HPOS="1148"
                          CONTENT="est"/>
                  <SP HEIGHT="85" WIDTH="22" VPOS="1193" HPOS="1301"/>
                  <String HEIGHT="85"
                          WIDTH="307"
                          VPOS="1193"
                          HPOS="1236"
                          CONTENT="diligentes"/>
                  <SP HEIGHT="85" WIDTH="22" VPOS="1193" HPOS="1542"/>
                  <String HEIGHT="85"
                          WIDTH="219"
                          VPOS="1193"
                          HPOS="1476"
                          CONTENT="coetum"/>
                  <SP HEIGHT="85" WIDTH="22" VPOS="1193" HPOS="1695"/>
                  <String HEIGHT="85"
                          WIDTH="131"
                          VPOS="1193"
                          HPOS="1630"
                          CONTENT="in"/>
                  <SP HEIGHT="85" WIDTH="22" VPOS="1193" HPOS="1761"/>
                  <String HEIGHT="85"
                          WIDTH="153"
                          VPOS="1193"
                          HPOS="1695"
                          CONTENT="quo"/>
                  <SP HEIGHT="85" WIDTH="22" VPOS="1193" HPOS="1849"/>
                  <String HEIGHT="85"
                          WIDTH="328"
                          VPOS="1193"
                          HPOS="1783"
                          CONTENT="annunciatur"/>
                  <SP HEIGHT="85" WIDTH="22" VPOS="1193" HPOS="2111"/>
                  <String HEIGHT="85"
                          WIDTH="175"
                          VPOS="1193"
                          HPOS="2024"
                          CONTENT="uerbum"/>
               </TextLine>
               <TextLine ID="r2l18"
                         BASELINE="1341"
                         HEIGHT="82"
                         WIDTH="880"
                         VPOS="1259"
                         HPOS="528">
                  <String HEIGHT="82"
                          WIDTH="154"
                          VPOS="1259"
                          HPOS="506"
                          CONTENT="dei"/>
                  <SP HEIGHT="82" WIDTH="22" VPOS="1259" HPOS="660"/>
                  <String HEIGHT="82"
                          WIDTH="264"
                          VPOS="1259"
                          HPOS="594"
                          CONTENT="genuinam"/>
                  <SP HEIGHT="82" WIDTH="22" VPOS="1259" HPOS="858"/>
                  <String HEIGHT="82"
                          WIDTH="220"
                          VPOS="1259"
                          HPOS="792"
                          CONTENT="habere"/>
                  <SP HEIGHT="82" WIDTH="22" VPOS="1259" HPOS="1012"/>
                  <String HEIGHT="82"
                          WIDTH="264"
                          VPOS="1259"
                          HPOS="946"
                          CONTENT="filiorum"/>
                  <SP HEIGHT="82" WIDTH="22" VPOS="1259" HPOS="1210"/>
                  <String HEIGHT="82"
                          WIDTH="154"
                          VPOS="1259"
                          HPOS="1144"
                          CONTENT="dei"/>
                  <SP HEIGHT="82" WIDTH="22" VPOS="1259" HPOS="1298"/>
                  <String HEIGHT="82"
                          WIDTH="220"
                          VPOS="1259"
                          HPOS="1232"
                          CONTENT="notam."/>
                  <SP HEIGHT="82" WIDTH="22" VPOS="1259" HPOS="1452"/>
                  <String HEIGHT="82" WIDTH="44" VPOS="1259" HPOS="1364" CONTENT=""/>
               </TextLine>
               <TextLine ID="r2l19"
                         BASELINE="1395"
                         HEIGHT="86"
                         WIDTH="1562"
                         VPOS="1309"
                         HPOS="633">
                  <String HEIGHT="86"
                          WIDTH="226"
                          VPOS="1309"
                          HPOS="612"
                          CONTENT="Quoniam"/>
                  <SP HEIGHT="86" WIDTH="21" VPOS="1309" HPOS="839"/>
                  <String HEIGHT="86"
                          WIDTH="164"
                          VPOS="1309"
                          HPOS="777"
                          CONTENT="uero"/>
                  <SP HEIGHT="86" WIDTH="21" VPOS="1309" HPOS="941"/>
                  <String HEIGHT="86"
                          WIDTH="185"
                          VPOS="1309"
                          HPOS="880"
                          CONTENT="multi"/>
                  <SP HEIGHT="86" WIDTH="21" VPOS="1309" HPOS="1065"/>
                  <String HEIGHT="86"
                          WIDTH="144"
                          VPOS="1309"
                          HPOS="1003"
                          CONTENT="non"/>
                  <SP HEIGHT="86" WIDTH="21" VPOS="1309" HPOS="1147"/>
                  <String HEIGHT="86"
                          WIDTH="206"
                          VPOS="1309"
                          HPOS="1085"
                          CONTENT="tantum"/>
                  <SP HEIGHT="86" WIDTH="21" VPOS="1309" HPOS="1291"/>
                  <String HEIGHT="86"
                          WIDTH="206"
                          VPOS="1309"
                          HPOS="1229"
                          CONTENT="sacros"/>
                  <SP HEIGHT="86" WIDTH="21" VPOS="1309" HPOS="1435"/>
                  <String HEIGHT="86"
                          WIDTH="206"
                          VPOS="1309"
                          HPOS="1373"
                          CONTENT="coetus"/>
                  <SP HEIGHT="86" WIDTH="21" VPOS="1309" HPOS="1578"/>
                  <String HEIGHT="86"
                          WIDTH="308"
                          VPOS="1309"
                          HPOS="1517"
                          CONTENT="fastidiunt,"/>
                  <SP HEIGHT="86" WIDTH="21" VPOS="1309" HPOS="1825"/>
                  <String HEIGHT="86"
                          WIDTH="144"
                          VPOS="1309"
                          HPOS="1763"
                          CONTENT="sed"/>
                  <SP HEIGHT="86" WIDTH="21" VPOS="1309" HPOS="1907"/>
                  <String HEIGHT="86" WIDTH="103" VPOS="1309" HPOS="1846" CONTENT="&amp;"/>
                  <SP HEIGHT="86" WIDTH="21" VPOS="1309" HPOS="1948"/>
                  <String HEIGHT="86"
                          WIDTH="206"
                          VPOS="1309"
                          HPOS="1887"
                          CONTENT="preces"/>
                  <SP HEIGHT="86" WIDTH="21" VPOS="1309" HPOS="2092"/>
                  <String HEIGHT="86"
                          WIDTH="123"
                          VPOS="1309"
                          HPOS="2031"
                          CONTENT="in"/>
                  <SP HEIGHT="86" WIDTH="21" VPOS="1309" HPOS="2154"/>
                  <String HEIGHT="86"
                          WIDTH="123"
                          VPOS="1309"
                          HPOS="2072"
                          CONTENT="uni"
                          SUBS_TYPE="HypPart1"
                          SUBS_CONTENT="uniuersum"/>
                  <HYP CONTENT="-"/>
               </TextLine>
               <TextLine ID="r2l20"
                         BASELINE="1444"
                         HEIGHT="83"
                         WIDTH="1668"
                         VPOS="1361"
                         HPOS="530">
                  <String HEIGHT="83"
                          WIDTH="214"
                          VPOS="1361"
                          HPOS="509"
                          CONTENT="uersum"
                          SUBS_TYPE="HypPart2"
                          SUBS_CONTENT="uniuersum"/>
                  <SP HEIGHT="83" WIDTH="21" VPOS="1361" HPOS="722"/>
                  <String HEIGHT="83"
                          WIDTH="192"
                          VPOS="1361"
                          HPOS="658"
                          CONTENT="aiunt"/>
                  <SP HEIGHT="83" WIDTH="21" VPOS="1361" HPOS="851"/>
                  <String HEIGHT="83"
                          WIDTH="171"
                          VPOS="1361"
                          HPOS="787"
                          CONTENT="esse"/>
                  <SP HEIGHT="83" WIDTH="21" VPOS="1361" HPOS="958"/>
                  <String HEIGHT="83"
                          WIDTH="342"
                          VPOS="1361"
                          HPOS="894"
                          CONTENT="superuacuas,"/>
                  <SP HEIGHT="83" WIDTH="21" VPOS="1361" HPOS="1236"/>
                  <String HEIGHT="83"
                          WIDTH="235"
                          VPOS="1361"
                          HPOS="1172"
                          CONTENT="inanes,"/>
                  <SP HEIGHT="83" WIDTH="21" VPOS="1361" HPOS="1407"/>
                  <String HEIGHT="83" WIDTH="107" VPOS="1361" HPOS="1343" CONTENT="&amp;"/>
                  <SP HEIGHT="83" WIDTH="21" VPOS="1361" HPOS="1450"/>
                  <String HEIGHT="83"
                          WIDTH="342"
                          VPOS="1361"
                          HPOS="1385"
                          CONTENT="inefficaces,"/>
                  <SP HEIGHT="83" WIDTH="21" VPOS="1361" HPOS="1728"/>
                  <String HEIGHT="83"
                          WIDTH="278"
                          VPOS="1361"
                          HPOS="1663"
                          CONTENT="priusquam"/>
                  <SP HEIGHT="83" WIDTH="21" VPOS="1361" HPOS="1941"/>
                  <String HEIGHT="83"
                          WIDTH="364"
                          VPOS="1361"
                          HPOS="1877"
                          CONTENT="progrediamur,"/>
                  <SP HEIGHT="83" WIDTH="21" VPOS="1361" HPOS="2241"/>
                  <String HEIGHT="83" WIDTH="43" VPOS="1361" HPOS="2155" CONTENT=""/>
               </TextLine>
               <TextLine ID="r2l21"
                         BASELINE="1508"
                         HEIGHT="89"
                         WIDTH="1678"
                         VPOS="1419"
                         HPOS="524">
                  <String HEIGHT="89"
                          WIDTH="382"
                          VPOS="1419"
                          HPOS="503"
                          CONTENT="demonstrabimus"/>
                  <SP HEIGHT="89" WIDTH="21" VPOS="1419" HPOS="885"/>
                  <String HEIGHT="89"
                          WIDTH="234"
                          VPOS="1419"
                          HPOS="821"
                          CONTENT="orandum"/>
                  <SP HEIGHT="89" WIDTH="21" VPOS="1419" HPOS="1055"/>
                  <String HEIGHT="89"
                          WIDTH="170"
                          VPOS="1419"
                          HPOS="991"
                          CONTENT="esse"/>
                  <SP HEIGHT="89" WIDTH="21" VPOS="1419" HPOS="1161"/>
                  <String HEIGHT="89"
                          WIDTH="255"
                          VPOS="1419"
                          HPOS="1097"
                          CONTENT="sanctis,"/>
                  <SP HEIGHT="89" WIDTH="21" VPOS="1419" HPOS="1352"/>
                  <String HEIGHT="89"
                          WIDTH="340"
                          VPOS="1419"
                          HPOS="1289"
                          CONTENT="orationesque"/>
                  <SP HEIGHT="89" WIDTH="21" VPOS="1419" HPOS="1629"/>
                  <String HEIGHT="89"
                          WIDTH="276"
                          VPOS="1419"
                          HPOS="1565"
                          CONTENT="sanctorum"/>
                  <SP HEIGHT="89" WIDTH="21" VPOS="1419" HPOS="1841"/>
                  <String HEIGHT="89" WIDTH="106" VPOS="1419" HPOS="1777" CONTENT="&amp;"/>
                  <SP HEIGHT="89" WIDTH="21" VPOS="1419" HPOS="1883"/>
                  <String HEIGHT="89"
                          WIDTH="276"
                          VPOS="1419"
                          HPOS="1820"
                          CONTENT="efficaces"/>
                  <SP HEIGHT="89" WIDTH="21" VPOS="1419" HPOS="2096"/>
                  <String HEIGHT="89"
                          WIDTH="170"
                          VPOS="1419"
                          HPOS="2032"
                          CONTENT="esse"/>
                  <SP HEIGHT="89" WIDTH="21" VPOS="1419" HPOS="2202"/>
                  <String HEIGHT="89" WIDTH="106" VPOS="1419" HPOS="2138" CONTENT="&amp;"/>
                  <SP HEIGHT="89" WIDTH="21" VPOS="1419" HPOS="2244"/>
                  <String HEIGHT="89" WIDTH="42" VPOS="1419" HPOS="2160" CONTENT=""/>
               </TextLine>
               <TextLine ID="r2l22"
                         BASELINE="1556"
                         HEIGHT="82"
                         WIDTH="1670"
                         VPOS="1474"
                         HPOS="525">
                  <String HEIGHT="82"
                          WIDTH="219"
                          VPOS="1474"
                          HPOS="505"
                          CONTENT="utiles,"/>
                  <SP HEIGHT="82" WIDTH="20" VPOS="1474" HPOS="724"/>
                  <String HEIGHT="82"
                          WIDTH="219"
                          VPOS="1474"
                          HPOS="664"
                          CONTENT="adeoque"/>
                  <SP HEIGHT="82" WIDTH="20" VPOS="1474" HPOS="883"/>
                  <String HEIGHT="82"
                          WIDTH="318"
                          VPOS="1474"
                          HPOS="823"
                          CONTENT="necessarias."/>
                  <SP HEIGHT="82" WIDTH="20" VPOS="1474" HPOS="1141"/>
                  <String HEIGHT="82"
                          WIDTH="298"
                          VPOS="1474"
                          HPOS="1082"
                          CONTENT="Prouidentia"/>
                  <SP HEIGHT="82" WIDTH="20" VPOS="1474" HPOS="1380"/>
                  <String HEIGHT="82"
                          WIDTH="139"
                          VPOS="1474"
                          HPOS="1320"
                          CONTENT="dei"/>
                  <SP HEIGHT="82" WIDTH="20" VPOS="1474" HPOS="1459"/>
                  <String HEIGHT="82"
                          WIDTH="179"
                          VPOS="1474"
                          HPOS="1400"
                          CONTENT="omnia"/>
                  <SP HEIGHT="82" WIDTH="20" VPOS="1474" HPOS="1579"/>
                  <String HEIGHT="82"
                          WIDTH="199"
                          VPOS="1474"
                          HPOS="1519"
                          CONTENT="fiunt,"/>
                  <SP HEIGHT="82" WIDTH="20" VPOS="1474" HPOS="1718"/>
                  <String HEIGHT="82"
                          WIDTH="258"
                          VPOS="1474"
                          HPOS="1658"
                          CONTENT="inquiunt,"/>
                  <SP HEIGHT="82" WIDTH="20" VPOS="1474" HPOS="1917"/>
                  <String HEIGHT="82"
                          WIDTH="159"
                          VPOS="1474"
                          HPOS="1857"
                          CONTENT="ergo"/>
                  <SP HEIGHT="82" WIDTH="20" VPOS="1474" HPOS="2016"/>
                  <String HEIGHT="82"
                          WIDTH="199"
                          VPOS="1474"
                          HPOS="1956"
                          CONTENT="preces"/>
                  <SP HEIGHT="82" WIDTH="20" VPOS="1474" HPOS="2155"/>
                  <String HEIGHT="82"
                          WIDTH="119"
                          VPOS="1474"
                          HPOS="2076"
                          CONTENT="sunt"/>
               </TextLine>
               <TextLine ID="r2l23"
                         BASELINE="1621"
                         HEIGHT="78"
                         WIDTH="1661"
                         VPOS="1543"
                         HPOS="532">
                  <String HEIGHT="78"
                          WIDTH="267"
                          VPOS="1543"
                          HPOS="511"
                          CONTENT="inutiles."/>
                  <SP HEIGHT="78" WIDTH="21" VPOS="1543" HPOS="778"/>
                  <String HEIGHT="78"
                          WIDTH="164"
                          VPOS="1543"
                          HPOS="717"
                          CONTENT="Quod"/>
                  <SP HEIGHT="78" WIDTH="21" VPOS="1543" HPOS="881"/>
                  <String HEIGHT="78"
                          WIDTH="164"
                          VPOS="1543"
                          HPOS="819"
                          CONTENT="enim"/>
                  <SP HEIGHT="78" WIDTH="21" VPOS="1543" HPOS="983"/>
                  <String HEIGHT="78"
                          WIDTH="287"
                          VPOS="1543"
                          HPOS="922"
                          CONTENT="praesciuit"/>
                  <SP HEIGHT="78" WIDTH="21" VPOS="1543" HPOS="1209"/>
                  <String HEIGHT="78"
                          WIDTH="185"
                          VPOS="1543"
                          HPOS="1147"
                          CONTENT="deus,"/>
                  <SP HEIGHT="78" WIDTH="21" VPOS="1543" HPOS="1332"/>
                  <String HEIGHT="78"
                          WIDTH="123"
                          VPOS="1543"
                          HPOS="1270"
                          CONTENT="id"/>
                  <SP HEIGHT="78" WIDTH="21" VPOS="1543" HPOS="1393"/>
                  <String HEIGHT="78"
                          WIDTH="205"
                          VPOS="1543"
                          HPOS="1332"
                          CONTENT="omnino"/>
                  <SP HEIGHT="78" WIDTH="21" VPOS="1543" HPOS="1537"/>
                  <String HEIGHT="78"
                          WIDTH="123"
                          VPOS="1543"
                          HPOS="1475"
                          CONTENT="eo"/>
                  <SP HEIGHT="78" WIDTH="21" VPOS="1543" HPOS="1598"/>
                  <String HEIGHT="78"
                          WIDTH="164"
                          VPOS="1543"
                          HPOS="1537"
                          CONTENT="modo"/>
                  <SP HEIGHT="78" WIDTH="21" VPOS="1543" HPOS="1701"/>
                  <String HEIGHT="78"
                          WIDTH="123"
                          VPOS="1543"
                          HPOS="1639"
                          CONTENT="in"/>
                  <SP HEIGHT="78" WIDTH="21" VPOS="1543" HPOS="1762"/>
                  <String HEIGHT="78"
                          WIDTH="246"
                          VPOS="1543"
                          HPOS="1701"
                          CONTENT="effectum"/>
                  <SP HEIGHT="78" WIDTH="21" VPOS="1543" HPOS="1947"/>
                  <String HEIGHT="78"
                          WIDTH="246"
                          VPOS="1543"
                          HPOS="1885"
                          CONTENT="deducit,"/>
                  <SP HEIGHT="78" WIDTH="21" VPOS="1543" HPOS="2131"/>
                  <String HEIGHT="78"
                          WIDTH="144"
                          VPOS="1543"
                          HPOS="2049"
                          CONTENT="sicut"/>
               </TextLine>
               <TextLine ID="r2l24"
                         BASELINE="1680"
                         HEIGHT="84"
                         WIDTH="1663"
                         VPOS="1596"
                         HPOS="533">
                  <String HEIGHT="84"
                          WIDTH="304"
                          VPOS="1596"
                          HPOS="513"
                          CONTENT="praesciuit,"/>
                  <SP HEIGHT="84" WIDTH="20" VPOS="1596" HPOS="817"/>
                  <String HEIGHT="84"
                          WIDTH="142"
                          VPOS="1596"
                          HPOS="756"
                          CONTENT="nec"/>
                  <SP HEIGHT="84" WIDTH="20" VPOS="1596" HPOS="898"/>
                  <String HEIGHT="84"
                          WIDTH="243"
                          VPOS="1596"
                          HPOS="837"
                          CONTENT="impediri"/>
                  <SP HEIGHT="84" WIDTH="20" VPOS="1596" HPOS="1081"/>
                  <String HEIGHT="84"
                          WIDTH="203"
                          VPOS="1596"
                          HPOS="1020"
                          CONTENT="potest"/>
                  <SP HEIGHT="84" WIDTH="20" VPOS="1596" HPOS="1223"/>
                  <String HEIGHT="84"
                          WIDTH="264"
                          VPOS="1596"
                          HPOS="1162"
                          CONTENT="precibus."/>
                  <SP HEIGHT="84" WIDTH="20" VPOS="1596" HPOS="1425"/>
                  <String HEIGHT="84"
                          WIDTH="243"
                          VPOS="1596"
                          HPOS="1365"
                          CONTENT="Caeterum"/>
                  <SP HEIGHT="84" WIDTH="20" VPOS="1596" HPOS="1608"/>
                  <String HEIGHT="84"
                          WIDTH="162"
                          VPOS="1596"
                          HPOS="1547"
                          CONTENT="isti"/>
                  <SP HEIGHT="84" WIDTH="20" VPOS="1596" HPOS="1709"/>
                  <String HEIGHT="84"
                          WIDTH="264"
                          VPOS="1596"
                          HPOS="1648"
                          CONTENT="abutuntur"/>
                  <SP HEIGHT="84" WIDTH="20" VPOS="1596" HPOS="1912"/>
                  <String HEIGHT="84"
                          WIDTH="142"
                          VPOS="1596"
                          HPOS="1851"
                          CONTENT="dei"/>
                  <SP HEIGHT="84" WIDTH="20" VPOS="1596" HPOS="1993"/>
                  <String HEIGHT="84"
                          WIDTH="284"
                          VPOS="1596"
                          HPOS="1912"
                          CONTENT="prouidentia,"/>
               </TextLine>
               <TextLine ID="r2l25"
                         BASELINE="1722"
                         HEIGHT="69"
                         WIDTH="1667"
                         VPOS="1653"
                         HPOS="523">
                  <String HEIGHT="69"
                          WIDTH="214"
                          VPOS="1653"
                          HPOS="502"
                          CONTENT="utpote"/>
                  <SP HEIGHT="69" WIDTH="21" VPOS="1653" HPOS="715"/>
                  <String HEIGHT="69" WIDTH="128" VPOS="1653" HPOS="651" CONTENT="ex"/>
                  <SP HEIGHT="69" WIDTH="21" VPOS="1653" HPOS="779"/>
                  <String HEIGHT="69"
                          WIDTH="150"
                          VPOS="1653"
                          HPOS="715"
                          CONTENT="qua"/>
                  <SP HEIGHT="69" WIDTH="21" VPOS="1653" HPOS="865"/>
                  <String HEIGHT="69"
                          WIDTH="278"
                          VPOS="1653"
                          HPOS="801"
                          CONTENT="colligunt"/>
                  <SP HEIGHT="69" WIDTH="21" VPOS="1653" HPOS="1079"/>
                  <String HEIGHT="69"
                          WIDTH="171"
                          VPOS="1653"
                          HPOS="1015"
                          CONTENT="quod"/>
                  <SP HEIGHT="69" WIDTH="21" VPOS="1653" HPOS="1186"/>
                  <String HEIGHT="69"
                          WIDTH="150"
                          VPOS="1653"
                          HPOS="1121"
                          CONTENT="non"/>
                  <SP HEIGHT="69" WIDTH="21" VPOS="1653" HPOS="1271"/>
                  <String HEIGHT="69"
                          WIDTH="214"
                          VPOS="1653"
                          HPOS="1207"
                          CONTENT="docent"/>
                  <SP HEIGHT="69" WIDTH="21" VPOS="1653" HPOS="1421"/>
                  <String HEIGHT="69"
                          WIDTH="278"
                          VPOS="1653"
                          HPOS="1357"
                          CONTENT="colligere"/>
                  <SP HEIGHT="69" WIDTH="21" VPOS="1653" HPOS="1634"/>
                  <String HEIGHT="69"
                          WIDTH="235"
                          VPOS="1653"
                          HPOS="1570"
                          CONTENT="eloquia"/>
                  <SP HEIGHT="69" WIDTH="21" VPOS="1653" HPOS="1805"/>
                  <String HEIGHT="69"
                          WIDTH="214"
                          VPOS="1653"
                          HPOS="1741"
                          CONTENT="sacra."/>
                  <SP HEIGHT="69" WIDTH="21" VPOS="1653" HPOS="1955"/>
                  <String HEIGHT="69"
                          WIDTH="150"
                          VPOS="1653"
                          HPOS="1891"
                          CONTENT="Nam"/>
                  <SP HEIGHT="69" WIDTH="21" VPOS="1653" HPOS="2040"/>
                  <String HEIGHT="69"
                          WIDTH="128"
                          VPOS="1653"
                          HPOS="1976"
                          CONTENT="in"/>
                  <SP HEIGHT="69" WIDTH="21" VPOS="1653" HPOS="2105"/>
                  <String HEIGHT="69"
                          WIDTH="192"
                          VPOS="1653"
                          HPOS="2040"
                          CONTENT="Deut."/>
                  <SP HEIGHT="69" WIDTH="21" VPOS="1653" HPOS="2233"/>
                  <String HEIGHT="69" WIDTH="43" VPOS="1653" HPOS="2147" CONTENT=""/>
               </TextLine>
               <TextLine ID="r2l26"
                         BASELINE="1777"
                         HEIGHT="76"
                         WIDTH="1671"
                         VPOS="1701"
                         HPOS="530">
                  <String HEIGHT="76"
                          WIDTH="260"
                          VPOS="1701"
                          HPOS="508"
                          CONTENT="disertis"/>
                  <SP HEIGHT="76" WIDTH="22" VPOS="1701" HPOS="769"/>
                  <String HEIGHT="76"
                          WIDTH="217"
                          VPOS="1701"
                          HPOS="704"
                          CONTENT="uerbis"/>
                  <SP HEIGHT="76" WIDTH="22" VPOS="1701" HPOS="921"/>
                  <String HEIGHT="76"
                          WIDTH="195"
                          VPOS="1701"
                          HPOS="856"
                          CONTENT="Moses"/>
                  <SP HEIGHT="76" WIDTH="22" VPOS="1701" HPOS="1051"/>
                  <String HEIGHT="76"
                          WIDTH="260"
                          VPOS="1701"
                          HPOS="986"
                          CONTENT="scriptum"/>
                  <SP HEIGHT="76" WIDTH="22" VPOS="1701" HPOS="1246"/>
                  <String HEIGHT="76"
                          WIDTH="282"
                          VPOS="1701"
                          HPOS="1181"
                          CONTENT="reliquit,"/>
                  <SP HEIGHT="76" WIDTH="22" VPOS="1701" HPOS="1463"/>
                  <String HEIGHT="76"
                          WIDTH="304"
                          VPOS="1701"
                          HPOS="1398"
                          CONTENT="Decreuerat"/>
                  <SP HEIGHT="76" WIDTH="22" VPOS="1701" HPOS="1702"/>
                  <String HEIGHT="76"
                          WIDTH="152"
                          VPOS="1701"
                          HPOS="1637"
                          CONTENT="uos"/>
                  <SP HEIGHT="76" WIDTH="22" VPOS="1701" HPOS="1789"/>
                  <String HEIGHT="76"
                          WIDTH="239"
                          VPOS="1701"
                          HPOS="1724"
                          CONTENT="dominus"/>
                  <SP HEIGHT="76" WIDTH="22" VPOS="1701" HPOS="1962"/>
                  <String HEIGHT="76"
                          WIDTH="239"
                          VPOS="1701"
                          HPOS="1897"
                          CONTENT="delere,"/>
                  <SP HEIGHT="76" WIDTH="22" VPOS="1701" HPOS="2136"/>
                  <String HEIGHT="76"
                          WIDTH="152"
                          VPOS="1701"
                          HPOS="2049"
                          CONTENT="Oraui"/>
               </TextLine>
               <TextLine ID="r2l27"
                         BASELINE="1838"
                         HEIGHT="72"
                         WIDTH="1663"
                         VPOS="1766"
                         HPOS="532">
                  <String HEIGHT="72"
                          WIDTH="219"
                          VPOS="1766"
                          HPOS="510"
                          CONTENT="igitur"/>
                  <SP HEIGHT="72" WIDTH="22" VPOS="1766" HPOS="729"/>
                  <String HEIGHT="72" WIDTH="131" VPOS="1766" HPOS="663" CONTENT="ad"/>
                  <SP HEIGHT="72" WIDTH="22" VPOS="1766" HPOS="795"/>
                  <String HEIGHT="72"
                          WIDTH="263"
                          VPOS="1766"
                          HPOS="729"
                          CONTENT="dominum,"/>
                  <SP HEIGHT="72" WIDTH="22" VPOS="1766" HPOS="992"/>
                  <String HEIGHT="72" WIDTH="109" VPOS="1766" HPOS="926" CONTENT="&amp;"/>
                  <SP HEIGHT="72" WIDTH="22" VPOS="1766" HPOS="1035"/>
                  <String HEIGHT="72"
                          WIDTH="219"
                          VPOS="1766"
                          HPOS="970"
                          CONTENT="inueni"/>
                  <SP HEIGHT="72" WIDTH="22" VPOS="1766" HPOS="1188"/>
                  <String HEIGHT="72"
                          WIDTH="263"
                          VPOS="1766"
                          HPOS="1123"
                          CONTENT="gratiam."/>
                  <SP HEIGHT="72" WIDTH="22" VPOS="1766" HPOS="1385"/>
                  <String HEIGHT="72"
                          WIDTH="197"
                          VPOS="1766"
                          HPOS="1320"
                          CONTENT="Ionas"/>
                  <SP HEIGHT="72" WIDTH="22" VPOS="1766" HPOS="1517"/>
                  <String HEIGHT="72"
                          WIDTH="284"
                          VPOS="1766"
                          HPOS="1451"
                          CONTENT="Niniuitis"/>
                  <SP HEIGHT="72" WIDTH="22" VPOS="1766" HPOS="1735"/>
                  <String HEIGHT="72"
                          WIDTH="328"
                          VPOS="1766"
                          HPOS="1670"
                          CONTENT="denunciauit"/>
                  <SP HEIGHT="72" WIDTH="22" VPOS="1766" HPOS="1998"/>
                  <String HEIGHT="72"
                          WIDTH="263"
                          VPOS="1766"
                          HPOS="1932"
                          CONTENT="excidium"/>
                  <SP HEIGHT="72" WIDTH="22" VPOS="1766" HPOS="2195"/>
                  <String HEIGHT="72"
                          WIDTH="88"
                          VPOS="1766"
                          HPOS="2107"
                          CONTENT="a"
                          SUBS_TYPE="HypPart1"
                          SUBS_CONTENT="adeo"/>
                  <HYP CONTENT="-"/>
               </TextLine>
               <TextLine ID="r2l28"
                         BASELINE="1887"
                         HEIGHT="77"
                         WIDTH="1684"
                         VPOS="1810"
                         HPOS="522">
                  <String HEIGHT="77"
                          WIDTH="157"
                          VPOS="1810"
                          HPOS="500"
                          CONTENT="deo"
                          SUBS_TYPE="HypPart2"
                          SUBS_CONTENT="adeo"/>
                  <SP HEIGHT="77" WIDTH="22" VPOS="1810" HPOS="657"/>
                  <String HEIGHT="77"
                          WIDTH="225"
                          VPOS="1810"
                          HPOS="589"
                          CONTENT="certum"/>
                  <SP HEIGHT="77" WIDTH="22" VPOS="1810" HPOS="814"/>
                  <String HEIGHT="77" WIDTH="112" VPOS="1810" HPOS="747" CONTENT="a"/>
                  <SP HEIGHT="77" WIDTH="22" VPOS="1810" HPOS="859"/>
                  <String HEIGHT="77"
                          WIDTH="247"
                          VPOS="1810"
                          HPOS="791"
                          CONTENT="domino,"/>
                  <SP HEIGHT="77" WIDTH="22" VPOS="1810" HPOS="1038"/>
                  <String HEIGHT="77" WIDTH="135" VPOS="1810" HPOS="971" CONTENT="ut"/>
                  <SP HEIGHT="77" WIDTH="22" VPOS="1810" HPOS="1106"/>
                  <String HEIGHT="77"
                          WIDTH="202"
                          VPOS="1810"
                          HPOS="1038"
                          CONTENT="etiam"/>
                  <SP HEIGHT="77" WIDTH="22" VPOS="1810" HPOS="1241"/>
                  <String HEIGHT="77"
                          WIDTH="225"
                          VPOS="1810"
                          HPOS="1173"
                          CONTENT="dierum"/>
                  <SP HEIGHT="77" WIDTH="22" VPOS="1810" HPOS="1398"/>
                  <String HEIGHT="77"
                          WIDTH="247"
                          VPOS="1810"
                          HPOS="1330"
                          CONTENT="numerum"/>
                  <SP HEIGHT="77" WIDTH="22" VPOS="1810" HPOS="1577"/>
                  <String HEIGHT="77"
                          WIDTH="292"
                          VPOS="1810"
                          HPOS="1510"
                          CONTENT="ediceret."/>
                  <SP HEIGHT="77" WIDTH="22" VPOS="1810" HPOS="1802"/>
                  <String HEIGHT="77"
                          WIDTH="157"
                          VPOS="1810"
                          HPOS="1734"
                          CONTENT="Sed"/>
                  <SP HEIGHT="77" WIDTH="22" VPOS="1810" HPOS="1892"/>
                  <String HEIGHT="77"
                          WIDTH="157"
                          VPOS="1810"
                          HPOS="1824"
                          CONTENT="cum"/>
                  <SP HEIGHT="77" WIDTH="22" VPOS="1810" HPOS="1981"/>
                  <String HEIGHT="77"
                          WIDTH="180"
                          VPOS="1810"
                          HPOS="1914"
                          CONTENT="uiri"/>
                  <SP HEIGHT="77" WIDTH="22" VPOS="1810" HPOS="2094"/>
                  <String HEIGHT="77"
                          WIDTH="202"
                          VPOS="1810"
                          HPOS="2004"
                          CONTENT="Niniui"
                          SUBS_TYPE="HypPart1"
                          SUBS_CONTENT="Niniuitae"/>
                  <HYP CONTENT="-"/>
               </TextLine>
               <TextLine ID="r2l29"
                         BASELINE="1943"
                         HEIGHT="77"
                         WIDTH="1676"
                         VPOS="1866"
                         HPOS="521">
                  <String HEIGHT="77"
                          WIDTH="149"
                          VPOS="1866"
                          HPOS="500"
                          CONTENT="tae"
                          SUBS_TYPE="HypPart2"
                          SUBS_CONTENT="Niniuitae"/>
                  <SP HEIGHT="77" WIDTH="21" VPOS="1866" HPOS="648"/>
                  <String HEIGHT="77"
                          WIDTH="276"
                          VPOS="1866"
                          HPOS="585"
                          CONTENT="crederent"/>
                  <SP HEIGHT="77" WIDTH="21" VPOS="1866" HPOS="860"/>
                  <String HEIGHT="77"
                          WIDTH="233"
                          VPOS="1866"
                          HPOS="797"
                          CONTENT="domino,"/>
                  <SP HEIGHT="77" WIDTH="21" VPOS="1866" HPOS="1030"/>
                  <String HEIGHT="77" WIDTH="106" VPOS="1866" HPOS="967" CONTENT="&amp;"/>
                  <SP HEIGHT="77" WIDTH="21" VPOS="1866" HPOS="1073"/>
                  <String HEIGHT="77"
                          WIDTH="339"
                          VPOS="1866"
                          HPOS="1009"
                          CONTENT="poenitentiam"/>
                  <SP HEIGHT="77" WIDTH="21" VPOS="1866" HPOS="1348"/>
                  <String HEIGHT="77"
                          WIDTH="255"
                          VPOS="1866"
                          HPOS="1285"
                          CONTENT="agerent,"/>
                  <SP HEIGHT="77" WIDTH="21" VPOS="1866" HPOS="1539"/>
                  <String HEIGHT="77"
                          WIDTH="212"
                          VPOS="1866"
                          HPOS="1476"
                          CONTENT="redijt"/>
                  <SP HEIGHT="77" WIDTH="21" VPOS="1866" HPOS="1688"/>
                  <String HEIGHT="77"
                          WIDTH="149"
                          VPOS="1866"
                          HPOS="1624"
                          CONTENT="cum"/>
                  <SP HEIGHT="77" WIDTH="21" VPOS="1866" HPOS="1773"/>
                  <String HEIGHT="77"
                          WIDTH="191"
                          VPOS="1866"
                          HPOS="1709"
                          CONTENT="ipsis"/>
                  <SP HEIGHT="77" WIDTH="21" VPOS="1866" HPOS="1900"/>
                  <String HEIGHT="77"
                          WIDTH="127"
                          VPOS="1866"
                          HPOS="1836"
                          CONTENT="in"/>
                  <SP HEIGHT="77" WIDTH="21" VPOS="1866" HPOS="1964"/>
                  <String HEIGHT="77"
                          WIDTH="233"
                          VPOS="1866"
                          HPOS="1900"
                          CONTENT="gratiam"/>
                  <SP HEIGHT="77" WIDTH="21" VPOS="1866" HPOS="2133"/>
                  <String HEIGHT="77"
                          WIDTH="149"
                          VPOS="1866"
                          HPOS="2048"
                          CONTENT="domi"
                          SUBS_TYPE="HypPart1"
                          SUBS_CONTENT="dominus,"/>
                  <HYP CONTENT="-"/>
               </TextLine>
               <TextLine ID="r2l30"
                         BASELINE="2005"
                         HEIGHT="81"
                         WIDTH="1671"
                         VPOS="1924"
                         HPOS="528">
                  <String HEIGHT="81"
                          WIDTH="165"
                          VPOS="1924"
                          HPOS="507"
                          CONTENT="nus,"
                          SUBS_TYPE="HypPart2"
                          SUBS_CONTENT="dominus,"/>
                  <SP HEIGHT="81" WIDTH="21" VPOS="1924" HPOS="672"/>
                  <String HEIGHT="81"
                          WIDTH="144"
                          VPOS="1924"
                          HPOS="611"
                          CONTENT="nec"/>
                  <SP HEIGHT="81" WIDTH="21" VPOS="1924" HPOS="755"/>
                  <String HEIGHT="81"
                          WIDTH="309"
                          VPOS="1924"
                          HPOS="693"
                          CONTENT="poenitentes"/>
                  <SP HEIGHT="81" WIDTH="21" VPOS="1924" HPOS="1002"/>
                  <String HEIGHT="81"
                          WIDTH="248"
                          VPOS="1924"
                          HPOS="941"
                          CONTENT="excidit."/>
                  <SP HEIGHT="81" WIDTH="21" VPOS="1924" HPOS="1188"/>
                  <String HEIGHT="81"
                          WIDTH="227"
                          VPOS="1924"
                          HPOS="1126"
                          CONTENT="Dixerat"/>
                  <SP HEIGHT="81" WIDTH="21" VPOS="1924" HPOS="1353"/>
                  <String HEIGHT="81"
                          WIDTH="268"
                          VPOS="1924"
                          HPOS="1291"
                          CONTENT="praeterea"/>
                  <SP HEIGHT="81" WIDTH="21" VPOS="1924" HPOS="1559"/>
                  <String HEIGHT="81"
                          WIDTH="206"
                          VPOS="1924"
                          HPOS="1498"
                          CONTENT="lsaias"/>
                  <SP HEIGHT="81" WIDTH="21" VPOS="1924" HPOS="1704"/>
                  <String HEIGHT="81"
                          WIDTH="248"
                          VPOS="1924"
                          HPOS="1642"
                          CONTENT="Ezechiae"/>
                  <SP HEIGHT="81" WIDTH="21" VPOS="1924" HPOS="1890"/>
                  <String HEIGHT="81"
                          WIDTH="124"
                          VPOS="1924"
                          HPOS="1828"
                          CONTENT="ex"/>
                  <SP HEIGHT="81" WIDTH="21" VPOS="1924" HPOS="1951"/>
                  <String HEIGHT="81"
                          WIDTH="144"
                          VPOS="1924"
                          HPOS="1890"
                          CONTENT="ore"/>
                  <SP HEIGHT="81" WIDTH="21" VPOS="1924" HPOS="2034"/>
                  <String HEIGHT="81"
                          WIDTH="227"
                          VPOS="1924"
                          HPOS="1972"
                          CONTENT="domini,"/>
                  <SP HEIGHT="81" WIDTH="21" VPOS="1924" HPOS="2199"/>
                  <String HEIGHT="81" WIDTH="83" VPOS="1924" HPOS="2116" CONTENT="Mo"/>
               </TextLine>
               <TextLine ID="r2l31"
                         BASELINE="2057"
                         HEIGHT="63"
                         WIDTH="1670"
                         VPOS="1994"
                         HPOS="527">
                  <String HEIGHT="63"
                          WIDTH="209"
                          VPOS="1994"
                          HPOS="506"
                          CONTENT="rieris"/>
                  <SP HEIGHT="63" WIDTH="21" VPOS="1994" HPOS="715"/>
                  <String HEIGHT="63"
                          WIDTH="146"
                          VPOS="1994"
                          HPOS="652"
                          CONTENT="tu,"/>
                  <SP HEIGHT="63" WIDTH="21" VPOS="1994" HPOS="798"/>
                  <String HEIGHT="63" WIDTH="104" VPOS="1994" HPOS="736" CONTENT="&amp;"/>
                  <SP HEIGHT="63" WIDTH="21" VPOS="1994" HPOS="840"/>
                  <String HEIGHT="63"
                          WIDTH="146"
                          VPOS="1994"
                          HPOS="778"
                          CONTENT="non"/>
                  <SP HEIGHT="63" WIDTH="21" VPOS="1994" HPOS="924"/>
                  <String HEIGHT="63"
                          WIDTH="209"
                          VPOS="1994"
                          HPOS="861"
                          CONTENT="uiues."/>
                  <SP HEIGHT="63" WIDTH="21" VPOS="1994" HPOS="1070"/>
                  <String HEIGHT="63"
                          WIDTH="146"
                          VPOS="1994"
                          HPOS="1007"
                          CONTENT="Cum"/>
                  <SP HEIGHT="63" WIDTH="21" VPOS="1994" HPOS="1153"/>
                  <String HEIGHT="63"
                          WIDTH="167"
                          VPOS="1994"
                          HPOS="1091"
                          CONTENT="uero"/>
                  <SP HEIGHT="63" WIDTH="21" VPOS="1994" HPOS="1258"/>
                  <String HEIGHT="63"
                          WIDTH="125"
                          VPOS="1994"
                          HPOS="1195"
                          CONTENT="ex"/>
                  <SP HEIGHT="63" WIDTH="21" VPOS="1994" HPOS="1320"/>
                  <String HEIGHT="63"
                          WIDTH="167"
                          VPOS="1994"
                          HPOS="1258"
                          CONTENT="imis"/>
                  <SP HEIGHT="63" WIDTH="21" VPOS="1994" HPOS="1425"/>
                  <String HEIGHT="63"
                          WIDTH="313"
                          VPOS="1994"
                          HPOS="1362"
                          CONTENT="praecordijs"/>
                  <SP HEIGHT="63" WIDTH="21" VPOS="1994" HPOS="1675"/>
                  <String HEIGHT="63"
                          WIDTH="209"
                          VPOS="1994"
                          HPOS="1613"
                          CONTENT="domino"/>
                  <SP HEIGHT="63" WIDTH="21" VPOS="1994" HPOS="1821"/>
                  <String HEIGHT="63"
                          WIDTH="209"
                          VPOS="1994"
                          HPOS="1759"
                          CONTENT="preces"/>
                  <SP HEIGHT="63" WIDTH="21" VPOS="1994" HPOS="1967"/>
                  <String HEIGHT="63"
                          WIDTH="251"
                          VPOS="1994"
                          HPOS="1905"
                          CONTENT="funderet"/>
                  <SP HEIGHT="63" WIDTH="21" VPOS="1994" HPOS="2155"/>
                  <String HEIGHT="63"
                          WIDTH="125"
                          VPOS="1994"
                          HPOS="2072"
                          CONTENT="rex,"/>
               </TextLine>
               <TextLine ID="r2l32"
                         BASELINE="2113"
                         HEIGHT="68"
                         WIDTH="1659"
                         VPOS="2045"
                         HPOS="529">
                  <String HEIGHT="68"
                          WIDTH="247"
                          VPOS="2045"
                          HPOS="507"
                          CONTENT="mutauit"/>
                  <SP HEIGHT="68" WIDTH="22" VPOS="2045" HPOS="753"/>
                  <String HEIGHT="68"
                          WIDTH="179"
                          VPOS="2045"
                          HPOS="686"
                          CONTENT="deus"/>
                  <SP HEIGHT="68" WIDTH="22" VPOS="2045" HPOS="865"/>
                  <String HEIGHT="68"
                          WIDTH="202"
                          VPOS="2045"
                          HPOS="798"
                          CONTENT="latam"/>
                  <SP HEIGHT="68" WIDTH="22" VPOS="2045" HPOS="1000"/>
                  <String HEIGHT="68"
                          WIDTH="336"
                          VPOS="2045"
                          HPOS="933"
                          CONTENT="sententiam."/>
                  <SP HEIGHT="68" WIDTH="22" VPOS="2045" HPOS="1269"/>
                  <String HEIGHT="68"
                          WIDTH="157"
                          VPOS="2045"
                          HPOS="1202"
                          CONTENT="Nam"/>
                  <SP HEIGHT="68" WIDTH="22" VPOS="2045" HPOS="1358"/>
                  <String HEIGHT="68"
                          WIDTH="247"
                          VPOS="2045"
                          HPOS="1291"
                          CONTENT="dominus"/>
                  <SP HEIGHT="68" WIDTH="22" VPOS="2045" HPOS="1538"/>
                  <String HEIGHT="68"
                          WIDTH="179"
                          VPOS="2045"
                          HPOS="1471"
                          CONTENT="ipse"/>
                  <SP HEIGHT="68" WIDTH="22" VPOS="2045" HPOS="1650"/>
                  <String HEIGHT="68"
                          WIDTH="179"
                          VPOS="2045"
                          HPOS="1583"
                          CONTENT="apud"/>
                  <SP HEIGHT="68" WIDTH="22" VPOS="2045" HPOS="1762"/>
                  <String HEIGHT="68"
                          WIDTH="291"
                          VPOS="2045"
                          HPOS="1695"
                          CONTENT="Ieremiam,"/>
                  <SP HEIGHT="68" WIDTH="22" VPOS="2045" HPOS="1986"/>
                  <String HEIGHT="68"
                          WIDTH="247"
                          VPOS="2045"
                          HPOS="1919"
                          CONTENT="Repente"/>
                  <SP HEIGHT="68" WIDTH="22" VPOS="2045" HPOS="2166"/>
                  <String HEIGHT="68"
                          WIDTH="112"
                          VPOS="2045"
                          HPOS="2076"
                          CONTENT="lo"
                          SUBS_TYPE="HypPart1"
                          SUBS_CONTENT="loquar"/>
                  <HYP CONTENT="-"/>
               </TextLine>
               <TextLine ID="r2l33"
                         BASELINE="2185"
                         HEIGHT="91"
                         WIDTH="1662"
                         VPOS="2094"
                         HPOS="530">
                  <String HEIGHT="91"
                          WIDTH="170"
                          VPOS="2094"
                          HPOS="509"
                          CONTENT="quar"
                          SUBS_TYPE="HypPart2"
                          SUBS_CONTENT="loquar"/>
                  <SP HEIGHT="91" WIDTH="21" VPOS="2094" HPOS="679"/>
                  <String HEIGHT="91"
                          WIDTH="256"
                          VPOS="2094"
                          HPOS="615"
                          CONTENT="aduersus"/>
                  <SP HEIGHT="91" WIDTH="21" VPOS="2094" HPOS="871"/>
                  <String HEIGHT="91"
                          WIDTH="213"
                          VPOS="2094"
                          HPOS="807"
                          CONTENT="gentem"/>
                  <SP HEIGHT="91" WIDTH="21" VPOS="2094" HPOS="1020"/>
                  <String HEIGHT="91" WIDTH="107" VPOS="2094" HPOS="956" CONTENT="&amp;"/>
                  <SP HEIGHT="91" WIDTH="21" VPOS="2094" HPOS="1063"/>
                  <String HEIGHT="91"
                          WIDTH="234"
                          VPOS="2094"
                          HPOS="999"
                          CONTENT="regnum,"/>
                  <SP HEIGHT="91" WIDTH="21" VPOS="2094" HPOS="1233"/>
                  <String HEIGHT="91"
                          WIDTH="234"
                          VPOS="2094"
                          HPOS="1169"
                          CONTENT="inquit,"/>
                  <SP HEIGHT="91" WIDTH="21" VPOS="2094" HPOS="1404"/>
                  <String HEIGHT="91"
                          WIDTH="128"
                          VPOS="2094"
                          HPOS="1340"
                          CONTENT="ut"/>
                  <SP HEIGHT="91" WIDTH="21" VPOS="2094" HPOS="1468"/>
                  <String HEIGHT="91"
                          WIDTH="256"
                          VPOS="2094"
                          HPOS="1404"
                          CONTENT="excindam"/>
                  <SP HEIGHT="91" WIDTH="21" VPOS="2094" HPOS="1659"/>
                  <String HEIGHT="91"
                          WIDTH="213"
                          VPOS="2094"
                          HPOS="1595"
                          CONTENT="illud."/>
                  <SP HEIGHT="91" WIDTH="21" VPOS="2094" HPOS="1808"/>
                  <String HEIGHT="91"
                          WIDTH="128"
                          VPOS="2094"
                          HPOS="1745"
                          CONTENT="Si"/>
                  <SP HEIGHT="91" WIDTH="21" VPOS="2094" HPOS="1872"/>
                  <String HEIGHT="91"
                          WIDTH="341"
                          VPOS="2094"
                          HPOS="1808"
                          CONTENT="poenitentiam"/>
                  <SP HEIGHT="91" WIDTH="21" VPOS="2094" HPOS="2149"/>
                  <String HEIGHT="91"
                          WIDTH="128"
                          VPOS="2094"
                          HPOS="2064"
                          CONTENT="ege"
                          SUBS_TYPE="HypPart1"
                          SUBS_CONTENT="egerit"/>
                  <HYP CONTENT="-"/>
               </TextLine>
               <TextLine ID="r2l34"
                         BASELINE="2228"
                         HEIGHT="79"
                         WIDTH="1665"
                         VPOS="2149"
                         HPOS="527">
                  <String HEIGHT="79"
                          WIDTH="144"
                          VPOS="2149"
                          HPOS="506"
                          CONTENT="rit"
                          SUBS_TYPE="HypPart2"
                          SUBS_CONTENT="egerit"/>
                  <SP HEIGHT="79" WIDTH="21" VPOS="2149" HPOS="650"/>
                  <String HEIGHT="79"
                          WIDTH="164"
                          VPOS="2149"
                          HPOS="589"
                          CONTENT="gens"/>
                  <SP HEIGHT="79" WIDTH="21" VPOS="2149" HPOS="753"/>
                  <String HEIGHT="79"
                          WIDTH="185"
                          VPOS="2149"
                          HPOS="691"
                          CONTENT="illa,"/>
                  <SP HEIGHT="79" WIDTH="21" VPOS="2149" HPOS="876"/>
                  <String HEIGHT="79"
                          WIDTH="206"
                          VPOS="2149"
                          HPOS="815"
                          CONTENT="contra"/>
                  <SP HEIGHT="79" WIDTH="21" VPOS="2149" HPOS="1020"/>
                  <String HEIGHT="79"
                          WIDTH="164"
                          VPOS="2149"
                          HPOS="959"
                          CONTENT="quam"/>
                  <SP HEIGHT="79" WIDTH="21" VPOS="2149" HPOS="1123"/>
                  <String HEIGHT="79"
                          WIDTH="247"
                          VPOS="2149"
                          HPOS="1061"
                          CONTENT="loquutus"/>
                  <SP HEIGHT="79" WIDTH="21" VPOS="2149" HPOS="1308"/>
                  <String HEIGHT="79"
                          WIDTH="185"
                          VPOS="2149"
                          HPOS="1246"
                          CONTENT="eram,"/>
                  <SP HEIGHT="79" WIDTH="21" VPOS="2149" HPOS="1431"/>
                  <String HEIGHT="79" WIDTH="103" VPOS="2149" HPOS="1370" CONTENT="a"/>
                  <SP HEIGHT="79" WIDTH="21" VPOS="2149" HPOS="1473"/>
                  <String HEIGHT="79"
                          WIDTH="226"
                          VPOS="2149"
                          HPOS="1411"
                          CONTENT="malitia"/>
                  <SP HEIGHT="79" WIDTH="21" VPOS="2149" HPOS="1637"/>
                  <String HEIGHT="79"
                          WIDTH="164"
                          VPOS="2149"
                          HPOS="1575"
                          CONTENT="sua,"/>
                  <SP HEIGHT="79" WIDTH="21" VPOS="2149" HPOS="1740"/>
                  <String HEIGHT="79"
                          WIDTH="144"
                          VPOS="2149"
                          HPOS="1678"
                          CONTENT="iam"/>
                  <SP HEIGHT="79" WIDTH="21" VPOS="2149" HPOS="1822"/>
                  <String HEIGHT="79" WIDTH="103" VPOS="2149" HPOS="1760" CONTENT="&amp;"/>
                  <SP HEIGHT="79" WIDTH="21" VPOS="2149" HPOS="1863"/>
                  <String HEIGHT="79"
                          WIDTH="123"
                          VPOS="2149"
                          HPOS="1801"
                          CONTENT="me"/>
                  <SP HEIGHT="79" WIDTH="21" VPOS="2149" HPOS="1925"/>
                  <String HEIGHT="79"
                          WIDTH="164"
                          VPOS="2149"
                          HPOS="1863"
                          CONTENT="mali"/>
                  <SP HEIGHT="79" WIDTH="21" VPOS="2149" HPOS="2028"/>
                  <String HEIGHT="79"
                          WIDTH="247"
                          VPOS="2149"
                          HPOS="1945"
                          CONTENT="poenitebit"/>
               </TextLine>
               <TextLine ID="r2l35"
                         BASELINE="2284"
                         HEIGHT="81"
                         WIDTH="1656"
                         VPOS="2203"
                         HPOS="528">
                  <String HEIGHT="81"
                          WIDTH="164"
                          VPOS="2203"
                          HPOS="508"
                          CONTENT="quod"/>
                  <SP HEIGHT="81" WIDTH="20" VPOS="2203" HPOS="671"/>
                  <String HEIGHT="81" WIDTH="123" VPOS="2203" HPOS="610" CONTENT="ei"/>
                  <SP HEIGHT="81" WIDTH="20" VPOS="2203" HPOS="732"/>
                  <String HEIGHT="81"
                          WIDTH="204"
                          VPOS="2203"
                          HPOS="671"
                          CONTENT="facere"/>
                  <SP HEIGHT="81" WIDTH="20" VPOS="2203" HPOS="876"/>
                  <String HEIGHT="81"
                          WIDTH="348"
                          VPOS="2203"
                          HPOS="814"
                          CONTENT="constitueram."/>
                  <SP HEIGHT="81" WIDTH="20" VPOS="2203" HPOS="1162"/>
                  <String HEIGHT="81"
                          WIDTH="123"
                          VPOS="2203"
                          HPOS="1100"
                          CONTENT="Et"/>
                  <SP HEIGHT="81" WIDTH="20" VPOS="2203" HPOS="1223"/>
                  <String HEIGHT="81"
                          WIDTH="245"
                          VPOS="2203"
                          HPOS="1162"
                          CONTENT="caetera."/>
                  <SP HEIGHT="81" WIDTH="20" VPOS="2203" HPOS="1407"/>
                  <String HEIGHT="81"
                          WIDTH="225"
                          VPOS="2203"
                          HPOS="1346"
                          CONTENT="Proinde"/>
                  <SP HEIGHT="81" WIDTH="20" VPOS="2203" HPOS="1571"/>
                  <String HEIGHT="81"
                          WIDTH="266"
                          VPOS="2203"
                          HPOS="1509"
                          CONTENT="efficaces"/>
                  <SP HEIGHT="81" WIDTH="20" VPOS="2203" HPOS="1775"/>
                  <String HEIGHT="81"
                          WIDTH="164"
                          VPOS="2203"
                          HPOS="1714"
                          CONTENT="sunt"/>
                  <SP HEIGHT="81" WIDTH="20" VPOS="2203" HPOS="1877"/>
                  <String HEIGHT="81"
                          WIDTH="245"
                          VPOS="2203"
                          HPOS="1816"
                          CONTENT="fidelium"/>
                  <SP HEIGHT="81" WIDTH="20" VPOS="2203" HPOS="2061"/>
                  <String HEIGHT="81"
                          WIDTH="225"
                          VPOS="2203"
                          HPOS="2000"
                          CONTENT="preces,"/>
                  <SP HEIGHT="81" WIDTH="20" VPOS="2203" HPOS="2225"/>
                  <String HEIGHT="81" WIDTH="41" VPOS="2203" HPOS="2143" CONTENT=""/>
               </TextLine>
               <TextLine ID="r2l36"
                         BASELINE="2358"
                         HEIGHT="85"
                         WIDTH="1676"
                         VPOS="2273"
                         HPOS="522">
                  <String HEIGHT="85"
                          WIDTH="186"
                          VPOS="2273"
                          HPOS="501"
                          CONTENT="irata"/>
                  <SP HEIGHT="85" WIDTH="21" VPOS="2273" HPOS="688"/>
                  <String HEIGHT="85"
                          WIDTH="145"
                          VPOS="2273"
                          HPOS="625"
                          CONTENT="dei"/>
                  <SP HEIGHT="85" WIDTH="21" VPOS="2273" HPOS="770"/>
                  <String HEIGHT="85"
                          WIDTH="228"
                          VPOS="2273"
                          HPOS="708"
                          CONTENT="iudicia"/>
                  <SP HEIGHT="85" WIDTH="21" VPOS="2273" HPOS="936"/>
                  <String HEIGHT="85"
                          WIDTH="331"
                          VPOS="2273"
                          HPOS="874"
                          CONTENT="retardantes,"/>
                  <SP HEIGHT="85" WIDTH="21" VPOS="2273" HPOS="1205"/>
                  <String HEIGHT="85"
                          WIDTH="166"
                          VPOS="2273"
                          HPOS="1143"
                          CONTENT="adde"/>
                  <SP HEIGHT="85" WIDTH="21" VPOS="2273" HPOS="1308"/>
                  <String HEIGHT="85" WIDTH="103" VPOS="2273" HPOS="1246" CONTENT="&amp;"/>
                  <SP HEIGHT="85" WIDTH="21" VPOS="2273" HPOS="1350"/>
                  <String HEIGHT="85" WIDTH="103" VPOS="2273" HPOS="1288" CONTENT="e"/>
                  <SP HEIGHT="85" WIDTH="21" VPOS="2273" HPOS="1391"/>
                  <String HEIGHT="85"
                          WIDTH="186"
                          VPOS="2273"
                          HPOS="1329"
                          CONTENT="medio"/>
                  <SP HEIGHT="85" WIDTH="21" VPOS="2273" HPOS="1515"/>
                  <String HEIGHT="85"
                          WIDTH="352"
                          VPOS="2273"
                          HPOS="1453"
                          CONTENT="sustollentes."/>
                  <SP HEIGHT="85" WIDTH="21" VPOS="2273" HPOS="1805"/>
                  <String HEIGHT="85"
                          WIDTH="145"
                          VPOS="2273"
                          HPOS="1743"
                          CONTENT="Nam"/>
                  <SP HEIGHT="85" WIDTH="21" VPOS="2273" HPOS="1888"/>
                  <String HEIGHT="85"
                          WIDTH="166"
                          VPOS="2273"
                          HPOS="1826"
                          CONTENT="quod"/>
                  <SP HEIGHT="85" WIDTH="21" VPOS="2273" HPOS="1991"/>
                  <String HEIGHT="85"
                          WIDTH="207"
                          VPOS="2273"
                          HPOS="1929"
                          CONTENT="rursus"/>
                  <SP HEIGHT="85" WIDTH="21" VPOS="2273" HPOS="2136"/>
                  <String HEIGHT="85"
                          WIDTH="145"
                          VPOS="2273"
                          HPOS="2053"
                          CONTENT="obii"
                          SUBS_TYPE="HypPart1"
                          SUBS_CONTENT="obiiciunt,"/>
                  <HYP CONTENT="-"/>
               </TextLine>
               <TextLine ID="r2l37"
                         BASELINE="2392"
                         HEIGHT="69"
                         WIDTH="1665"
                         VPOS="2323"
                         HPOS="523">
                  <String HEIGHT="69"
                          WIDTH="225"
                          VPOS="2323"
                          HPOS="501"
                          CONTENT="ciunt,"
                          SUBS_TYPE="HypPart2"
                          SUBS_CONTENT="obiiciunt,"/>
                  <SP HEIGHT="69" WIDTH="23" VPOS="2323" HPOS="726"/>
                  <String HEIGHT="69"
                          WIDTH="293"
                          VPOS="2323"
                          HPOS="658"
                          CONTENT="orationem"/>
                  <SP HEIGHT="69" WIDTH="23" VPOS="2323" HPOS="951"/>
                  <String HEIGHT="69"
                          WIDTH="180"
                          VPOS="2323"
                          HPOS="883"
                          CONTENT="esse"/>
                  <SP HEIGHT="69" WIDTH="23" VPOS="2323" HPOS="1063"/>
                  <String HEIGHT="69"
                          WIDTH="338"
                          VPOS="2323"
                          HPOS="996"
                          CONTENT="expositonem"/>
                  <SP HEIGHT="69" WIDTH="23" VPOS="2323" HPOS="1333"/>
                  <String HEIGHT="69"
                          WIDTH="225"
                          VPOS="2323"
                          HPOS="1266"
                          CONTENT="rerum,"/>
                  <SP HEIGHT="69" WIDTH="23" VPOS="2323" HPOS="1491"/>
                  <String HEIGHT="69"
                          WIDTH="180"
                          VPOS="2323"
                          HPOS="1423"
                          CONTENT="quas"/>
                  <SP HEIGHT="69" WIDTH="23" VPOS="2323" HPOS="1603"/>
                  <String HEIGHT="69"
                          WIDTH="315"
                          VPOS="2323"
                          HPOS="1536"
                          CONTENT="postulamus"/>
                  <SP HEIGHT="69" WIDTH="23" VPOS="2323" HPOS="1851"/>
                  <String HEIGHT="69" WIDTH="113" VPOS="2323" HPOS="1783" CONTENT="a"/>
                  <SP HEIGHT="69" WIDTH="23" VPOS="2323" HPOS="1896"/>
                  <String HEIGHT="69"
                          WIDTH="248"
                          VPOS="2323"
                          HPOS="1828"
                          CONTENT="domino,"/>
                  <SP HEIGHT="69" WIDTH="23" VPOS="2323" HPOS="2076"/>
                  <String HEIGHT="69"
                          WIDTH="203"
                          VPOS="2323"
                          HPOS="1986"
                          CONTENT="Dominum"/>
               </TextLine>
               <TextLine ID="r2l38"
                         BASELINE="2452"
                         HEIGHT="76"
                         WIDTH="1657"
                         VPOS="2376"
                         HPOS="527">
                  <String HEIGHT="76"
                          WIDTH="186"
                          VPOS="2376"
                          HPOS="506"
                          CONTENT="autem"/>
                  <SP HEIGHT="76" WIDTH="21" VPOS="2376" HPOS="693"/>
                  <String HEIGHT="76"
                          WIDTH="186"
                          VPOS="2376"
                          HPOS="631"
                          CONTENT="omnia"/>
                  <SP HEIGHT="76" WIDTH="21" VPOS="2376" HPOS="817"/>
                  <String HEIGHT="76"
                          WIDTH="290"
                          VPOS="2376"
                          HPOS="755"
                          CONTENT="praescire,"/>
                  <SP HEIGHT="76" WIDTH="21" VPOS="2376" HPOS="1045"/>
                  <String HEIGHT="76"
                          WIDTH="186"
                          VPOS="2376"
                          HPOS="983"
                          CONTENT="eidem"/>
                  <SP HEIGHT="76" WIDTH="21" VPOS="2376" HPOS="1169"/>
                  <String HEIGHT="76"
                          WIDTH="166"
                          VPOS="2376"
                          HPOS="1107"
                          CONTENT="ergo"/>
                  <SP HEIGHT="76" WIDTH="21" VPOS="2376" HPOS="1273"/>
                  <String HEIGHT="76"
                          WIDTH="290"
                          VPOS="2376"
                          HPOS="1211"
                          CONTENT="inutiliter"/>
                  <SP HEIGHT="76" WIDTH="21" VPOS="2376" HPOS="1500"/>
                  <String HEIGHT="76" WIDTH="104" VPOS="2376" HPOS="1438" CONTENT="&amp;"/>
                  <SP HEIGHT="76" WIDTH="21" VPOS="2376" HPOS="1542"/>
                  <String HEIGHT="76"
                          WIDTH="290"
                          VPOS="2376"
                          HPOS="1480"
                          CONTENT="superuacue"/>
                  <SP HEIGHT="76" WIDTH="21" VPOS="2376" HPOS="1770"/>
                  <String HEIGHT="76"
                          WIDTH="124"
                          VPOS="2376"
                          HPOS="1708"
                          CONTENT="ea"/>
                  <SP HEIGHT="76" WIDTH="21" VPOS="2376" HPOS="1832"/>
                  <String HEIGHT="76"
                          WIDTH="166"
                          VPOS="2376"
                          HPOS="1770"
                          CONTENT="quae"/>
                  <SP HEIGHT="76" WIDTH="21" VPOS="2376" HPOS="1935"/>
                  <String HEIGHT="76"
                          WIDTH="186"
                          VPOS="2376"
                          HPOS="1873"
                          CONTENT="nouit"/>
                  <SP HEIGHT="76" WIDTH="21" VPOS="2376" HPOS="2060"/>
                  <String HEIGHT="76"
                          WIDTH="228"
                          VPOS="2376"
                          HPOS="1998"
                          CONTENT="exponi,"/>
                  <SP HEIGHT="76" WIDTH="21" VPOS="2376" HPOS="2225"/>
                  <String HEIGHT="76" WIDTH="41" VPOS="2376" HPOS="2143" CONTENT=""/>
               </TextLine>
               <TextLine ID="r2l39"
                         BASELINE="2511"
                         HEIGHT="68"
                         WIDTH="1665"
                         VPOS="2443"
                         HPOS="533">
                  <String HEIGHT="68"
                          WIDTH="226"
                          VPOS="2443"
                          HPOS="512"
                          CONTENT="ideoque"/>
                  <SP HEIGHT="68" WIDTH="21" VPOS="2443" HPOS="739"/>
                  <String HEIGHT="68"
                          WIDTH="247"
                          VPOS="2443"
                          HPOS="677"
                          CONTENT="inutilem"/>
                  <SP HEIGHT="68" WIDTH="21" VPOS="2443" HPOS="924"/>
                  <String HEIGHT="68"
                          WIDTH="164"
                          VPOS="2443"
                          HPOS="862"
                          CONTENT="esse"/>
                  <SP HEIGHT="68" WIDTH="21" VPOS="2443" HPOS="1026"/>
                  <String HEIGHT="68"
                          WIDTH="288"
                          VPOS="2443"
                          HPOS="965"
                          CONTENT="orationem:"/>
                  <SP HEIGHT="68" WIDTH="21" VPOS="2443" HPOS="1252"/>
                  <String HEIGHT="68"
                          WIDTH="123"
                          VPOS="2443"
                          HPOS="1191"
                          CONTENT="ab"/>
                  <SP HEIGHT="68" WIDTH="21" VPOS="2443" HPOS="1314"/>
                  <String HEIGHT="68"
                          WIDTH="164"
                          VPOS="2443"
                          HPOS="1252"
                          CONTENT="ipso"/>
                  <SP HEIGHT="68" WIDTH="21" VPOS="2443" HPOS="1417"/>
                  <String HEIGHT="68"
                          WIDTH="247"
                          VPOS="2443"
                          HPOS="1355"
                          CONTENT="diluitur"/>
                  <SP HEIGHT="68" WIDTH="21" VPOS="2443" HPOS="1602"/>
                  <String HEIGHT="68"
                          WIDTH="226"
                          VPOS="2443"
                          HPOS="1540"
                          CONTENT="Christo"/>
                  <SP HEIGHT="68" WIDTH="21" VPOS="2443" HPOS="1766"/>
                  <String HEIGHT="68"
                          WIDTH="226"
                          VPOS="2443"
                          HPOS="1705"
                          CONTENT="domino,"/>
                  <SP HEIGHT="68" WIDTH="21" VPOS="2443" HPOS="1931"/>
                  <String HEIGHT="68"
                          WIDTH="144"
                          VPOS="2443"
                          HPOS="1869"
                          CONTENT="qui"/>
                  <SP HEIGHT="68" WIDTH="21" VPOS="2443" HPOS="2013"/>
                  <String HEIGHT="68"
                          WIDTH="144"
                          VPOS="2443"
                          HPOS="1951"
                          CONTENT="cum"/>
                  <SP HEIGHT="68" WIDTH="21" VPOS="2443" HPOS="2095"/>
                  <String HEIGHT="68"
                          WIDTH="185"
                          VPOS="2443"
                          HPOS="2013"
                          CONTENT="diserte"/>
               </TextLine>
               <TextLine ID="r2l40"
                         BASELINE="2571"
                         HEIGHT="84"
                         WIDTH="1666"
                         VPOS="2487"
                         HPOS="530">
                  <String HEIGHT="84"
                          WIDTH="261"
                          VPOS="2487"
                          HPOS="510"
                          CONTENT="dixisset,"/>
                  <SP HEIGHT="84" WIDTH="20" VPOS="2487" HPOS="771"/>
                  <String HEIGHT="84"
                          WIDTH="181"
                          VPOS="2487"
                          HPOS="711"
                          CONTENT="Nouit"/>
                  <SP HEIGHT="84" WIDTH="20" VPOS="2487" HPOS="891"/>
                  <String HEIGHT="84"
                          WIDTH="181"
                          VPOS="2487"
                          HPOS="831"
                          CONTENT="pater"/>
                  <SP HEIGHT="84" WIDTH="20" VPOS="2487" HPOS="1012"/>
                  <String HEIGHT="84"
                          WIDTH="201"
                          VPOS="2487"
                          HPOS="952"
                          CONTENT="uester"/>
                  <SP HEIGHT="84" WIDTH="20" VPOS="2487" HPOS="1152"/>
                  <String HEIGHT="84"
                          WIDTH="281"
                          VPOS="2487"
                          HPOS="1092"
                          CONTENT="coelestis,"/>
                  <SP HEIGHT="84" WIDTH="20" VPOS="2487" HPOS="1373"/>
                  <String HEIGHT="84"
                          WIDTH="201"
                          VPOS="2487"
                          HPOS="1313"
                          CONTENT="quibus"/>
                  <SP HEIGHT="84" WIDTH="20" VPOS="2487" HPOS="1514"/>
                  <String HEIGHT="84"
                          WIDTH="181"
                          VPOS="2487"
                          HPOS="1453"
                          CONTENT="rebus"/>
                  <SP HEIGHT="84" WIDTH="20" VPOS="2487" HPOS="1634"/>
                  <String HEIGHT="84"
                          WIDTH="161"
                          VPOS="2487"
                          HPOS="1574"
                          CONTENT="opus"/>
                  <SP HEIGHT="84" WIDTH="20" VPOS="2487" HPOS="1734"/>
                  <String HEIGHT="84"
                          WIDTH="141"
                          VPOS="2487"
                          HPOS="1674"
                          CONTENT="sit"/>
                  <SP HEIGHT="84" WIDTH="20" VPOS="2487" HPOS="1815"/>
                  <String HEIGHT="84"
                          WIDTH="201"
                          VPOS="2487"
                          HPOS="1754"
                          CONTENT="uobis,"/>
                  <SP HEIGHT="84" WIDTH="20" VPOS="2487" HPOS="1955"/>
                  <String HEIGHT="84"
                          WIDTH="261"
                          VPOS="2487"
                          HPOS="1895"
                          CONTENT="priusquam"/>
                  <SP HEIGHT="84" WIDTH="20" VPOS="2487" HPOS="2156"/>
                  <String HEIGHT="84"
                          WIDTH="120"
                          VPOS="2487"
                          HPOS="2076"
                          CONTENT="peta"/>
               </TextLine>
               <TextLine ID="r2l41"
                         BASELINE="2622"
                         HEIGHT="81"
                         WIDTH="1655"
                         VPOS="2541"
                         HPOS="531">
                  <String HEIGHT="81"
                          WIDTH="145"
                          VPOS="2541"
                          HPOS="510"
                          CONTENT="tis"/>
                  <SP HEIGHT="81" WIDTH="21" VPOS="2541" HPOS="655"/>
                  <String HEIGHT="81" WIDTH="124" VPOS="2541" HPOS="593" CONTENT="ab"/>
                  <SP HEIGHT="81" WIDTH="21" VPOS="2541" HPOS="717"/>
                  <String HEIGHT="81"
                          WIDTH="145"
                          VPOS="2541"
                          HPOS="655"
                          CONTENT="eo,"/>
                  <SP HEIGHT="81" WIDTH="21" VPOS="2541" HPOS="800"/>
                  <String HEIGHT="81"
                          WIDTH="310"
                          VPOS="2541"
                          HPOS="738"
                          CONTENT="nihilominus"/>
                  <SP HEIGHT="81" WIDTH="21" VPOS="2541" HPOS="1048"/>
                  <String HEIGHT="81"
                          WIDTH="186"
                          VPOS="2541"
                          HPOS="986"
                          CONTENT="tamen"/>
                  <SP HEIGHT="81" WIDTH="21" VPOS="2541" HPOS="1172"/>
                  <String HEIGHT="81"
                          WIDTH="248"
                          VPOS="2541"
                          HPOS="1110"
                          CONTENT="formulam"/>
                  <SP HEIGHT="81" WIDTH="21" VPOS="2541" HPOS="1359"/>
                  <String HEIGHT="81"
                          WIDTH="248"
                          VPOS="2541"
                          HPOS="1296"
                          CONTENT="precandi"/>
                  <SP HEIGHT="81" WIDTH="21" VPOS="2541" HPOS="1545"/>
                  <String HEIGHT="81"
                          WIDTH="290"
                          VPOS="2541"
                          HPOS="1483"
                          CONTENT="subijciens"/>
                  <SP HEIGHT="81" WIDTH="21" VPOS="2541" HPOS="1772"/>
                  <String HEIGHT="81"
                          WIDTH="186"
                          VPOS="2541"
                          HPOS="1710"
                          CONTENT="docet"/>
                  <SP HEIGHT="81" WIDTH="21" VPOS="2541" HPOS="1896"/>
                  <String HEIGHT="81"
                          WIDTH="145"
                          VPOS="2541"
                          HPOS="1834"
                          CONTENT="nos"/>
                  <SP HEIGHT="81" WIDTH="21" VPOS="2541" HPOS="1979"/>
                  <String HEIGHT="81"
                          WIDTH="207"
                          VPOS="2541"
                          HPOS="1917"
                          CONTENT="orare."/>
                  <SP HEIGHT="81" WIDTH="21" VPOS="2541" HPOS="2124"/>
                  <String HEIGHT="81"
                          WIDTH="145"
                          VPOS="2541"
                          HPOS="2041"
                          CONTENT="Alibi"/>
               </TextLine>
               <TextLine ID="r2l42"
                         BASELINE="2690"
                         HEIGHT="91"
                         WIDTH="1664"
                         VPOS="2599"
                         HPOS="524">
                  <String HEIGHT="91"
                          WIDTH="261"
                          VPOS="2599"
                          HPOS="504"
                          CONTENT="praecipit"/>
                  <SP HEIGHT="91" WIDTH="20" VPOS="2599" HPOS="765"/>
                  <String HEIGHT="91" WIDTH="100" VPOS="2599" HPOS="704" CONTENT="&amp;"/>
                  <SP HEIGHT="91" WIDTH="20" VPOS="2599" HPOS="805"/>
                  <String HEIGHT="91"
                          WIDTH="180"
                          VPOS="2599"
                          HPOS="745"
                          CONTENT="urget"/>
                  <SP HEIGHT="91" WIDTH="20" VPOS="2599" HPOS="925"/>
                  <String HEIGHT="91" WIDTH="120" VPOS="2599" HPOS="865" CONTENT="ut"/>
                  <SP HEIGHT="91" WIDTH="20" VPOS="2599" HPOS="985"/>
                  <String HEIGHT="91"
                          WIDTH="281"
                          VPOS="2599"
                          HPOS="925"
                          CONTENT="frequenter"/>
                  <SP HEIGHT="91" WIDTH="20" VPOS="2599" HPOS="1206"/>
                  <String HEIGHT="91"
                          WIDTH="221"
                          VPOS="2599"
                          HPOS="1145"
                          CONTENT="oremus."/>
                  <SP HEIGHT="91" WIDTH="20" VPOS="2599" HPOS="1366"/>
                  <String HEIGHT="91"
                          WIDTH="241"
                          VPOS="2599"
                          HPOS="1306"
                          CONTENT="Vigilate"/>
                  <SP HEIGHT="91" WIDTH="20" VPOS="2599" HPOS="1546"/>
                  <String HEIGHT="91" WIDTH="100" VPOS="2599" HPOS="1486" CONTENT="&amp;"/>
                  <SP HEIGHT="91" WIDTH="20" VPOS="2599" HPOS="1587"/>
                  <String HEIGHT="91"
                          WIDTH="200"
                          VPOS="2599"
                          HPOS="1526"
                          CONTENT="orate,"/>
                  <SP HEIGHT="91" WIDTH="20" VPOS="2599" HPOS="1727"/>
                  <String HEIGHT="91"
                          WIDTH="140"
                          VPOS="2599"
                          HPOS="1667"
                          CONTENT="ait"/>
                  <SP HEIGHT="91" WIDTH="20" VPOS="2599" HPOS="1807"/>
                  <String HEIGHT="91"
                          WIDTH="120"
                          VPOS="2599"
                          HPOS="1747"
                          CONTENT="ne"/>
                  <SP HEIGHT="91" WIDTH="20" VPOS="2599" HPOS="1867"/>
                  <String HEIGHT="91"
                          WIDTH="241"
                          VPOS="2599"
                          HPOS="1807"
                          CONTENT="intretis"/>
                  <SP HEIGHT="91" WIDTH="20" VPOS="2599" HPOS="2048"/>
                  <String HEIGHT="91"
                          WIDTH="120"
                          VPOS="2599"
                          HPOS="1988"
                          CONTENT="in"/>
                  <SP HEIGHT="91" WIDTH="20" VPOS="2599" HPOS="2108"/>
                  <String HEIGHT="91"
                          WIDTH="160"
                          VPOS="2599"
                          HPOS="2028"
                          CONTENT="tenta"
                          SUBS_TYPE="HypPart1"
                          SUBS_CONTENT="tentationem."/>
                  <HYP CONTENT="-"/>
               </TextLine>
               <TextLine ID="r2l43"
                         BASELINE="2740"
                         HEIGHT="87"
                         WIDTH="1649"
                         VPOS="2653"
                         HPOS="532">
                  <String HEIGHT="87"
                          WIDTH="230"
                          VPOS="2653"
                          HPOS="511"
                          CONTENT="tionem."
                          SUBS_TYPE="HypPart2"
                          SUBS_CONTENT="tentationem."/>
                  <SP HEIGHT="87" WIDTH="21" VPOS="2653" HPOS="741"/>
                  <String HEIGHT="87" WIDTH="125" VPOS="2653" HPOS="678" CONTENT="Et"/>
                  <SP HEIGHT="87" WIDTH="21" VPOS="2653" HPOS="803"/>
                  <String HEIGHT="87"
                          WIDTH="230"
                          VPOS="2653"
                          HPOS="741"
                          CONTENT="Paulus,"/>
                  <SP HEIGHT="87" WIDTH="21" VPOS="2653" HPOS="970"/>
                  <String HEIGHT="87"
                          WIDTH="209"
                          VPOS="2653"
                          HPOS="908"
                          CONTENT="Semper"/>
                  <SP HEIGHT="87" WIDTH="21" VPOS="2653" HPOS="1116"/>
                  <String HEIGHT="87"
                          WIDTH="250"
                          VPOS="2653"
                          HPOS="1054"
                          CONTENT="gaudete,"/>
                  <SP HEIGHT="87" WIDTH="21" VPOS="2653" HPOS="1304"/>
                  <String HEIGHT="87"
                          WIDTH="209"
                          VPOS="2653"
                          HPOS="1242"
                          CONTENT="inquit"/>
                  <SP HEIGHT="87" WIDTH="21" VPOS="2653" HPOS="1450"/>
                  <String HEIGHT="87"
                          WIDTH="313"
                          VPOS="2653"
                          HPOS="1388"
                          CONTENT="incessanter"/>
                  <SP HEIGHT="87" WIDTH="21" VPOS="2653" HPOS="1701"/>
                  <String HEIGHT="87"
                          WIDTH="209"
                          VPOS="2653"
                          HPOS="1638"
                          CONTENT="orate."/>
                  <SP HEIGHT="87" WIDTH="21" VPOS="2653" HPOS="1847"/>
                  <String HEIGHT="87"
                          WIDTH="188"
                          VPOS="2653"
                          HPOS="1784"
                          CONTENT="Huius"/>
                  <SP HEIGHT="87" WIDTH="21" VPOS="2653" HPOS="1972"/>
                  <String HEIGHT="87"
                          WIDTH="230"
                          VPOS="2653"
                          HPOS="1910"
                          CONTENT="generis"/>
                  <SP HEIGHT="87" WIDTH="21" VPOS="2653" HPOS="2139"/>
                  <String HEIGHT="87"
                          WIDTH="125"
                          VPOS="2653"
                          HPOS="2056"
                          CONTENT="ubi"
                          SUBS_TYPE="HypPart1"
                          SUBS_CONTENT="ubique"/>
                  <HYP CONTENT="-"/>
               </TextLine>
               <TextLine ID="r2l44"
                         BASELINE="2794"
                         HEIGHT="80"
                         WIDTH="1651"
                         VPOS="2714"
                         HPOS="528">
                  <String HEIGHT="80"
                          WIDTH="150"
                          VPOS="2714"
                          HPOS="507"
                          CONTENT="que"
                          SUBS_TYPE="HypPart2"
                          SUBS_CONTENT="ubique"/>
                  <SP HEIGHT="80" WIDTH="21" VPOS="2714" HPOS="657"/>
                  <String HEIGHT="80"
                          WIDTH="193"
                          VPOS="2714"
                          HPOS="592"
                          CONTENT="multa"/>
                  <SP HEIGHT="80" WIDTH="21" VPOS="2714" HPOS="785"/>
                  <String HEIGHT="80"
                          WIDTH="279"
                          VPOS="2714"
                          HPOS="721"
                          CONTENT="occurrunt"/>
                  <SP HEIGHT="80" WIDTH="21" VPOS="2714" HPOS="1000"/>
                  <String HEIGHT="80"
                          WIDTH="300"
                          VPOS="2714"
                          HPOS="935"
                          CONTENT="praecepta."/>
                  <SP HEIGHT="80" WIDTH="21" VPOS="2714" HPOS="1236"/>
                  <String HEIGHT="80"
                          WIDTH="193"
                          VPOS="2714"
                          HPOS="1171"
                          CONTENT="Neque"/>
                  <SP HEIGHT="80" WIDTH="21" VPOS="2714" HPOS="1364"/>
                  <String HEIGHT="80"
                          WIDTH="172"
                          VPOS="2714"
                          HPOS="1300"
                          CONTENT="uero"/>
                  <SP HEIGHT="80" WIDTH="21" VPOS="2714" HPOS="1471"/>
                  <String HEIGHT="80"
                          WIDTH="150"
                          VPOS="2714"
                          HPOS="1407"
                          CONTENT="res"/>
                  <SP HEIGHT="80" WIDTH="21" VPOS="2714" HPOS="1557"/>
                  <String HEIGHT="80"
                          WIDTH="236"
                          VPOS="2714"
                          HPOS="1493"
                          CONTENT="nostras"/>
                  <SP HEIGHT="80" WIDTH="21" VPOS="2714" HPOS="1729"/>
                  <String HEIGHT="80"
                          WIDTH="129"
                          VPOS="2714"
                          HPOS="1664"
                          CONTENT="ut"/>
                  <SP HEIGHT="80" WIDTH="21" VPOS="2714" HPOS="1793"/>
                  <String HEIGHT="80"
                          WIDTH="279"
                          VPOS="2714"
                          HPOS="1729"
                          CONTENT="nescienti"/>
                  <SP HEIGHT="80" WIDTH="21" VPOS="2714" HPOS="2007"/>
                  <String HEIGHT="80"
                          WIDTH="257"
                          VPOS="2714"
                          HPOS="1922"
                          CONTENT="exponimus,"/>
               </TextLine>
               <TextLine ID="r2l45"
                         BASELINE="2850"
                         HEIGHT="74"
                         WIDTH="1655"
                         VPOS="2776"
                         HPOS="533">
                  <String HEIGHT="74" WIDTH="127" VPOS="2776" HPOS="512" CONTENT="ed"/>
                  <SP HEIGHT="74" WIDTH="21" VPOS="2776" HPOS="639"/>
                  <String HEIGHT="74"
                          WIDTH="170"
                          VPOS="2776"
                          HPOS="575"
                          CONTENT="uota"/>
                  <SP HEIGHT="74" WIDTH="21" VPOS="2776" HPOS="745"/>
                  <String HEIGHT="74"
                          WIDTH="212"
                          VPOS="2776"
                          HPOS="682"
                          CONTENT="cordis"/>
                  <SP HEIGHT="74" WIDTH="21" VPOS="2776" HPOS="894"/>
                  <String HEIGHT="74"
                          WIDTH="212"
                          VPOS="2776"
                          HPOS="830"
                          CONTENT="nostri"/>
                  <SP HEIGHT="74" WIDTH="21" VPOS="2776" HPOS="1042"/>
                  <String HEIGHT="74"
                          WIDTH="233"
                          VPOS="2776"
                          HPOS="979"
                          CONTENT="scienti"/>
                  <SP HEIGHT="74" WIDTH="21" VPOS="2776" HPOS="1212"/>
                  <String HEIGHT="74"
                          WIDTH="318"
                          VPOS="2776"
                          HPOS="1148"
                          CONTENT="proponimus,"/>
                  <SP HEIGHT="74" WIDTH="21" VPOS="2776" HPOS="1467"/>
                  <String HEIGHT="74" WIDTH="106" VPOS="2776" HPOS="1403" CONTENT="&amp;"/>
                  <SP HEIGHT="74" WIDTH="21" VPOS="2776" HPOS="1509"/>
                  <String HEIGHT="74"
                          WIDTH="149"
                          VPOS="2776"
                          HPOS="1445"
                          CONTENT="nos"/>
                  <SP HEIGHT="74" WIDTH="21" VPOS="2776" HPOS="1594"/>
                  <String HEIGHT="74"
                          WIDTH="127"
                          VPOS="2776"
                          HPOS="1530"
                          CONTENT="ad"/>
                  <SP HEIGHT="74" WIDTH="21" VPOS="2776" HPOS="1658"/>
                  <String HEIGHT="74"
                          WIDTH="191"
                          VPOS="2776"
                          HPOS="1594"
                          CONTENT="pedes"/>
                  <SP HEIGHT="74" WIDTH="21" VPOS="2776" HPOS="1785"/>
                  <String HEIGHT="74"
                          WIDTH="297"
                          VPOS="2776"
                          HPOS="1721"
                          CONTENT="maiestatis"/>
                  <SP HEIGHT="74" WIDTH="21" VPOS="2776" HPOS="2018"/>
                  <String HEIGHT="74"
                          WIDTH="170"
                          VPOS="2776"
                          HPOS="1955"
                          CONTENT="eius"/>
                  <SP HEIGHT="74" WIDTH="21" VPOS="2776" HPOS="2124"/>
                  <String HEIGHT="74"
                          WIDTH="149"
                          VPOS="2776"
                          HPOS="2039"
                          CONTENT="humi"
                          SUBS_TYPE="HypPart1"
                          SUBS_CONTENT="humiliamus,"/>
                  <HYP CONTENT="-"/>
               </TextLine>
               <TextLine ID="r2l46"
                         BASELINE="2912"
                         HEIGHT="91"
                         WIDTH="1661"
                         VPOS="2821"
                         HPOS="529">
                  <String HEIGHT="91"
                          WIDTH="226"
                          VPOS="2821"
                          HPOS="508"
                          CONTENT="liamus,"
                          SUBS_TYPE="HypPart2"
                          SUBS_CONTENT="humiliamus,"/>
                  <SP HEIGHT="91" WIDTH="21" VPOS="2821" HPOS="734"/>
                  <String HEIGHT="91"
                          WIDTH="226"
                          VPOS="2821"
                          HPOS="673"
                          CONTENT="Petimus"/>
                  <SP HEIGHT="91" WIDTH="21" VPOS="2821" HPOS="898"/>
                  <String HEIGHT="91" WIDTH="123" VPOS="2821" HPOS="837" CONTENT="ab"/>
                  <SP HEIGHT="91" WIDTH="21" VPOS="2821" HPOS="960"/>
                  <String HEIGHT="91"
                          WIDTH="185"
                          VPOS="2821"
                          HPOS="898"
                          CONTENT="illo,"/>
                  <SP HEIGHT="91" WIDTH="21" VPOS="2821" HPOS="1083"/>
                  <String HEIGHT="91"
                          WIDTH="164"
                          VPOS="2821"
                          HPOS="1021"
                          CONTENT="quod"/>
                  <SP HEIGHT="91" WIDTH="21" VPOS="2821" HPOS="1185"/>
                  <String HEIGHT="91"
                          WIDTH="205"
                          VPOS="2821"
                          HPOS="1124"
                          CONTENT="scimus"/>
                  <SP HEIGHT="91" WIDTH="21" VPOS="2821" HPOS="1329"/>
                  <String HEIGHT="91"
                          WIDTH="185"
                          VPOS="2821"
                          HPOS="1267"
                          CONTENT="nobis"/>
                  <SP HEIGHT="91" WIDTH="21" VPOS="2821" HPOS="1452"/>
                  <String HEIGHT="91"
                          WIDTH="226"
                          VPOS="2821"
                          HPOS="1390"
                          CONTENT="deesse,"/>
                  <SP HEIGHT="91" WIDTH="21" VPOS="2821" HPOS="1616"/>
                  <String HEIGHT="91"
                          WIDTH="144"
                          VPOS="2821"
                          HPOS="1554"
                          CONTENT="sed"/>
                  <SP HEIGHT="91" WIDTH="21" VPOS="2821" HPOS="1698"/>
                  <String HEIGHT="91"
                          WIDTH="123"
                          VPOS="2821"
                          HPOS="1636"
                          CONTENT="ab"/>
                  <SP HEIGHT="91" WIDTH="21" VPOS="2821" HPOS="1759"/>
                  <String HEIGHT="91"
                          WIDTH="185"
                          VPOS="2821"
                          HPOS="1698"
                          CONTENT="ipso,"/>
                  <SP HEIGHT="91" WIDTH="21" VPOS="2821" HPOS="1882"/>
                  <String HEIGHT="91"
                          WIDTH="205"
                          VPOS="2821"
                          HPOS="1821"
                          CONTENT="utpote"/>
                  <SP HEIGHT="91" WIDTH="21" VPOS="2821" HPOS="2026"/>
                  <String HEIGHT="91"
                          WIDTH="205"
                          VPOS="2821"
                          HPOS="1964"
                          CONTENT="omnium"/>
                  <SP HEIGHT="91" WIDTH="21" VPOS="2821" HPOS="2169"/>
                  <String HEIGHT="91"
                          WIDTH="103"
                          VPOS="2821"
                          HPOS="2087"
                          CONTENT="bo"
                          SUBS_TYPE="HypPart1"
                          SUBS_CONTENT="bonorum"/>
                  <HYP CONTENT="-"/>
               </TextLine>
               <TextLine ID="r2l47"
                         BASELINE="2960"
                         HEIGHT="71"
                         WIDTH="1661"
                         VPOS="2889"
                         HPOS="529">
                  <String HEIGHT="71"
                          WIDTH="197"
                          VPOS="2889"
                          HPOS="507"
                          CONTENT="norum"
                          SUBS_TYPE="HypPart2"
                          SUBS_CONTENT="bonorum"/>
                  <SP HEIGHT="71" WIDTH="22" VPOS="2889" HPOS="704"/>
                  <String HEIGHT="71"
                          WIDTH="262"
                          VPOS="2889"
                          HPOS="638"
                          CONTENT="authore,"/>
                  <SP HEIGHT="71" WIDTH="22" VPOS="2889" HPOS="901"/>
                  <String HEIGHT="71"
                          WIDTH="197"
                          VPOS="2889"
                          HPOS="835"
                          CONTENT="certo"/>
                  <SP HEIGHT="71" WIDTH="22" VPOS="2889" HPOS="1032"/>
                  <String HEIGHT="71"
                          WIDTH="240"
                          VPOS="2889"
                          HPOS="966"
                          CONTENT="dandum."/>
                  <SP HEIGHT="71" WIDTH="22" VPOS="2889" HPOS="1207"/>
                  <String HEIGHT="71"
                          WIDTH="262"
                          VPOS="2889"
                          HPOS="1141"
                          CONTENT="Credimus"/>
                  <SP HEIGHT="71" WIDTH="22" VPOS="2889" HPOS="1403"/>
                  <String HEIGHT="71"
                          WIDTH="175"
                          VPOS="2889"
                          HPOS="1338"
                          CONTENT="enim"/>
                  <SP HEIGHT="71" WIDTH="22" VPOS="2889" HPOS="1512"/>
                  <String HEIGHT="71"
                          WIDTH="219"
                          VPOS="2889"
                          HPOS="1447"
                          CONTENT="certis"/>
                  <SP HEIGHT="71" WIDTH="22" VPOS="2889" HPOS="1665"/>
                  <String HEIGHT="71" WIDTH="109" VPOS="2889" HPOS="1600" CONTENT="&amp;"/>
                  <SP HEIGHT="71" WIDTH="22" VPOS="2889" HPOS="1709"/>
                  <String HEIGHT="71"
                          WIDTH="393"
                          VPOS="2889"
                          HPOS="1644"
                          CONTENT="infallibilibus"/>
                  <SP HEIGHT="71" WIDTH="22" VPOS="2889" HPOS="2037"/>
                  <String HEIGHT="71"
                          WIDTH="175"
                          VPOS="2889"
                          HPOS="1971"
                          CONTENT="eius"/>
                  <SP HEIGHT="71" WIDTH="22" VPOS="2889" HPOS="2146"/>
                  <String HEIGHT="71"
                          WIDTH="131"
                          VPOS="2889"
                          HPOS="2059"
                          CONTENT="pro"
                          SUBS_TYPE="HypPart1"
                          SUBS_CONTENT="promissis:"/>
                  <HYP CONTENT="-"/>
               </TextLine>
               <TextLine ID="r2l48"
                         BASELINE="3023"
                         HEIGHT="90"
                         WIDTH="1665"
                         VPOS="2933"
                         HPOS="521">
                  <String HEIGHT="90"
                          WIDTH="235"
                          VPOS="2933"
                          HPOS="500"
                          CONTENT="missis:"
                          SUBS_TYPE="HypPart2"
                          SUBS_CONTENT="promissis:"/>
                  <SP HEIGHT="90" WIDTH="21" VPOS="2933" HPOS="734"/>
                  <String HEIGHT="90"
                          WIDTH="235"
                          VPOS="2933"
                          HPOS="670"
                          CONTENT="interim"/>
                  <SP HEIGHT="90" WIDTH="21" VPOS="2933" HPOS="905"/>
                  <String HEIGHT="90"
                          WIDTH="213"
                          VPOS="2933"
                          HPOS="841"
                          CONTENT="preces"/>
                  <SP HEIGHT="90" WIDTH="21" VPOS="2933" HPOS="1055"/>
                  <String HEIGHT="90"
                          WIDTH="149"
                          VPOS="2933"
                          HPOS="991"
                          CONTENT="non"/>
                  <SP HEIGHT="90" WIDTH="21" VPOS="2933" HPOS="1140"/>
                  <String HEIGHT="90"
                          WIDTH="171"
                          VPOS="2933"
                          HPOS="1076"
                          CONTENT="sunt"/>
                  <SP HEIGHT="90" WIDTH="21" VPOS="2933" HPOS="1247"/>
                  <String HEIGHT="90"
                          WIDTH="384"
                          VPOS="2933"
                          HPOS="1183"
                          CONTENT="superuacaneae,"/>
                  <SP HEIGHT="90" WIDTH="21" VPOS="2933" HPOS="1567"/>
                  <String HEIGHT="90"
                          WIDTH="171"
                          VPOS="2933"
                          HPOS="1503"
                          CONTENT="quia"/>
                  <SP HEIGHT="90" WIDTH="21" VPOS="2933" HPOS="1674"/>
                  <String HEIGHT="90"
                          WIDTH="235"
                          VPOS="2933"
                          HPOS="1610"
                          CONTENT="dominus"/>
                  <SP HEIGHT="90" WIDTH="21" VPOS="2933" HPOS="1844"/>
                  <String HEIGHT="90"
                          WIDTH="192"
                          VPOS="2933"
                          HPOS="1780"
                          CONTENT="certo"/>
                  <SP HEIGHT="90" WIDTH="21" VPOS="2933" HPOS="1973"/>
                  <String HEIGHT="90"
                          WIDTH="235"
                          VPOS="2933"
                          HPOS="1909"
                          CONTENT="daturus"/>
                  <SP HEIGHT="90" WIDTH="21" VPOS="2933" HPOS="2143"/>
                  <String HEIGHT="90"
                          WIDTH="128"
                          VPOS="2933"
                          HPOS="2058"
                          CONTENT="erat"/>
               </TextLine>
               <TextLine ID="r2l49"
                         BASELINE="3093"
                         HEIGHT="103"
                         WIDTH="1664"
                         VPOS="2990"
                         HPOS="526">
                  <String HEIGHT="103"
                          WIDTH="166"
                          VPOS="2990"
                          HPOS="505"
                          CONTENT="quod"/>
                  <SP HEIGHT="103" WIDTH="21" VPOS="2990" HPOS="672"/>
                  <String HEIGHT="103"
                          WIDTH="291"
                          VPOS="2990"
                          HPOS="609"
                          CONTENT="petebamus."/>
                  <SP HEIGHT="103" WIDTH="21" VPOS="2990" HPOS="900"/>
                  <String HEIGHT="103"
                          WIDTH="250"
                          VPOS="2990"
                          HPOS="838"
                          CONTENT="Promisit"/>
                  <SP HEIGHT="103" WIDTH="21" VPOS="2990" HPOS="1088"/>
                  <String HEIGHT="103"
                          WIDTH="166"
                          VPOS="2990"
                          HPOS="1025"
                          CONTENT="deus"/>
                  <SP HEIGHT="103" WIDTH="21" VPOS="2990" HPOS="1192"/>
                  <String HEIGHT="103"
                          WIDTH="333"
                          VPOS="2990"
                          HPOS="1129"
                          CONTENT="liberationem"/>
                  <SP HEIGHT="103" WIDTH="21" VPOS="2990" HPOS="1462"/>
                  <String HEIGHT="103"
                          WIDTH="208"
                          VPOS="2990"
                          HPOS="1400"
                          CONTENT="populi"/>
                  <SP HEIGHT="103" WIDTH="21" VPOS="2990" HPOS="1608"/>
                  <String HEIGHT="103"
                          WIDTH="166"
                          VPOS="2990"
                          HPOS="1545"
                          CONTENT="sui,"/>
                  <SP HEIGHT="103" WIDTH="21" VPOS="2990" HPOS="1712"/>
                  <String HEIGHT="103"
                          WIDTH="125"
                          VPOS="2990"
                          HPOS="1649"
                          CONTENT="de"/>
                  <SP HEIGHT="103" WIDTH="21" VPOS="2990" HPOS="1774"/>
                  <String HEIGHT="103"
                          WIDTH="146"
                          VPOS="2990"
                          HPOS="1712"
                          CONTENT="qua"/>
                  <SP HEIGHT="103" WIDTH="21" VPOS="2990" HPOS="1857"/>
                  <String HEIGHT="103"
                          WIDTH="208"
                          VPOS="2990"
                          HPOS="1795"
                          CONTENT="sancti"/>
                  <SP HEIGHT="103" WIDTH="21" VPOS="2990" HPOS="2003"/>
                  <String HEIGHT="103"
                          WIDTH="187"
                          VPOS="2990"
                          HPOS="1940"
                          CONTENT="nihil"/>
                  <SP HEIGHT="103" WIDTH="21" VPOS="2990" HPOS="2128"/>
                  <String HEIGHT="103"
                          WIDTH="146"
                          VPOS="2990"
                          HPOS="2044"
                          CONTENT="dubi"/>
               </TextLine>
            </TextBlock>
         </PrintSpace>
      </Page>
   </Layout>
</alto>
