2288 3632
83 253 160 81 ait,
183 253 221 81 Filioli
344 253 140 81 mei
424 253 160 81 baec
524 253 201 81 scribo
665 253 181 81 uobis
785 253 120 81 ne
845 253 261 81 peccetis:
1046 253 100 81 &
1086 253 120 81 si
1146 253 160 81 quis
1246 253 301 81 peccauerit,
1487 253 261 81 aduocatum
1668 253 100 81 ha-

103 301 193 87 bemus
231 301 171 87 apud
338 301 214 87 patrem
488 301 193 87 Iesum
616 301 257 87 Christum
808 301 235 87 iustum.
980 301 128 87 Et
1044 301 171 87 ipse
1151 301 150 87 est
1236 301 321 87 propitiatio
1493 301 150 87 pro
1557 301 214 87 peccatis

88 366 252 76 nostris,
277 366 147 76 non
361 366 147 76 pro
445 366 231 76 nostris
613 366 189 76 autem
739 366 231 76 tantum,
907 366 147 76 sed
991 366 189 76 etiam
1117 366 147 76 pro
1201 366 210 76 totius
1348 366 210 76 mundi.
1495 366 231 76 Proinde
1642 366 126 76 cer-

95 417 149 71 tum
180 417 149 71 est
265 417 191 71 morte
392 417 234 71 Christi
562 417 276 71 condonari
775 417 319 71 credentibus
1030 417 234 71 peccata
1179 417 170 71 omnia.

169 467 183 92 Porro
291 467 244 92 remittit
474 467 224 92 dominus
637 467 183 92 solus
759 467 244 92 peccata.
942 467 203 92 Solius
1084 467 163 92 enim
1186 467 142 92 dei
1267 467 203 92 gloria
1410 467 142 92 est
1491 467 265 92 remittere
1674 467 102 92 pec

88 533 187 68 cata,
213 533 104 68 &
255 533 125 68 ex
317 533 250 68 iniustis
504 533 208 68 facere
650 533 229 68 iustos.
816 533 166 68 Ergo
920 533 250 68 quanquam
1107 533 229 68 homines
1274 533 250 68 dicantur
1461 533 291 68 remittere,
1690 533 125 68 id

93 577 185 95 tamen
217 577 123 95 de
278 577 287 95 ministerio
504 577 144 95 non
586 577 267 95 potestate
791 577 349 95 intelligendum
1078 577 164 95 est.
1180 577 267 95 Annunciat
1385 577 246 95 minister
1570 577 246 95 credenti

101 645 225 64 propter
264 645 245 64 Christum
448 645 225 64 remissa
611 645 163 64 esse
713 645 245 64 peccata:
897 645 143 64 nec
979 645 225 64 fallit.
1142 645 163 64 Deus
1244 645 163 64 enim
1347 645 163 64 uere
1449 645 225 64 peccata
1592 645 163 64 remit-

98 700 142 81 mit
179 700 324 81 credentibus:
442 700 182 81 iuxta
563 700 202 81 illud,
704 700 202 81 Quorum
846 700 303 81 remiseritis
1089 700 243 81 peccata,
1271 700 303 81 remittuntur
1513 700 162 81 eis.
1614 700 121 81 Id
1655 700 101 81 fit

87 752 353 89 quotiescunque
378 752 312 89 annunciatur
628 752 208 89 uerbum
773 752 291 89 euangelij,
1002 752 125 89 ut
1064 752 187 89 nihil
1189 752 229 89 necesse
1355 752 145 89 sit
1438 752 291 89 comminisci
1646 752 104 89 con

94 813 251 66 tessione
283 813 293 66 auriculari
513 813 105 66 &
555 813 230 66 priuata
723 813 293 66 sacerdotis
953 813 314 66 absolutione
1204 813 126 66 ad
1267 813 356 66 condonationem
1540 813 209 66 peccato-

81 867 148 77 rum
165 867 169 77 opus
271 867 190 77 esse.
398 867 148 77 Nam
483 867 127 77 ut
546 867 317 77 auricularis
800 867 275 77 confessio
1011 867 148 77 non
1096 867 169 77 fuit
1201 867 254 77 usurpata
1392 867 233 77 sanctis
1561 867 169 77 ante
1645 867 106 77 ad-

89 922 200 70 uentum
229 922 240 70 Christi,
409 922 140 70 ita
489 922 140 70 non
569 922 220 70 legimus
729 922 260 70 apostolos
929 922 240 70 priuatas
1110 922 260 70 audiuisse
1310 922 340 70 confessiones,
1590 922 140 70 uel
1650 922 100 70 pri

89 964 175 88 uatas
205 964 311 88 absolutiones
458 964 253 88 usurpasse
653 964 117 88 in
711 964 233 88 ecclesia
886 964 233 88 Christi.
1061 964 175 88 Satis
1178 964 136 88 est
1255 964 253 88 confiteri
1450 964 136 88 deo
1508 964 253 88 inspicienti

93 1036 180 77 corda
213 1036 220 77 nostra,
373 1036 100 77 &
413 1036 220 77 idcirco
573 1036 240 77 legitimo
753 1036 360 77 confessionario
1052 1036 220 77 peccata
1212 1036 220 77 nostra.
1372 1036 180 77 Satis
1492 1036 140 77 est
1572 1036 120 77 si
1612 1036 140 77 iuxta

87 1089 202 84 uerbum
228 1089 121 84 S.
289 1089 202 84 Iacobi
431 1089 182 84 alter
552 1089 202 84 alteri
694 1089 243 84 fateatur
876 1089 223 84 delicta
1038 1089 101 84 &
1079 1089 263 84 offensas,
1281 1089 304 84 precemurque
1504 1089 243 84 condonatio

73 1141 162 72 nem,
174 1141 101 72 &
214 1141 182 72 mutuo
336 1141 243 72 redeamus
518 1141 121 72 in
579 1141 243 72 gratiam.
761 1141 182 72 Satis
882 1141 142 72 est
963 1141 263 72 audiuisse
1165 1141 283 72 euangelium
1388 1141 303 72 promittenti
1610 1141 142 72 nobis

84 1203 157 72 per
173 1203 270 72 Christum
376 1203 337 72 remisionem,
646 1203 315 72 peccatorum
893 1203 135 72 si
960 1203 292 72 credamus.
1185 1203 270 72 Credamus
1387 1203 180 72 ergo
1477 1203 270 72 remisionem

78 1256 335 76 peccatorum,
345 1256 245 76 orantes
524 1256 245 76 interim
702 1256 245 76 dominum
881 1256 134 76 ut
948 1256 134 76 is
1015 1256 112 76 &
1059 1256 201 76 fidem
1193 1256 268 76 concedat
1394 1256 112 76 &
1439 1256 245 76 augeat.
1617 1256 178 76 Haec

75 1316 227 82 quondam
240 1316 103 82 &
282 1316 124 82 in
343 1316 268 82 primitiua
549 1316 247 82 ecclesia
735 1316 186 82 satis
859 1316 227 82 fuerunt
1024 1316 268 82 efficacia
1230 1316 124 82 ad
1292 1316 330 82 consequendam
1539 1316 206 82 indulgen

88 1370 176 75 tiam
198 1370 110 75 &
242 1370 286 75 plenariam
462 1370 308 75 peccatorum
703 1370 330 75 remisionem:
967 1370 308 75 sufficiunt
1209 1370 176 75 haud
1319 1370 198 75 dubie
1450 1370 198 75 etiam
1560 1370 176 75 hodie.

147 1406 269 81 Praeterea
354 1406 248 81 remittit
540 1406 228 81 dominus
706 1406 186 81 nobis
830 1406 248 81 peccata,
1016 1406 145 81 non
1099 1406 124 81 ut
1161 1406 145 81 non
1244 1406 166 81 sint
1347 1406 103 81 &
1389 1406 269 81 reliquias
1595 1406 124 81 in
1637 1406 124 81 car-

85 1475 134 68 ne
152 1475 224 68 nostra
308 1475 156 68 ceu
398 1475 246 68 aculeum
576 1475 156 68 non
666 1475 335 68 relinquant,
934 1475 156 68 sed
1023 1475 134 68 ne
1090 1475 313 68 imputentur
1336 1475 201 68 nobis
1470 1475 134 68 ad
1515 1475 246 68 condemna-

78 1530 215 70 tionem.
235 1530 195 70 Haeret
372 1530 98 70 &
411 1530 195 70 exerit
547 1530 156 70 sese
645 1530 352 70 concupiscentia
938 1530 117 70 in
997 1530 176 70 carne
1114 1530 215 70 nostra,
1270 1530 293 70 spirituique
1505 1530 137 70 dei
1583 1530 156 70 bono
1661 1530 98 70 re-

80 1590 205 75 pugnat
223 1590 143 75 uel
305 1590 123 75 in
366 1590 225 75 sanctis
530 1590 184 75 quoad
653 1590 266 75 uixerimus
858 1590 123 75 in
919 1590 184 75 hisce
1042 1590 225 75 terris.
1206 1590 184 75 Multa
1329 1590 164 75 ergo
1431 1590 143 75 hic
1513 1590 164 75 opus
1595 1590 143 75 uigi-

74 1639 163 83 lia,
175 1639 204 83 multis
318 1639 244 83 ieiunijs
501 1639 204 83 quibus
644 1639 183 83 carni
766 1639 285 83 detrahamus
990 1639 224 83 fomenta
1153 1639 183 83 mali,
1275 1639 204 83 multis
1417 1639 244 83 precibus
1580 1639 163 83 quibus

78 1693 306 92 imploremus
318 1693 153 92 dei
406 1693 262 92 auxilium
602 1693 131 92 ne
668 1693 262 92 uincamur
864 1693 109 92 a
908 1693 197 92 malo.
1039 1693 175 92 Quod
1148 1693 131 92 si
1214 1693 175 92 quis
1323 1693 328 92 succubuerit
1563 1693 175 92 tenta-

72 1756 203 73 tioni,
214 1756 122 73 ne
274 1756 243 73 praebeat
457 1756 122 73 se
518 1756 304 73 irretiendum
761 1756 243 73 diabolo,
943 1756 243 73 resurgat
1126 1756 142 73 per
1207 1756 345 73 poenitentiam,
1491 1756 243 73 recurrat
1653 1756 81 73 ad

71 1808 278 78 Christum,
284 1808 235 78 credens
455 1808 171 78 sibi
562 1808 149 78 per
647 1808 214 78 mortem
797 1808 235 78 Christi
967 1808 171 78 hunc
1074 1808 214 78 quoque
1224 1808 214 78 lapsum
1373 1808 171 78 esse
1458 1808 278 78 condonatum.

79 1856 251 77 Recurret
267 1856 188 77 autem
393 1856 209 77 toties
539 1856 230 77 quoties
707 1856 105 77 a
749 1856 377 77 concupiscentia
1062 1856 105 77 &
1104 1856 230 77 peccato
1272 1856 209 77 fuerit
1418 1856 293 77 superatus.
1627 1856 105 77 Huc

75 1924 175 88 enim
185 1924 284 88 pertinent
403 1924 197 88 omnes
535 1924 372 88 adhortationes
841 1924 328 88 prophetarum
1103 1924 109 88 &
1147 1924 328 88 apostolorum
1410 1924 284 88 suadentes
1629 1924 153 88 con

71 1963 318 84 uersionem
315 1963 147 84 ad
364 1963 244 84 dominum,

151 2026 229 91 Peccata
317 2026 229 91 denique
484 2026 208 91 nostra
629 2026 145 91 ita
712 2026 249 91 condonat
899 2026 249 91 dominus,
1086 2026 125 91 ut
1148 2026 187 91 eorum
1273 2026 187 91 plane
1398 2026 270 91 recordari
1585 2026 166 91 nolit.

62 2072 150 92 lta
147 2072 171 92 enim
254 2072 278 92 praedixit
468 2072 150 92 per
553 2072 256 92 Ieremiam
746 2072 128 92 in
810 2072 171 92 cap.
916 2072 150 92 3t.
1002 2072 171 92 Ergo
1109 2072 150 92 non
1194 2072 342 92 animaduertit
1472 2072 128 92 in
1536 2072 171 92 nos.
1643 2072 150 92 Non

70 2146 179 77 enim
182 2146 224 77 culpam
338 2146 201 77 modo,
472 2146 157 77 sed
562 2146 112 77 &
607 2146 224 77 poenam
763 2146 246 77 peccati
942 2146 336 77 condonauit.
1211 2146 179 77 Quod
1323 2146 201 77 autem
1457 2146 157 77 non
1547 2146 179 77 raro
1636 2146 112 77 fia

63 2206 194 82 gellis
199 2206 155 82 suis
296 2206 136 82 nos
373 2206 214 82 caedit,
529 2206 97 82 &
568 2206 194 82 caedit
704 2206 194 82 quidem
840 2206 214 82 propter
995 2206 233 82 peccata:
1170 2206 194 82 sicuti
1306 2206 175 82 clare
1422 2206 233 82 exprimit
1578 2206 155 82 scrip-

75 2259 157 77 tura
173 2259 215 77 sancta,
330 2259 117 77 id
389 2259 196 77 quidem
526 2259 137 77 non
604 2259 137 77 fit
682 2259 117 77 ut
741 2259 294 77 afflictione
976 2259 196 77 nostra
1113 2259 333 77 satisfaciamus
1387 2259 137 77 pro
1465 2259 235 77 peccatis
1622 2259 117 77 com-

74 2311 224 78 missis.
237 2311 143 78 Ita
318 2311 163 78 enim
420 2311 305 78 euacuaretur
664 2311 163 78 mors
766 2311 244 78 Christi:
949 2311 143 78 sed
1031 2311 305 78 flagellando
1275 2311 244 78 castigat
1458 2311 143 78 nos
1519 2311 204 78 dominus,

65 2360 105 75 &
107 2360 294 75 fagellando
338 2360 252 75 declarat
528 2360 126 75 se
591 2360 147 75 non
675 2360 231 75 probare
843 2360 231 75 peccata
1011 2360 168 75 quae
1116 2360 357 75 designauimus,
1411 2360 126 75 ac
1474 2360 168 75 ipse
1558 2360 168 75 gratis

60 2429 302 75 condonauit:
301 2429 302 75 flagellando
543 2429 161 75 item
644 2429 221 75 exempla
805 2429 221 75 statuit
966 2429 141 75 nos
1046 2429 181 75 alijs
1167 2429 121 75 ne
1228 2429 161 75 ipsi
1328 2429 201 75 quoque
1469 2429 242 75 peccent:
1630 2429 101 75 sed

73 2466 104 96 &
115 2466 188 96 nobis
240 2466 188 96 ipsis
366 2466 292 96 occasionem
595 2466 251 96 peccandi
783 2466 251 96 amputat,
971 2466 104 96 &
1013 2466 188 96 cruce
1138 2466 230 96 nostram
1305 2466 230 96 exercet
1452 2466 272 96 patientiam.

62 2521 180 102 Haec
175 2521 270 102 hactenus
378 2521 135 102 de
446 2521 293 102 Remisione
671 2521 338 102 peccatorum.
941 2521 135 102 De
1009 2521 158 102 qua
1099 2521 270 102 nonnulla
1302 2521 338 102 disseruimus
1572 2521 203 102 etiam

68 2584 113 80 in
125 2584 206 80 sermone
275 2584 113 80 de
331 2584 150 80 fide
425 2584 319 80 iustificante,
687 2584 94 80 &
725 2584 188 80 alias,

127 2638 389 79 Articulus
426 2638 269 79 fidei
606 2638 389 79 undecimus
906 2638 210 79 hic
1025 2638 240 79 est,
1175 2638 299 79 CARNIS
1355 2638 389 79 RESVRRECTIO

55 2700 171 86 NEM.
161 2700 150 86 DUO
247 2700 256 86 articuli
439 2700 278 86 postremi,
653 2700 150 86 hic
739 2700 107 86 &
781 2700 321 86 duodecimus,
1038 2700 235 86 fructum
1209 2700 192 86 fidei
1337 2700 427 86 praestantissimum
1679 2700 64 86 d

62 2752 272 90 summamque
272 2752 209 90 totius
418 2752 335 90 perfectionis
691 2752 272 90 succincta
900 2752 272 90 breuitate
1109 2752 314 90 concludunt,
1361 2752 189 90 finem
1487 2752 209 90 inquam
1612 2752 105 90 fi-

70 2799 165 98 dei,
174 2799 248 98 aeternam
359 2799 206 98 uitam,
504 2799 103 98 &
545 2799 206 98 totius
689 2799 227 98 hominis
854 2799 206 98 plenam
999 2799 103 98 &
1040 2799 268 98 perfectam
1246 2799 227 98 salutem
1412 2799 289 98 profitens.
1618 2799 103 98 To-

57 2869 160 96 tus
148 2869 182 96 enim
262 2869 182 96 homo
376 2869 319 96 saluabitur
627 2869 160 96 cum
719 2869 205 96 anima
855 2869 160 96 tum
947 2869 274 96 corpore.
1152 2869 160 96 Nam
1243 2869 137 96 ut
1312 2869 182 96 homo
1426 2869 205 96 anima
1562 2869 114 96 &
1585 2869 137 96 cor
