2288 3632
503 281 100 126 &
543 281 140 126 qui
623 281 239 126 uenturus
802 281 140 126 est
882 281 219 126 ueniet,
1042 281 100 126 &
1082 281 140 126 non
1161 281 259 126 tardabit.
1361 281 200 126 lustus
1501 281 180 126 autem
1620 281 120 126 ex
1680 281 160 126 fide
1780 281 200 126 uiuet,
1920 281 140 126 &c.
1999 281 160 126 Heb,
2079 281 100 126 Ie-

590 361 124 84 Ex
652 361 145 84 his
735 361 290 84 facillimum
963 361 166 84 erit
1067 361 269 84 explicare
1274 361 207 84 tempus
1419 361 290 84 orationis,
1647 361 124 84 de
1709 361 145 84 quo
1792 361 186 84 etiam
1916 361 311 84 inquiritur,

506 423 221 92 quando
661 423 266 92 oporteat
860 423 221 92 orare.
1015 423 266 92 Priuatim
1215 423 177 92 enim
1325 423 221 92 semper
1480 423 199 92 orare
1613 423 266 92 oportet.
1813 423 221 92 Semper
1968 423 177 92 enim
2078 423 155 92 dum

505 466 229 95 uiuimus
671 466 187 95 uaria
796 466 104 95 &
838 466 270 95 multiplex
1045 466 249 95 offertur
1232 466 208 95 orandi
1378 466 249 95 materia.
1565 466 145 95 Ora
1648 466 166 95 ergo
1752 466 229 95 quoties
1918 466 249 95 impellit
2084 466 104 95 spi

511 521 196 91 ritus,
649 521 98 91 &
688 521 216 91 quoties
845 521 157 91 ipsa
944 521 275 91 necessitas
1160 521 138 91 aut
1238 521 138 91 res
1317 521 118 91 te
1376 521 177 91 orare
1494 521 275 91 compellit.
1710 521 177 91 Nihil
1827 521 157 91 tame
1926 521 138 91 hic
2004 521 216 91 coactum

504 571 158 111 sit:
603 571 177 111 omnia
721 571 197 111 hilari
859 571 98 111 &
898 571 197 111 libero
1036 571 236 111 prodeant
1213 571 236 111 spiritu.
1390 571 236 111 Publicae
1568 571 158 111 uero
1666 571 197 111 preces
1804 571 217 111 tempori
1961 571 158 111 sunt
2040 571 138 111 astri

508 634 169 94 ctae.
621 634 150 94 Sunt
715 634 150 94 enim
808 634 169 94 horae
921 634 225 94 precandi
1090 634 206 94 statae,
1240 634 150 94 sunt
1334 634 300 94 conceptiuae.
1578 634 188 94 Statae
1709 634 150 94 sunt
1803 634 188 94 certae
1934 634 169 94 illae
2047 634 113 94 ab
2084 634 94 94 ec-

514 688 209 95 clesia
660 688 272 95 receptae,
870 688 209 95 quibus
1016 688 167 95 mane
1121 688 146 95 uel
1204 688 230 95 uespere
1371 688 167 95 tota
1476 688 167 95 coit
1581 688 251 95 ecclesia
1769 688 125 95 ad
1832 688 272 95 audiendum
2020 688 167 95 uerbum

504 743 179 94 dei,
616 743 134 94 ad
683 743 269 94 orandum,
884 743 112 94 &
929 743 134 94 ad
996 743 425 94 participationem
1354 743 403 94 sacramentorum.
1690 743 157 94 Non
1779 743 201 94 eodem
1913 743 269 94 tempore,
2115 743 112 94 &

503 799 203 108 ijsdem
645 799 183 108 horis
767 799 122 108 in
828 799 203 108 sacrum
970 799 203 108 coetum
1112 799 223 108 quondam
1275 799 223 108 coijsse
1437 799 223 108 ueteres
1600 799 284 108 ecclesias,
1823 799 203 108 testis
1966 799 142 108 est
2026 799 163 108 Socra-

512 860 145 88 tes
595 860 124 88 in
657 860 269 88 historia.
864 860 124 88 Et
926 860 124 88 in
988 860 145 88 hac
1071 860 207 88 quidem
1216 860 310 88 diuersitate
1464 860 207 88 nullum
1609 860 145 88 est
1692 860 290 88 periculum.
1919 860 269 88 Coueniant
2105 860 83 88 ad

498 910 228 107 cultum
658 910 228 107 sacrum
817 910 319 107 ecclesiae,
1068 910 159 107 cum
1159 910 228 107 maxime
1318 910 205 107 ipsis
1455 910 342 107 opportunum,
1728 910 296 107 honestum,
1956 910 228 107 dignum
2116 910 114 107 &

509 984 181 80 utile
629 984 241 80 uidetur.
810 984 181 80 Porro
931 984 301 80 conceptiuae
1172 984 241 80 precandi
1352 984 181 80 horae
1473 984 181 80 sunt,
1593 984 161 80 quae
1694 984 141 80 pro
1774 984 261 80 praesenti
1955 984 241 80 necessita-

511 1022 128 104 te
575 1022 128 104 ad
638 1022 213 104 certum
787 1022 213 104 tempus
936 1022 341 104 suscipiuntur
1213 1022 149 104 aut
1298 1022 298 104 indicuntur
1532 1022 128 104 ab
1596 1022 277 104 ecclesia.
1809 1022 298 104 Temporibus
2022 1022 170 104 diffi-

519 1080 245 97 cilibus,
702 1080 102 97 &
743 1080 123 97 in
804 1080 184 97 rebus
927 1080 306 97 grauioribus
1172 1080 286 97 indixerunt
1397 1080 204 97 sancti
1540 1080 245 97 apostoli
1723 1080 204 97 preces
1866 1080 102 97 &
1907 1080 245 97 ieiunia.
2070 1080 123 97 Quod

507 1136 190 97 hodie
633 1136 211 97 quoque
781 1136 169 97 sine
886 1136 358 97 superstitione
1181 1136 105 97 &
1223 1136 147 97 cum
1307 1136 190 97 iusta
1434 1136 316 97 moderatione
1686 1136 211 97 licet.
1834 1136 126 97 Et
1876 1136 316 97 antiquissimum

512 1201 202 80 quidem
653 1201 142 80 hoc
734 1201 162 80 esse
836 1201 283 80 institutum
1058 1201 202 80 liquet
1200 1201 121 80 ex
1261 1201 142 80 his
1342 1201 202 80 loelis
1483 1201 263 80 prophetae
1686 1201 223 80 uerbis.
1848 1201 243 80 Clangite
2030 1201 162 80 tuba
2111 1201 81 80 in

521 1250 179 89 ion,
632 1250 358 89 sanctificate
923 1250 291 89 ieiunium,
1146 1250 268 89 indicite
1348 1250 246 89 coetum,
1526 1250 313 89 congregate
1772 1250 268 89 populum.
1973 1250 179 89 Quid
2063 1250 134 89 quod

526 1302 248 105 priuatim
713 1302 269 105 apostolus
920 1302 186 105 iubet
1044 1302 248 105 secubare
1230 1302 248 105 coniuges
1416 1302 124 105 ad
1479 1302 228 105 tempus,
1644 1302 104 105 &
1686 1302 104 105 a
1727 1302 228 105 licitis
1893 1302 166 105 sibi
1975 1302 228 105 temperare

532 1373 323 82 uoluptatibus,
798 1373 114 82 ut
855 1373 190 82 oratio
988 1373 114 82 in
1045 1373 285 82 necessitate
1273 1373 133 82 sit
1330 1373 228 82 ardentior?

611 1420 142 90 lam
692 1420 102 90 &
733 1420 122 90 de
793 1420 162 90 loco
895 1420 264 90 orationis
1098 1420 142 90 non
1179 1420 264 90 difficile
1383 1420 162 90 erit
1484 1420 264 90 iudicare.
1687 1420 142 90 Nam
1768 1420 122 90 ut
1829 1420 244 90 priuatim
2012 1420 162 90 omni
2093 1420 102 90 tem

522 1471 182 101 pore,
643 1471 142 101 ita
724 1471 202 101 ubique
866 1471 182 101 orare
987 1471 182 101 posse
1109 1471 223 101 sanctos
1271 1471 162 101 dixi
1372 1471 121 101 in
1433 1471 263 101 principio
1635 1471 182 101 huius
1757 1471 263 101 Sermonis.
1959 1471 182 101 Nulli
2081 1471 162 101 enim

530 1536 159 85 loco
630 1536 258 85 alligatur
828 1536 159 85 uera
928 1536 258 85 sanctorum
1127 1536 219 85 oratio,
1286 1536 179 85 neque
1405 1536 119 85 in
1464 1536 139 85 hoc
1544 1536 159 85 loco
1643 1536 159 85 quam
1743 1536 159 85 illo
1842 1536 199 85 melior
1981 1536 159 85 esse
2061 1536 139 85 iudi-

515 1595 198 78 catur.
654 1595 218 78 Bonitas
812 1595 158 78 enim
911 1595 158 78 siue
1010 1595 297 78 praestantia
1247 1595 257 78 orationis
1445 1595 139 78 non
1524 1595 119 78 ex
1584 1595 178 78 loco,
1702 1595 139 78 sed
1782 1595 119 78 ex
1841 1595 178 78 mente
1960 1595 218 78 orantis
2098 1595 99 78 ae-

525 1640 283 97 stimatur.
743 1640 153 97 Nam
830 1640 240 97 dominus
1005 1640 131 97 in
1070 1640 283 97 euangelio
1288 1640 174 97 ait,
1397 1640 218 97 Veniet
1550 1640 196 97 hora,
1681 1640 109 97 &
1724 1640 174 97 nunc
1833 1640 174 97 est,
1942 1640 218 97 quando
2073 1640 131 97 ueri

527 1698 294 91 adoratores
758 1698 273 91 adorabunt
968 1698 210 91 patrem
1115 1698 231 91 spiritu
1283 1698 105 91 &
1325 1698 273 91 ueritate,
1534 1698 147 91 &c.
1618 1698 189 91 Ioan.
1744 1698 126 91 4.
1807 1698 168 91 cap.
1912 1698 210 91 Minime
2059 1698 189 91 autem

519 1751 142 89 hic
600 1751 325 89 praetereundi
864 1751 264 89 uidentur,
1068 1751 203 89 quibus
1210 1751 264 89 persuasum
1413 1751 142 89 est
1494 1751 163 89 pios
1596 1751 224 89 nullibi
1759 1751 183 89 orare
1881 1751 183 89 posse
2003 1751 163 89 nisi
2084 1751 122 89 domi

529 1805 120 92 in
589 1805 261 92 cubiculo.
790 1805 141 92 Quo
870 1805 281 92 detorquent
1091 1805 161 92 illa
1191 1805 281 92 saluatoris
1412 1805 201 92 nostri
1553 1805 201 92 uerba,
1693 1805 120 92 Tu
1753 1805 141 92 cum
1834 1805 181 92 oras,
1954 1805 241 92 introito
2115 1805 80 92 in

523 1865 241 86 conclaue
703 1865 180 86 tuum,
824 1865 100 86 &
864 1865 221 86 occluso
1024 1865 180 86 ostio
1144 1865 140 86 tuo
1225 1865 140 86 ora
1305 1865 200 86 patrem
1445 1865 160 86 tuum
1545 1865 140 86 qui
1626 1865 140 86 est
1706 1865 120 86 in
1766 1865 241 86 occulto,
1946 1865 100 86 &
1986 1865 120 86 is
2047 1865 140 86 qui
2107 1865 100 86 est

528 1927 122 90 in
589 1927 245 90 occulto,
772 1927 265 90 persoluet
976 1927 163 90 tibi
1078 1927 122 90 in
1139 1927 286 90 propatulo.
1364 1927 245 90 Caeterum
1547 1927 204 90 habent
1690 1927 163 90 haec
1792 1927 286 90 antithesin
2016 1927 122 90 ad
2057 1927 143 90 supe-

524 1976 199 93 riora.
663 1976 139 93 Nam
743 1976 299 93 praecessit,
982 1976 139 93 Cum
1061 1976 279 93 oraueritis
1280 1976 139 93 non
1360 1976 199 93 eritis
1499 1976 199 93 sicuti
1639 1976 279 93 hypocritae
1858 1976 100 93 :
1897 1976 199 93 solent
2037 1976 159 93 enim
2116 1976 80 93 in

526 2030 346 86 conciliabulis
811 2030 102 86 &
852 2030 122 86 in
913 2030 224 86 angulis
1076 2030 265 86 platearum
1279 2030 224 86 stantes
1442 2030 204 86 orare,
1585 2030 143 86 quo
1666 2030 265 86 conspicui
1870 2030 163 86 sint
1952 2030 244 86 hominibus,

524 2089 153 85 His
611 2089 174 85 enim
720 2089 174 85 modo
829 2089 261 85 opponit,
1025 2089 153 85 Tsu
1113 2089 174 85 uero
1221 2089 153 85 cum
1309 2089 261 85 oraueris
1505 2089 261 85 introito
1701 2089 131 85 in
1766 2089 261 85 conclaue
1962 2089 196 85 tuum.
2071 2089 131 85 Quo-

533 2155 169 80 niam
639 2155 190 80 autem
765 2155 127 80 in
829 2155 233 80 taxando
998 2155 275 80 orationis
1209 2155 190 80 uitio
1336 2155 148 80 non
1421 2155 190 80 locum
1548 2155 233 80 proprie
1717 2155 275 80 damnauit,
1928 2155 148 80 sed
1992 2155 211 80 figurate

532 2203 139 84 hoc
612 2203 199 84 potius
751 2203 199 84 dixit,
891 2203 259 84 Pharisaei
1090 2203 239 84 precibus
1269 2203 159 84 suis
1369 2203 120 84 in
1429 2203 219 84 plateis
1588 2203 199 84 factis
1728 2203 239 84 uenantur
1907 2203 199 84 laudem
2047 2203 100 84 &
2067 2203 139 84 assen

526 2254 252 91 tationem
715 2254 231 91 populi:
883 2254 147 91 ita
967 2254 126 91 ex
1030 2254 273 91 contrario
1240 2254 252 91 cubiculi
1429 2254 273 91 mentionem
1639 2254 252 91 faciens,
1828 2254 147 91 non
1912 2254 189 91 locum
2017 2254 189 91 proprie

530 2318 277 83 orationem
743 2318 149 83 uel
828 2318 277 83 meliorem,
1041 2318 149 83 uel
1127 2318 235 83 peiorem
1297 2318 213 83 facere
1446 2318 235 83 sensit,
1617 2318 149 83 sed
1702 2318 256 83 figurato
1894 2318 235 83 sermone
2043 2318 171 83 docuit

532 2365 242 102 syncero
708 2365 198 102 animo
840 2365 110 102 &
884 2365 330 102 alienissimo
1147 2365 110 102 a
1191 2365 286 102 captandis
1411 2365 242 102 hominum
1587 2365 264 102 laudibus
1785 2365 176 102 esse
1894 2365 264 102 orandum.
2092 2365 154 102 Nam

531 2439 148 75 qui
616 2439 191 75 mente
743 2439 127 75 ab
806 2439 297 75 affectibus
1040 2439 297 75 tranquilla
1273 2439 191 75 solum
1400 2439 170 75 deum
1506 2439 297 75 respiciens
1739 2439 191 75 orat,
1867 2439 127 75 in
1930 2439 254 75 cubiculo
2100 2439 106 75 suo

531 2480 186 94 orat,
655 2480 166 94 siue
759 2480 124 94 in
821 2480 207 94 templo
966 2480 166 94 siue
1069 2480 124 94 in
1132 2480 207 94 platea
1277 2480 186 94 oret.
1401 2480 228 94 Alioqui
1566 2480 166 94 enim
1670 2480 228 94 dominus
1835 2480 145 94 cum
1918 2480 290 94 discipulis
2125 2480 83 94 in

529 2538 222 96 templo,
690 2538 121 96 in
751 2538 182 96 urbe,
872 2538 121 96 in
932 2538 182 96 agro,
1054 2538 101 96 &
1094 2538 262 96 ubicunque
1296 2538 141 96 res
1377 2538 303 96 postulabat,
1619 2538 222 96 orauit.
1780 2538 242 96 Sequitur
1962 2538 182 96 item,
2063 2538 141 96 Pater

529 2588 144 106 qui
612 2588 185 106 uidet
735 2588 123 106 in
797 2588 247 106 occulto,
982 2588 206 106 reddet
1126 2588 164 106 tibi
1228 2588 123 106 in
1290 2588 288 106 propatulo.
1516 2588 123 106 Id
1578 2588 164 106 est,
1681 2588 185 106 pater
1804 2588 144 106 cui
1886 2588 247 106 probatur
2051 2588 164 106 animus

519 2651 147 95 non
603 2651 273 95 superbus,
813 2651 147 95 sed
898 2651 231 95 humilis
1066 2651 105 95 &
1108 2651 126 95 ab
1171 2651 273 95 ambitione
1382 2651 252 95 alienus,
1571 2651 252 95 rependet
1760 2651 168 95 tibi
1865 2651 210 95 palam.
1992 2651 210 95 Publicae

532 2709 183 96 autem
654 2709 204 96 preces
796 2709 183 96 fiunt
918 2709 122 96 in
980 2709 204 96 templo
1122 2709 143 96 aut
1203 2709 122 96 in
1265 2709 183 96 coetu
1387 2709 285 96 sanctorum:
1611 2709 163 96 quem
1712 2709 122 96 si
1773 2709 163 96 quis
1875 2709 285 96 contemnat,
2079 2709 122 96 cla-

539 2757 204 87 mitans
681 2757 265 87 orationem
885 2757 183 87 nulli
1007 2757 163 87 loco
1109 2757 244 87 alligari
1292 2757 265 87 oportere,
1496 2757 204 87 nescio
1639 2757 122 87 an
1700 2757 285 87 Christiano
1924 2757 204 87 nomine
2046 2757 163 87 dignus

526 2818 166 83 sit,
630 2818 146 83 cum
713 2818 270 83 libertate
921 2818 291 83 Christiana
1150 2818 187 83 foede
1275 2818 270 83 abutatur.
1482 2818 187 83 Porro
1607 2818 125 83 de
1670 2818 249 83 Coetibus
1857 2818 166 83 dixi
1961 2818 187 83 paulo
2064 2818 146 83 supe-

517 2880 197 94 rius.
648 2880 241 94 Dicemus
823 2880 197 94 plura
955 2880 284 94 fortassis
1174 2880 219 94 ultimo
1327 2880 197 94 huius
1458 2880 241 94 Decadis
1611 2880 219 94 Sermone.

611 2926 326 106 Attingendus
872 2926 152 106 hic
959 2926 218 106 quoque
1112 2926 196 106 uenit
1242 2926 261 106 orantium
1438 2926 261 106 habitus.
1634 2926 196 106 Absit
1765 2926 196 106 autem
1895 2926 196 106 omnis
2026 2926 218 106 luxus,
