2288 3632
507 296 170 95 dere
613 296 233 95 Christi
782 296 297 95 orationem.
1016 296 254 95 Agnoscat
1206 296 191 95 pater
1334 296 191 95 filij
1461 296 148 95 sui
1546 296 191 95 uerba
1673 296 148 95 cum
1758 296 212 95 precem
1906 296 254 95 facimus.
2097 296 148 95 Qui

517 387 235 62 habitat
687 387 192 62 intus
816 387 128 62 in
880 387 256 62 pectore,
1072 387 171 62 ipse
1178 387 149 62 sit
1264 387 107 62 &
1306 387 128 62 in
1371 387 192 62 uoce.
1499 387 128 62 Et
1563 387 149 62 cum
1648 387 192 62 ipsum
1776 387 256 62 habeamus
1968 387 278 62 aduocatum

517 434 161 72 apud
618 434 202 72 patrem
759 434 141 72 pro
840 434 242 72 peccatis
1021 434 242 72 nostris,
1203 434 202 72 quando
1344 434 282 72 peccatores
1566 434 141 72 pro
1646 434 242 72 delictis
1828 434 222 72 nostris
1989 434 242 72 petimus,

521 493 261 61 aduocati
717 493 217 61 nostri
869 493 196 61 uerba
999 493 283 61 promamus.
1217 493 152 61 Nam
1304 493 152 61 cum
1391 493 217 61 dicat,
1543 493 304 61 Quaecunque
1782 493 304 61 petieritis
2021 493 217 61 patrem

514 543 127 74 in
577 543 212 74 nomine
726 543 170 74 meo,
832 543 191 74 dabit
959 543 212 74 uobis:
1108 543 212 74 quanto
1256 543 297 74 efficatius
1489 543 318 74 impetramus,
1744 543 170 74 quod
1850 543 233 74 petimus
2019 543 127 74 in
2062 543 127 74 Chri

525 597 135 76 sti
602 597 213 76 nomine,
757 597 116 76 si
814 597 213 76 petamus
969 597 193 76 ipsius
1104 597 251 76 oratione.
1297 597 155 76 Haec
1394 597 155 76 ille

606 647 119 77 Ex
666 647 139 77 his
745 647 278 77 contexitur
963 647 258 77 quaestio,
1162 647 119 77 an
1221 647 139 77 ita
1301 647 198 77 uerbis
1440 647 258 77 orationis
1638 647 258 77 dominicae
1837 647 238 77 alligati
2015 647 179 77 simus
2115 647 79 77 ut

503 708 110 79 i
547 708 197 79 alijs
678 708 219 79 omnino
832 708 219 79 uerbis
985 708 197 79 orare
1117 708 153 79 non
1204 708 285 79 possimus?
1423 708 285 79 Respondeo
1642 708 263 79 noluisse
1839 708 241 79 dominum
2015 708 153 79 ita
2080 708 110 79 nos

528 765 250 75 conceptis
720 765 269 75 astringere
931 765 192 75 uerbis
1066 765 173 75 quasi
1181 765 173 75 alijs
1297 765 192 75 uerbis
1431 765 135 75 aut
1508 765 173 75 forma
1623 765 154 75 alia
1719 765 135 75 uti
1796 765 135 75 non
1873 765 211 75 liceat:
2027 765 135 75 sed
2085 765 115 75 pro-

522 820 217 85 posuit
674 820 325 85 uniuersalia
934 820 260 85 quaedam,
1129 820 130 85 ad
1194 820 173 85 quae
1302 820 195 85 omnes
1432 820 238 85 nostras
1605 820 217 85 preces
1757 820 303 85 referamus.
1995 820 152 85 Nam
2082 820 108 85 &
2103 820 87 85 Au

523 871 239 92 gustinus
702 871 119 92 ad
762 871 199 92 Probam
901 871 119 92 de
961 871 199 92 orando
1101 871 159 92 deo,
1200 871 239 92 ostendit
1379 871 179 92 nihil
1499 871 199 92 uspiam
1638 871 119 92 in
1698 871 199 92 sacris
1838 871 219 92 literis
1997 871 159 92 esse
2077 871 119 92 ora-

521 947 177 66 tum,
631 947 177 66 quod
742 947 155 66 non
830 947 376 66 coprehendatur
1140 947 265 66 oratione
1339 947 287 66 dominica.
1560 947 155 66 Nam
1648 947 133 66 si
1715 947 155 66 per
1803 947 199 66 omnia
1914 947 287 66 precationum

527 996 242 65 sacrarum
708 996 182 65 uerba
829 996 282 65 discurras,
1051 996 222 65 inquit,
1213 996 182 65 nihil
1334 996 262 65 inuenies,
1535 996 161 65 quod
1636 996 141 65 non
1717 996 161 65 ista
1818 996 242 65 dominica
1979 996 222 65 concludat

531 1049 97 68 &
569 1049 252 68 contineat
764 1049 214 68 oratio.
919 1049 194 68 Quibus
1055 1049 136 68 mox
1132 1049 252 68 subijcit,
1326 1049 155 68 Vnde
1424 1049 214 68 liberum
1579 1049 136 68 est
1656 1049 175 68 alijs
1773 1049 175 68 atque
1889 1049 175 68 alijs
2006 1049 194 68 uerbis
2122 1049 78 68 ea

532 1114 142 64 dem
613 1114 182 64 tamen
734 1114 122 64 in
795 1114 203 64 orando
937 1114 223 64 dicere,
1099 1114 142 64 sed
1180 1114 142 64 non
1262 1114 182 64 debet
1383 1114 162 64 esse
1484 1114 223 64 liberum
1647 1114 162 64 alia
1748 1114 223 64 dicere.
1890 1114 304 64 Consultissime

530 1165 160 74 ergo
630 1165 240 74 faciunt,
810 1165 140 74 qui
890 1165 180 74 omnes
1011 1165 160 74 suas
1111 1165 260 74 orationes
1311 1165 120 74 ad
1371 1165 260 74 orationem
1571 1165 240 74 reserunt
1751 1165 280 74 dominicam,
1972 1165 140 74 cui
2052 1165 100 74 &
2072 1165 120 74 pri-

533 1221 148 75 mas
618 1221 275 75 tribuunt,
829 1221 106 75 &
872 1221 169 75 hanc
977 1221 254 75 perpetuo
1168 1221 127 75 in
1231 1221 191 75 animo
1359 1221 296 75 retinentes
1591 1221 296 75 meditantur
1824 1221 191 75 atque
1930 1221 233 75 exercent.

621 1284 208 55 Quaeri
767 1284 188 55 solet
892 1284 104 55 &
934 1284 208 55 aliud,
1080 1284 167 55 Quid
1184 1284 229 55 necesse
1351 1284 146 55 sit
1434 1284 146 55 deo
1517 1284 208 55 uerbis
1663 1284 250 55 exponere
1851 1284 167 55 uota
1955 1284 208 55 nostra
2101 1284 146 55 cum

538 1326 198 76 omnia
670 1326 198 76 prius
802 1326 220 76 norit?
956 1326 242 76 Diximus
1131 1326 154 76 mox
1219 1326 132 76 ab
1285 1326 220 76 initio
1439 1326 198 76 huius
1571 1326 286 76 Sermonis,
1791 1326 286 76 orationem
2010 1326 242 76 nostram

536 1387 169 77 esse
642 1387 359 77 humiliationem
937 1387 190 77 coram
1064 1387 275 77 maiestate
1275 1387 232 77 diuina,
1444 1387 211 77 quibus
1592 1387 232 77 insuper
1761 1387 169 77 haec
1867 1387 317 77 adiincimus,
2099 1387 106 77 Non

543 1440 277 82 exponimus
756 1440 149 82 deo
841 1440 171 82 uota
948 1440 213 82 nostra
1097 1440 192 82 uelut
1225 1440 299 82 nescienti,
1460 1440 149 82 aut
1545 1440 128 82 ut
1609 1440 299 82 ignorantem
1843 1440 277 82 doceamus,
2057 1440 149 82 aut
2121 1440 85 82 ut

535 1508 230 61 operosa
702 1508 104 61 &
744 1508 251 61 eleganti
932 1508 251 61 oratione
1120 1508 167 61 deum
1224 1508 292 61 ffectamus,
1454 1508 146 61 sed
1538 1508 230 61 propter
1705 1508 146 61 nos
1788 1508 188 61 ipsos
1914 1508 209 61 uerbis
2039 1508 167 61 utimur

537 1559 198 74 quibus
676 1559 138 74 nos
755 1559 277 74 excitemus.
972 1559 119 74 Et
1031 1559 119 74 in
1090 1559 158 74 hunc
1189 1559 178 74 finem
1308 1559 296 74 sanctissimi
1545 1559 198 74 quique
1683 1559 158 74 uiri
1782 1559 138 74 dei
1861 1559 217 74 prolixe
2019 1559 158 74 uota
2098 1559 99 74 sua

542 1605 213 76 domino
691 1605 299 76 exposuisse
926 1605 256 76 leguntur
1117 1605 128 76 in
1181 1605 235 76 Psalmis
1352 1605 107 76 &
1395 1605 128 76 in
1459 1605 299 76 historijs.
1693 1605 128 76 S.
1757 1605 320 76 Hieronymus,
2013 1605 149 76 Nos
2098 1605 149 76 non

537 1664 187 73 sumus
662 1664 312 73 narratores,
912 1664 229 73 inquit,
1078 1664 146 73 sed
1161 1664 271 73 oratores.
1370 1664 187 73 Aliud
1494 1664 146 73 est
1578 1664 166 73 enim
1682 1664 229 73 narrare
1848 1664 291 73 ignoranti,
2056 1664 146 73 aliud

543 1719 231 77 scientem
716 1719 212 77 petere.
871 1719 116 77 In
928 1719 154 77 illo
1025 1719 231 77 indicium
1198 1719 154 77 est,
1295 1719 116 77 in
1353 1719 135 77 hoc
1430 1719 270 77 obsequium.
1642 1719 135 77 Ibi
1719 1719 251 77 fideliter
1912 1719 270 77 indicamus,
2105 1719 96 77 hic

540 1786 355 58 miserabiliter
832 1786 313 58 obsecramus.
1083 1786 125 58 Et
1145 1786 209 58 beatus
1291 1786 313 58 Augustinus,
1541 1786 188 58 Nobis
1667 1786 188 58 uerba
1792 1786 292 58 necessaria
2021 1786 188 58 sunt,
2126 1786 83 58 in

530 1834 200 73 quit,
663 1834 223 73 quibus
819 1834 356 73 commoueamur,
1109 1834 111 73 &
1153 1834 334 73 inspiciamus
1421 1834 178 73 quid
1532 1834 245 73 petamus
1710 1834 111 73 :
1755 1834 156 73 non
1844 1834 223 73 quibus
2000 1834 245 73 dominum

533 1891 154 72 seu
621 1891 287 72 docendum,
842 1891 154 72 seu
930 1891 309 72 flectendum
1172 1891 176 72 esse
1260 1891 243 72 credamus,

619 1951 238 65 Proinde
793 1951 152 65 cum
879 1951 238 65 dominus
1053 1951 347 65 multiloquium
1335 1951 152 65 uel
1422 1951 325 65 battologiam
1682 1951 130 65 in
1747 1951 260 65 oratione
1942 1951 304 65 prohibuit,

538 2005 149 67 non
623 2005 127 67 ad
686 2005 212 67 modica
835 2005 106 67 &
878 2005 276 67 succincta
1090 2005 191 67 uerba
1218 2005 276 67 orationem
1430 2005 255 67 fidelium
1621 2005 319 67 simpliciter
1876 2005 297 67 astrinxit,
2089 2005 106 67 sed

536 2054 295 78 prohibuit
763 2054 136 78 ne
832 2054 318 78 ethnicorum
1081 2054 182 78 more
1195 2054 204 78 multa
1331 2054 204 78 uerba
1467 2054 182 78 sine
1581 2054 204 78 sensu
1717 2054 114 78 &
1763 2054 204 78 mente
1876 2054 318 78 profundamus,

538 2115 109 67 &
582 2115 219 67 deinde
735 2115 328 67 existimemus
998 2115 153 67 nos
1085 2115 263 67 exaudiri
1282 2115 241 67 propter
1458 2115 350 67 multiloquium
1742 2115 285 67 precumque
1939 2115 263 67 frequentem

540 2168 336 69 iterationem:
813 2168 168 69 quod
918 2168 189 69 hodie
1044 2168 315 69 arbitrantur
1296 2168 189 69 falso
1422 2168 126 69 ad
1485 2168 231 69 numerum
1653 2168 252 69 orantes,
1842 2168 105 69 &
1884 2168 231 69 rosaria
2031 2168 168 69 conte-

541 2239 239 54 xentes.
715 2239 282 54 Subiungit
932 2239 174 54 enim
1041 2239 261 54 dominus,
1236 2239 217 54 Putant
1388 2239 174 54 fore
1497 2239 130 54 ut
1562 2239 130 54 ob
1627 2239 348 54 multiloquium
1888 2239 304 54 exaudiantur.

537 2281 129 66 S.
602 2281 301 66 Augustinus
839 2281 301 66 distinguit
1075 2281 194 66 inter
1204 2281 215 66 multum
1355 2281 194 66 loqui
1484 2281 108 66 &
1527 2281 215 66 multum
1678 2281 258 66 precari.
1871 2281 215 66 Multum
2022 2281 215 66 loqui,

533 2335 225 72 inquit,
696 2335 143 72 est
778 2335 123 72 in
839 2335 204 72 orando
982 2335 143 72 rem
1064 2335 306 72 necessariam
1309 2335 286 72 superfluis
1534 2335 184 72 agere
1656 2335 225 72 uerbis.
1820 2335 204 72 Multum
1963 2335 225 72 precari
2106 2335 102 72 au-

543 2402 149 65 tem
628 2402 171 65 est,
735 2402 128 65 ad
799 2402 149 65 eum
884 2402 171 65 quem
990 2402 256 65 precamur
1182 2402 256 65 diuturna
1374 2402 107 65 &
1417 2402 149 65 pia
1502 2402 213 65 cordis
1652 2402 320 65 excitatione
1907 2402 256 65 pulsare.
2099 2402 149 65 Nam

528 2453 279 78 plerunque
742 2453 150 78 hoc
828 2453 279 78 negotium,
1043 2453 172 78 plus
1150 2453 279 78 gemitibus
1365 2453 172 78 quam
1473 2453 301 78 sermonibus
1709 2453 301 78 peragitur.
1945 2453 129 78 Et
2010 2453 172 78 mox,
2096 2453 107 78 Non

530 2499 151 79 est
617 2499 258 79 improbum
810 2499 151 79 uel
896 2499 237 79 inutile
1068 2499 151 79 cum
1154 2499 194 79 uacat
1283 2499 194 79 orare
1412 2499 301 79 prolixius.
1649 2499 151 79 Nam
1735 2499 129 79 de
1799 2499 172 79 ipso
1907 2499 215 79 domino
2036 2499 172 79 nostro

533 2559 244 67 scriptum
716 2559 163 67 est,
817 2559 163 67 quod
919 2559 305 67 pernoctarit
1163 2559 122 67 in
1224 2559 224 67 orando,
1386 2559 163 67 quod
1488 2559 264 67 prolixius
1691 2559 264 67 orauerit.
1894 2559 142 67 Vbi
1975 2559 163 67 quid
2057 2559 142 67 aliud

538 2611 156 77 quam
636 2611 176 77 nobis
753 2611 235 77 praebuit
929 2611 254 77 exemplum:
1125 2611 156 77 Haec
1223 2611 176 77 ille.
1340 2611 156 77 Quod
1438 2611 117 77 si
1496 2611 137 77 cui
1574 2611 254 77 difficile
1770 2611 137 77 est
1848 2611 254 77 prolixius
2044 2611 98 77 &
2063 2611 137 77 conti

537 2679 137 60 nue
616 2679 195 60 orare,
752 2679 293 60 interrumpat
987 2679 254 60 orationem
1183 2679 195 60 licet,
1319 2679 137 60 sed
1398 2679 117 60 ad
1456 2679 195 60 eandem
1593 2679 235 60 crebrius
1769 2679 274 60 reparandam
1984 2679 254 60 recurrat,

545 2724 186 72 Talis
670 2724 166 72 enim
773 2724 373 72 breuiloquentia
1084 2724 124 72 in
1146 2724 207 72 orando
1291 2724 207 72 laudem
1436 2724 249 72 meretur.
1622 2724 124 72 Et
1684 2724 124 72 ut
1746 2724 166 72 hunc
1850 2724 186 72 locum
1974 2724 269 72 finiamus,

532 2795 163 57 nemo
634 2795 265 57 existimet
838 2795 123 57 se
899 2795 204 57 orando
1042 2795 265 57 nescienti
1246 2795 143 57 deo
1328 2795 225 57 narrare
1491 2795 143 57 res
1573 2795 245 57 nostras:
1757 2795 163 57 nemo
1859 2795 265 57 existimet
2063 2795 123 57 se
2104 2795 102 57 ex-

534 2839 222 72 audiri
689 2839 244 72 propter
867 2839 333 72 expositonem
1134 2839 111 72 &
1178 2839 244 72 propter
1356 2839 267 72 operosam
1556 2839 222 72 quidem
1711 2839 111 72 &
1756 2839 244 72 exactam
1911 2839 289 72 expositonem

539 2899 287 79 saepiusque
765 2899 267 79 repetitam
971 2899 103 79 &
1012 2899 349 79 intensissimis
1299 2899 287 79 clamoribus
1525 2899 226 79 auribus
1689 2899 226 79 diuinis
1853 2899 308 79 inculcatam:
2079 2899 123 79 nemo

534 2963 293 65 existimet
760 2963 135 65 ad
828 2963 248 65 numerum
1009 2963 226 65 certum
1167 2963 181 65 esse
1279 2963 271 65 orandum,
1483 2963 158 65 hoc
1573 2963 158 65 est
1663 2963 293 65 orationes
1889 2963 293 65 dominicas
2092 2963 113 65 deo
