2288 3632
57 270 220 102 nostro
211 270 242 102 tanquam
386 270 154 102 non
474 270 176 102 bene
584 270 220 102 memori
738 270 110 102 &
782 270 176 102 male
892 270 198 102 fidei
1023 270 220 102 domino
1177 270 220 102 baccis
1331 270 329 102 globulisque
1572 270 176 102 colle-

69 352 181 79 ctis,
189 352 100 79 &
230 352 181 79 quasi
350 352 121 79 ad
410 352 241 79 calculum
591 352 281 79 reuocatis,
812 352 161 79 esse
912 352 341 79 annumerandas.
1194 352 201 79 Etenim
1334 352 181 79 talia
1455 352 141 79 non
1535 352 181 79 citra
1635 352 121 79 foe-

60 401 251 70 dissimam
248 401 377 70 superstitionem
563 401 209 70 fiunt.

188 457 228 65 uoniam
348 457 182 65 uero
462 457 205 65 dixi,
598 457 182 65 quod
712 457 114 65 &
758 457 205 65 omnes
894 457 159 65 pij
986 457 159 65 per
1077 457 205 65 totum
1213 457 273 65 terrarum
1418 457 205 65 orbem
1532 457 228 65 confiten

63 520 174 71 tur,
172 520 392 71 absolutissimam
498 520 218 71 orandi
651 520 261 71 formulam
846 520 196 71 nobis
977 520 174 71 esse
1086 520 261 71 traditam
1281 520 261 71 Oratione
1477 520 261 71 dominica
1673 520 131 71 ab

66 574 158 77 ipso
165 574 198 77 domino
304 574 198 77 nostro
442 574 158 77 Iesu
541 574 238 77 Christo,
720 574 198 77 restat
858 574 119 77 ut
917 574 317 77 sanctissimam
1175 574 178 77 illam
1294 574 376 77 diuinissimisque
1591 574 158 77 uerbis

81 636 303 73 compositam
320 636 260 73 uerbotim
515 636 130 73 ex
579 636 152 73 ore
666 636 238 73 domini,
839 636 195 73 sicut
969 636 152 73 eam
1056 636 195 73 nobis
1186 636 282 73 Matthaeus
1402 636 282 73 apostolus
1597 636 152 73 retu-

66 677 163 85 lit,
167 677 285 85 recitemus,
391 677 204 85 deinde
534 677 224 85 eandem,
697 677 142 85 qua
778 677 183 85 fieri
900 677 204 85 potest
1043 677 265 85 breuitate
1246 677 102 85 &
1287 677 366 85 perspicuitate,
1572 677 183 85 expona-

66 747 153 76 mus,
162 747 134 76 quo
238 747 211 76 rectius
392 747 211 76 quisque
545 747 153 76 quod
641 747 153 76 orat
737 747 288 76 intelligat,
967 747 326 76 afficiaturque
1236 747 249 76 penitius.
1428 747 249 76 Orationis
1620 747 173 76 diui¬

81 788 240 72 nissimae
261 788 220 72 formula
420 788 160 72 haec
500 788 120 72 est.

148 843 216 87 Pater
292 843 264 87 noster,
484 843 168 87 qui
581 843 144 87 es
653 843 144 87 in
725 843 264 87 coelis.
917 843 409 87 Sanctificetur
1253 843 216 87 nomen
1398 843 216 87 tuum.
1518 843 240 87 Adueniat

65 917 234 66 regnum
228 917 211 66 tuum.
369 917 187 66 Fiat
486 917 281 66 uoluntas
696 917 187 66 tua,
813 917 211 66 sicut
954 917 140 66 in
1024 917 234 66 coelo,
1188 917 164 66 ita
1281 917 140 66 in
1351 917 234 66 terra.
1515 917 211 66 Panem
1632 917 117 66 no-

59 981 216 104 strum
203 981 361 104 quotidianum
492 981 144 104 da
564 981 216 104 nobis
708 981 240 104 hodie.
876 981 144 104 Et
949 981 264 104 remitte
1141 981 216 104 nobis
1285 981 240 104 debita
1453 981 264 104 nostra:
1622 981 120 104 si-

61 1057 169 99 cut
158 1057 121 99 &
206 1057 169 99 nos
303 1057 339 99 remittimus
569 1057 363 99 debitoribus
859 1057 290 99 nostris.
1077 1057 145 99 Et
1149 1057 145 99 ne
1222 1057 266 99 inducas
1415 1057 169 99 nos
1512 1057 145 99 in
1560 1057 194 99 tenta-

65 1108 283 94 tionem:
271 1108 180 94 sed
374 1108 258 94 libera
555 1108 180 94 nos
658 1108 129 94 a
710 1108 232 94 malo,
838 1108 155 94 Amen

160 1179 311 95 Sacrosancta
409 1179 166 95 haec
513 1179 207 95 domini
658 1179 166 95 Iesu
762 1179 228 95 Christi
928 1179 311 95 seruatoris,
1176 1179 249 95 doctoris
1363 1179 104 95 &
1404 1179 187 95 summi
1508 1179 249 95 pontificis

72 1246 187 82 nostri
203 1246 187 82 oratio
334 1246 262 82 catholicae
541 1246 243 82 ecclesiae
728 1246 225 82 tradita,
896 1246 112 82 ut
953 1246 131 82 sit
1028 1246 243 82 catholica
1215 1246 187 82 orandi
1346 1246 150 82 deum
1440 1246 225 82 formula,
1589 1246 169 82 distin-

62 1305 154 68 gui
150 1305 198 68 solet
282 1305 132 68 in
348 1305 417 68 Praefatiunculam
699 1305 110 68 &
743 1305 307 68 petitiones
984 1305 176 68 sex.
1094 1305 176 68 Alij
1204 1305 220 68 septem
1358 1305 285 68 numerant.
1555 1305 198 68 Tradunt

71 1368 201 62 quidam
212 1368 222 62 priores
373 1368 161 62 tres
474 1368 282 62 petitiones
695 1368 222 62 seruire
857 1368 262 62 praecipue
1058 1368 222 62 gloriae
1219 1368 141 62 dei
1300 1368 322 62 propagandae,
1542 1368 201 62 posterio

79 1416 144 66 res
162 1416 205 66 nostri
305 1416 185 66 curam
428 1416 226 66 gerere,
593 1416 103 66 &
634 1416 123 66 ea
695 1416 164 66 quae
798 1416 185 66 nobis
921 1416 287 66 necessaria
1147 1416 164 66 sunt
1249 1416 287 66 postulare.
1475 1416 246 66 Videntur
1639 1416 103 66 au-

77 1475 142 60 tem
158 1475 264 60 pleraeque
361 1475 244 60 utrumque
544 1475 284 60 continere.
768 1475 366 60 Praefatiuncula
1072 1475 163 60 haec
1174 1475 163 60 est,
1276 1475 183 60 Pater
1398 1475 203 60 noster
1540 1475 142 60 qui
1621 1475 122 60 es
1662 1475 81 60 in

73 1535 232 64 coelis.
242 1535 148 64 Hac
326 1535 274 64 inuocamus
537 1535 106 64 &
579 1535 338 64 consecrantes
854 1535 148 64 nos
938 1535 148 64 deo
1023 1535 190 64 totos
1149 1535 295 64 conijcimus
1381 1535 127 64 in
1445 1535 169 64 eius
1550 1535 190 64 curam
1677 1535 106 64 &

62 1585 387 63 misericordiam.
385 1585 129 63 Ac
450 1585 237 63 singula
622 1585 194 63 uerba
751 1585 258 63 ingentia
944 1585 215 63 habent
1095 1585 280 63 mysteria.
1310 1585 215 63 Voluit
1460 1585 172 63 enim
1546 1585 194 63 dominus

65 1645 191 70 orare
192 1645 149 70 nos
277 1645 191 70 sensu
405 1645 191 70 magis
532 1645 170 70 quam
638 1645 234 70 uerbis.
808 1645 170 70 Haec
915 1645 170 70 ergo
1021 1645 255 70 admonent
1212 1645 106 70 &
1254 1645 276 70 cogitanda
1467 1645 319 70 sufficiunt,

73 1698 172 68 mens
180 1698 172 68 uero
287 1698 279 68 instructa
502 1698 236 68 spiritu
674 1698 236 68 sancto,
845 1698 172 68 quem
953 1698 172 68 ante
1060 1698 193 68 omnia
1189 1698 279 68 orantibus
1404 1698 322 68 necessarium
1640 1698 107 68 di-

69 1758 212 68 ximus,
217 1758 297 68 eleuataque
450 1758 127 68 in
514 1758 402 68 contemplationem
852 1758 148 68 dei
937 1758 254 68 rerumque
1128 1758 297 68 diuinarum,
1361 1758 169 68 haec
1467 1758 212 68 deuote
1615 1758 106 68 &
1636 1758 106 68 ar-

70 1802 228 60 denter
230 1802 319 60 meditatur.
480 1802 137 60 Et
549 1802 228 60 Patris
708 1802 228 60 quidem
868 1802 296 60 uocabulum
1095 1802 273 60 multarum
1300 1802 205 60 simul
1437 1802 205 60 rerum
1574 1802 159 60 nos
1642 1802 114 60 ad-

61 1866 207 75 monet.
206 1866 269 75 Principio
413 1866 166 75 enim
517 1866 186 75 docet
641 1866 145 75 nos
724 1866 186 75 omnes
848 1866 207 75 preces
993 1866 248 75 nostras,
1179 1866 145 75 non
1262 1866 166 75 alij
1365 1866 290 75 offerendas
1593 1866 186 75 esse,

73 1922 169 70 quam
179 1922 127 70 ei
242 1922 148 70 qui
326 1922 190 70 pater
453 1922 169 70 sit,
559 1922 148 70 hoc
643 1922 148 70 est
728 1922 190 70 solum
855 1922 169 70 deum
960 1922 169 70 esse
1066 1922 317 70 inuocandum,
1319 1922 148 70 nec
1404 1922 190 70 alium
1531 1922 148 70 pro
1615 1922 169 70 hoc,

63 1976 149 65 aut
148 1976 192 65 alium
276 1976 149 65 cum
361 1976 171 65 hoc.
468 1976 171 65 Vnus
575 1976 149 65 est
660 1976 171 65 enim
767 1976 171 65 deus
873 1976 107 65 &
916 1976 192 65 pater
1044 1976 235 65 noster,
1215 1976 277 65 plenitudo
1428 1976 107 65 &
1449 1976 299 65 sufficientia

63 2025 243 69 bonorum
240 2025 243 69 omnium,
416 2025 132 69 in
482 2025 155 69 quo
571 2025 177 69 solo
681 2025 243 69 fideles
858 2025 353 69 acquiescunt,
1145 2025 110 69 &
1189 2025 199 69 extra
1321 2025 177 69 quem
1432 2025 199 69 nihil
1542 2025 199 69 uerorum

60 2081 220 68 bonorum
220 2081 260 68 quaerunt.
420 2081 120 68 Et
480 2081 180 68 certe
600 2081 140 68 non
680 2081 200 68 potest
820 2081 160 68 haec
921 2081 200 68 oratio
1061 2081 160 68 ulli
1161 2081 260 68 creaturae
1361 2081 240 68 offerri.
1541 2081 140 68 Cui
1621 2081 160 68 enim

63 2139 302 83 angelorum,
301 2139 151 83 aut
387 2139 302 83 sanctorum,
624 2139 151 83 uel
711 2139 237 83 diuorum
883 2139 237 83 dixeris
1056 2139 216 83 absque
1207 2139 324 83 sacrilegio,
1466 2139 194 83 Pater
1573 2139 173 83 noster

70 2205 151 73 qui
157 2205 130 73 es
222 2205 130 73 in
286 2205 237 73 coelis?
459 2205 151 73 &c.
545 2205 216 73 Deinde
696 2205 194 73 docet
826 2205 151 73 nos
912 2205 216 73 patris
1063 2205 281 73 uocabulum
1279 2205 151 73 per
1365 2205 173 73 quem
1473 2205 216 73 patrem
1624 2205 173 73 hunc

67 2252 319 58 inuocemus,
318 2252 160 58 non
409 2252 160 58 per
500 2252 342 58 interuentum
774 2252 114 58 &
819 2252 160 58 ora
911 2252 274 58 diuorum,
1116 2252 160 58 sed
1207 2252 160 58 per
1298 2252 205 58 Iesum
1435 2252 274 58 Christum
1640 2252 160 58 do¬

68 2316 190 70 minum
194 2316 232 70 nostrum
363 2316 105 70 :
405 2316 148 70 per
489 2316 169 70 quem
595 2316 190 70 solum
721 2316 190 70 facti
848 2316 190 70 sumus
974 2316 190 70 filij
1101 2316 169 70 dei,
1206 2316 148 70 qui
1290 2316 232 70 alioqui
1459 2316 253 70 nascimur
1649 2316 105 70 &
1670 2316 84 70 e-

66 2370 195 67 ramus
196 2370 216 67 natura
347 2370 195 67 filij
477 2370 195 67 irae.
607 2370 173 67 Quis
715 2370 238 67 obsecro
888 2370 238 67 auderet
1061 2370 238 67 prodire
1234 2370 130 67 in
1299 2370 303 67 conspectum
1537 2370 151 67 dei
1602 2370 151 67 summi

70 2420 99 66 &
110 2420 239 66 aeterni,
289 2420 99 66 &
329 2420 159 66 hunc
428 2420 258 66 appellare
627 2420 219 66 patrem,
786 2420 119 66 se
845 2420 219 66 filium,
1004 2420 159 66 nisi
1104 2420 119 66 in
1163 2420 219 66 dilecto
1323 2420 99 66 &
1362 2420 239 66 naturali
1541 2420 139 66 suo
1601 2420 139 66 filio

59 2480 140 78 nos
139 2480 281 78 adoptasset
360 2480 120 78 in
420 2480 201 78 filios
560 2480 221 78 gratiae
721 2480 201 78 pater?
861 2480 241 78 Dicentes
1042 2480 160 78 ergo
1142 2480 201 78 pater,
1283 2480 241 78 loquimur
1463 2480 120 78 ex
1523 2480 140 78 ore
1584 2480 140 78 filij

55 2538 147 63 qui
139 2538 147 63 ita
223 2538 147 63 nos
307 2538 189 63 orare
434 2538 231 63 docuit,
602 2538 105 63 &
644 2538 147 63 per
728 2538 168 63 quem
833 2538 210 63 euecti
981 2538 189 63 sumus
1107 2538 126 63 in
1170 2538 168 63 hanc
1275 2538 295 63 dignitatem
1507 2538 105 63 :
1549 2538 126 63 ut
1591 2538 147 63 nihil

62 2585 140 69 sit
142 2585 221 69 necesse
303 2585 261 69 adijncere
503 2585 180 69 nomen
623 2585 241 69 Christi,
804 2585 120 69 ac
864 2585 221 69 dicere:
1024 2585 200 69 Oramus
1165 2585 120 69 te
1225 2585 180 69 pater
1345 2585 261 69 coelestis
1546 2585 140 69 per
1606 2585 120 69 Chri

71 2643 165 73 stum
174 2643 103 73 :
215 2643 144 73 cum
298 2643 123 73 in
359 2643 185 73 prima
483 2643 165 73 uoce
586 2643 206 73 Pater,
730 2643 185 73 totum
853 2643 267 73 mysterium
1059 2643 185 73 filij
1182 2643 144 73 dei
1265 2643 391 73 redemptionisque
1573 2643 165 73 copre-

69 2697 261 88 hendamus.
270 2697 161 88 Quia
370 2697 161 88 enim
470 2697 181 88 pater
591 2697 161 88 est,
691 2697 141 88 nos
771 2697 181 88 filij
892 2697 201 88 sumus,
1032 2697 181 88 idque
1153 2697 141 88 per
1233 2697 221 88 meritum
1394 2697 241 88 Christi,
1574 2697 201 88 patrem

57 2763 180 74 ergo
169 2763 292 74 inuocamus
394 2763 112 74 &
439 2763 315 74 appellamus
686 2763 157 74 per
776 2763 292 74 Christum:
1000 2763 135 74 ut
1068 2763 157 74 iam
1158 2763 157 74 non
1248 2763 247 74 repetam
1427 2763 180 74 quod
1540 2763 157 74 sic
1607 2763 135 74 ora-

56 2819 159 72 mus
147 2819 137 72 ex
216 2819 159 72 ore
307 2819 273 72 Christi.
512 2819 296 72 Praeterea
739 2819 228 72 eximit
899 2819 205 72 nobis
1035 2819 250 72 blandum
1217 2819 228 72 patris
1377 2819 296 72 uocabulum
1582 2819 159 72 omnem

55 2872 209 70 cordis
201 2872 355 70 diffidentiam.
494 2872 209 70 Patrem
641 2872 167 70 enim
745 2872 293 70 appellamus
975 2872 146 70 non
1059 2872 146 70 tam
1142 2872 293 70 creationis
1373 2872 251 70 uniuersi
1561 2872 209 70 ratio¬

62 2930 149 90 ne,
147 2930 170 90 quam
253 2930 170 90 erga
360 2930 149 90 nos
445 2930 298 90 singularis
679 2930 319 90 paternaeque
935 2930 383 90 beneuolentiae.
1254 2930 170 90 Vnde
1361 2930 192 90 licet
1488 2930 234 90 dominus
1638 2930 106 90 sit
