2288 3632
484 298 212 80 deus,
626 298 118 80 &
673 298 235 80 magnus
838 298 235 80 quidem
1003 298 259 80 dominus
1191 298 118 80 &
1238 298 188 80 deus
1356 298 353 80 omnipotens,
1638 298 235 80 nullam
1803 298 212 80 tamen
1945 298 141 80 ei
2015 298 212 80 harum

496 355 365 85 appellationum
796 355 236 85 orantes
968 355 300 85 tribuimus,
1204 355 150 85 sed
1289 355 215 85 patrem
1440 355 257 85 uocamus,
1633 355 150 85 qui
1718 355 279 85 uidelicet
1933 355 172 85 bene
2019 355 150 85 nobis

501 410 207 90 uelit,
646 410 145 90 nos
729 410 186 90 amet,
853 410 124 90 in
915 410 227 90 tutelam
1080 410 103 90 &
1121 410 186 90 curam
1245 410 289 90 suscipiat,
1472 410 269 90 nostrique
1679 410 269 90 misertus,
1886 410 227 90 omnibus
2030 410 145 90 bonis

501 477 282 70 cumulare,
718 477 108 70 &
762 477 217 70 sponte
914 477 217 70 quidem
1065 477 239 70 bonaque
1239 477 152 70 sua
1326 477 174 70 erga
1434 477 152 70 nos
1521 477 282 70 uoluntate
1738 477 260 70 cumulare
1912 477 260 70 desideret.

501 523 152 78 Huc
588 523 283 78 pertinent
806 523 326 78 prophetarum
1066 523 326 78 testimonia,
1327 523 239 78 Dauidis
1501 523 217 78 maxime
1653 523 217 78 illud,
1805 523 304 78 Misericors
2045 523 109 78 &
2066 523 109 78 cle

495 579 169 78 mens
600 579 147 78 est
685 579 253 78 dominus,
874 579 232 78 patiens
1043 579 105 78 &
1085 579 211 78 multae
1232 579 358 78 miserationis.
1527 579 147 78 Non
1611 579 126 78 in
1674 579 253 78 aeternum
1864 579 295 78 irascitur,
2075 579 105 78 ne-

507 633 150 107 que
592 633 257 107 perpetuo
785 633 364 107 comminabitur.
1084 633 150 107 Non
1170 633 257 107 secundum
1363 633 235 107 peccata
1534 633 214 107 nostra
1684 633 257 107 rependit
1876 633 214 107 nobis,
2026 633 193 107 neque

502 688 251 83 secundum
690 688 314 83 iniquitates
941 688 230 83 nostras
1109 688 272 83 retribuit
1318 688 209 83 nobis.
1464 688 146 83 Nam
1548 688 209 83 quanto
1694 688 293 83 interuallo
1924 688 209 83 distat
2050 688 125 83 coe-

509 745 146 87 lum
593 745 105 87 a
635 745 209 87 terra,
781 745 209 87 tantum
927 745 272 87 praeualet
1136 745 335 87 misericordia
1408 745 167 87 eius
1513 745 188 87 super
1638 745 251 87 timentes
1827 745 167 87 eum.
1931 745 125 87 Et
1994 745 230 87 quantum

503 802 210 78 distat
650 802 189 78 ortus
776 802 126 78 ab
839 802 231 78 occasu,
1007 802 210 78 tantum
1154 802 231 78 remouit
1322 802 231 78 dominus
1489 802 105 78 a
1531 802 189 78 nobis
1657 802 231 78 scelera
1825 802 231 78 nostra.
1993 802 126 78 Et
2035 802 147 78 sicut

499 859 286 91 miseretur
719 859 198 91 pater
851 859 286 91 liberorum
1072 859 242 91 suorum,
1248 859 154 91 ita
1336 859 286 91 miseretur
1556 859 242 91 dominus
1732 859 286 91 timentium
1953 859 176 91 eum.
2041 859 132 91 Ipse

506 928 173 72 enim
615 928 195 72 nouit
744 928 325 72 conditionem
1004 928 260 72 nostram,
1199 928 281 72 recordans
1415 928 173 72 quod
1524 928 216 72 puluis
1675 928 216 72 sumus.
1827 928 195 72 Huius
1957 928 152 72 rei
2021 928 152 72 prae-

508 980 242 69 elegans
684 980 264 69 exemplum
882 980 220 69 uidere
1036 980 154 69 est
1124 980 132 69 in
1190 980 286 69 euangelio
1411 980 264 69 secundum
1609 980 220 69 Lucam,
1763 980 154 69 ubi
1851 980 198 69 miris
1961 980 220 69 affecti-

503 1041 156 67 bus
592 1041 312 67 depingitur
837 1041 268 67 benignus
1038 1041 201 67 pater
1172 1041 134 67 in
1239 1041 245 67 gratiam
1417 1041 290 67 recipiens
1641 1041 335 67 concoctorem
1908 1041 112 67 &
1953 1041 268 67 prodigum

507 1098 186 76 illum
611 1098 186 76 filium.

579 1132 154 85 His
667 1132 242 85 accedit
843 1132 220 85 dictio
996 1132 242 85 Noster.
1172 1132 132 85 Id
1238 1132 176 85 quod
1348 1132 220 85 duorum
1501 1132 264 85 admonet.
1699 1132 285 85 Principio
1918 1132 176 85 enim
2028 1132 198 85 parum

513 1199 150 72 est
598 1199 171 72 deum
705 1199 278 72 agnoscere
919 1199 171 72 deum
1026 1199 171 72 esse
1133 1199 128 72 ac
1197 1199 214 72 patrem
1347 1199 235 72 omnium,
1518 1199 150 72 aut
1603 1199 257 72 aliorum,
1796 1199 171 72 nisi
1903 1199 193 72 etiam
2010 1199 171 72 creda-

517 1251 142 84 mus
598 1251 142 84 eum
679 1251 162 84 esse
781 1251 203 84 patrem
923 1251 244 84 nostrum,
1105 1251 162 84 nisi
1207 1251 142 84 nos
1288 1251 183 84 totos
1410 1251 162 84 eius
1511 1251 183 84 fidei
1633 1251 101 84 &
1674 1251 223 84 tutelae
1836 1251 325 84 consecremus,
2080 1251 101 84 tan

519 1311 156 74 quam
616 1311 195 74 patris
752 1311 214 74 nostri,
908 1311 136 74 qui
986 1311 156 74 bene
1083 1311 175 74 nobis
1200 1311 195 74 uelit,
1336 1311 136 74 nos
1414 1311 175 74 amet,
1531 1311 136 74 nos
1609 1311 195 74 curet,
1745 1311 214 74 nullibi
1901 1311 136 74 nos
1959 1311 214 74 negligat.

509 1385 163 54 Nisi
611 1385 163 54 enim
713 1385 143 54 sic
794 1385 265 54 credamus,
998 1385 143 54 nec
1080 1385 163 54 fide
1182 1385 143 54 nec
1264 1385 286 54 dilectione
1488 1385 143 54 dei
1570 1385 347 54 commendabilis
1855 1385 143 54 est
1937 1385 204 54 nostra
2060 1385 122 54 ora-

517 1433 167 67 tio,
621 1433 229 67 ideoque
788 1433 187 67 parum
913 1433 187 67 grata
1038 1433 167 67 deo.
1142 1433 187 67 Atqui
1267 1433 167 67 deum
1371 1433 187 67 illum
1496 1433 167 67 opt.
1600 1433 167 67 max.
1704 1433 229 67 nostrum
1871 1433 167 67 esse
1975 1433 187 67 deum,
2079 1433 104 67 cum

514 1478 128 76 ex
578 1478 299 76 beneficijs
813 1478 235 76 multis,
984 1478 150 76 tum
1069 1478 214 76 maxime
1219 1478 128 76 ex
1283 1478 257 76 mysterio
1476 1478 342 76 redemptionis
1753 1478 150 76 per
1839 1478 257 76 Christum
2010 1478 171 76 intel-

510 1537 246 71 ligimus,
695 1537 123 71 De
757 1537 144 71 qua
839 1537 123 71 re
900 1537 185 71 alibi
1023 1537 246 71 diximus.
1208 1537 205 71 Deinde
1352 1537 144 71 cum
1434 1537 185 71 orare
1557 1537 205 71 iussit
1700 1537 185 71 Pater
1823 1537 226 71 noster,
1987 1537 103 71 &
2028 1537 144 71 non
2090 1537 82 71 Pa

523 1593 137 77 ter
602 1593 176 77 meus,
719 1593 234 77 protinus
894 1593 117 77 ab
953 1593 195 77 initio
1089 1593 234 77 requirit
1265 1593 98 77 a
1304 1593 176 77 nobis
1421 1593 293 77 charitatem.
1655 1593 156 77 Vult
1753 1593 156 77 enim
1850 1593 176 77 nobis
1967 1593 176 77 cures
2065 1593 117 77 esse

511 1657 160 67 non
603 1657 251 67 nostram
785 1657 297 67 duntaxat,
1014 1657 160 67 sed
1105 1657 228 67 omnium
1265 1657 251 67 hominum
1448 1657 274 67 salutem.
1654 1657 206 67 Sumus
1791 1657 183 67 enim
1905 1657 206 67 omnes
2019 1657 160 67 unius

517 1701 250 83 corporis
705 1701 230 83 membra:
872 1701 167 83 unde
976 1701 230 83 singula
1143 1701 146 83 non
1227 1701 146 83 pro
1310 1701 230 83 seipsis
1477 1701 230 83 seorsim
1644 1701 209 83 orant,
1790 1701 146 83 sed
1874 1701 230 83 singula
2041 1701 146 83 pro
2104 1701 83 83 om

514 1774 163 61 nium
616 1774 265 61 membrorum
820 1774 265 61 totiusque
1024 1774 245 61 corporis
1207 1774 347 61 incolumitate.
1493 1774 122 61 Ea
1554 1774 122 61 de
1616 1774 122 61 re
1677 1774 163 61 dixi
1779 1774 245 61 superius
1963 1774 143 61 cum
2024 1774 163 61 disse-

517 1821 201 84 rerem
651 1821 134 84 de
718 1821 179 84 modo
830 1821 224 84 orandi
986 1821 201 84 deum,

611 1867 286 78 Adiincitur
835 1867 163 78 mox.
938 1867 143 78 Qui
1019 1867 123 78 es
1081 1867 123 78 in
1142 1867 225 78 coelis:
1305 1867 143 78 non
1387 1867 163 78 quod
1489 1867 163 78 deus
1591 1867 204 78 coelis
1734 1867 307 78 concludatur
1980 1867 143 78 ceu
2041 1867 143 78 carce

526 1922 222 77 ribus.
681 1922 155 77 Eum
770 1922 244 77 errorem
948 1922 200 77 dudum
1081 1922 289 77 confutans
1303 1922 355 77 felicissimus
1592 1922 111 77 &
1636 1922 400 77 sapientissimus
1969 1922 200 77 regum
2080 1922 111 77 So-

514 1979 190 72 lomon
640 1979 211 72 dixit,
788 1979 126 72 Si
851 1979 190 72 coeli
977 1979 253 72 coelorum
1167 1979 126 72 te
1230 1979 147 72 non
1314 1979 253 72 capiunt,
1504 1979 211 72 quanto
1651 1979 190 72 minus
1778 1979 190 72 domus
1904 1979 190 72 haec.
2009 1979 169 72 Quibus

522 2036 314 75 coniungenda
774 2036 252 75 arbitror
962 2036 168 75 quae
1067 2036 273 75 Stephanus
1277 2036 189 75 eadem
1402 2036 126 75 de
1465 2036 126 75 re
1528 2036 126 75 ex
1591 2036 189 75 lsaia
1717 2036 231 75 adduxit
1885 2036 126 75 in
1947 2036 189 75 Actis
2052 2036 126 75 apo-

526 2094 264 81 stolorum.
728 2094 162 81 Ergo
830 2094 122 81 in
891 2094 203 81 coelis
1033 2094 162 81 esse
1134 2094 243 81 dicitur,
1316 2094 162 81 quod
1418 2094 203 81 diuina
1560 2094 162 81 eius
1661 2094 243 81 maiestas
1843 2094 122 81 ac
1904 2094 243 81 potentia
2066 2094 122 81 glo-

519 2150 194 73 riaque
654 2150 116 73 in
713 2150 194 73 coelis
849 2150 194 73 maxime
984 2150 233 73 relucet.
1159 2150 194 73 Coelis
1295 2150 155 73 enim
1392 2150 116 73 in
1450 2150 175 73 rerum
1567 2150 194 73 natura
1703 2150 175 73 nihil
1819 2150 136 73 est
1897 2150 272 73 augustius,
2091 2150 97 73 ni-

524 2217 139 64 hil
603 2217 277 64 pulchrius.
821 2217 258 64 Praeterea
1020 2217 119 64 in
1079 2217 198 64 coelis
1218 2217 119 64 se
1277 2217 178 64 nobis
1396 2217 218 64 exhibet
1555 2217 238 64 fruendum
1733 2217 198 64 pater.
1872 2217 198 64 Coelum
2011 2217 139 64 est
2070 2217 119 64 com-

521 2262 195 72 munis
651 2262 217 72 patria
803 2262 238 72 nostra,
976 2262 152 72 ubi
1063 2262 173 72 deum
1171 2262 108 72 &
1215 2262 217 72 patrem
1367 2262 238 72 nostrum
1540 2262 260 72 habitare
1735 2262 282 72 credimus,
1952 2262 108 72 &
1995 2262 152 72 ubi
2060 2262 130 72 deum

517 2314 115 74 &
563 2314 231 74 patrem
725 2314 254 74 nostrum
909 2314 300 74 adoramus:
1140 2314 208 74 licet
1279 2314 208 74 ipsum
1417 2314 277 74 credamus
1625 2314 231 74 ubique
1787 2314 115 74 &
1833 2314 254 74 omnibus
1994 2314 185 74 semper

532 2377 167 68 esse
636 2377 292 68 presentem.
866 2377 188 68 Sicut
991 2377 167 68 enim
1096 2377 209 68 coelum
1242 2377 188 68 omnia
1367 2377 188 68 ambit
1492 2377 104 68 &
1534 2377 271 68 contecit,
1743 2377 355 68 aequalibusque
2014 2377 167 68 ubique

526 2432 214 71 spacijs
681 2432 195 71 distat
818 2432 97 71 a
857 2432 195 71 terra:
993 2432 136 71 ita
1071 2432 273 71 praesentia
1286 2432 136 71 nos
1364 2432 214 71 numinis
1519 2432 214 71 nullibi
1675 2432 273 71 destituit.
1890 2432 195 71 Vbique
2007 2432 175 71 habemus

518 2489 131 68 in
584 2489 284 68 conspectu
802 2489 241 68 coelum:
977 2489 219 68 ubique
1130 2489 197 68 sumus
1262 2489 131 68 in
1327 2489 284 68 conspectu
1546 2489 175 68 dei.
1655 2489 262 68 Caeterum
1852 2489 284 68 admonemur
2049 2489 131 68 prae

519 2542 175 69 terea
635 2542 233 69 coelorum
810 2542 233 69 mentione
984 2542 194 69 nostri
1120 2542 213 69 officij
1275 2542 97 69 &
1314 2542 213 69 nostrae
1469 2542 252 69 miseriae.
1663 2542 194 69 Nostri
1799 2542 213 69 officij
1954 2542 155 69 est,
2032 2542 155 69 animis

531 2611 193 59 orando
666 2611 212 59 eleuari
820 2611 116 59 in
878 2611 212 59 coelos,
1033 2611 328 59 terrenorumque
1303 2611 270 59 obliuisci,
1515 2611 116 59 ac
1573 2611 174 59 magis
1689 2611 174 59 patre
1805 2611 97 59 &
1843 2611 193 59 patria
1979 2611 251 59 coelesti,

525 2666 162 73 quam
626 2666 202 73 exilio
768 2666 142 73 hoc
849 2666 101 73 &
889 2666 223 73 carcere
1051 2666 263 73 delectari
1253 2666 243 73 terreno.
1435 2666 243 73 Miseriae
1617 2666 162 73 est,
1719 2666 162 73 quod
1820 2666 223 73 propter
1982 2666 243 73 peccatum

533 2712 205 73 eiecti
676 2712 123 73 ex
737 2712 225 73 patria,
901 2712 123 73 in
962 2712 184 73 hisce
1085 2712 205 73 terris
1228 2712 266 73 reptantes
1433 2712 205 73 uarijs
1576 2712 225 73 obnoxij
1740 2712 184 73 sumus
1863 2712 368 73 calamitatibus,

519 2763 233 82 ideoque
688 2763 318 82 necessitate
942 2763 212 82 adacti
1090 2763 233 82 nunquam
1260 2763 233 82 clamare
1429 2763 127 82 ad
1492 2763 212 82 patrem
1641 2763 296 82 desinimus.
1874 2763 127 82 In
1937 2763 212 82 primis
2064 2763 127 82 uero

526 2819 279 77 dicentes.
740 2819 150 77 Qui
826 2819 129 77 es
890 2819 129 77 in
954 2819 236 77 coelis,
1126 2819 300 77 secernimus
1361 2819 214 77 patrem
1511 2819 171 77 quem
1618 2819 279 77 inuocamus
1833 2819 257 77 nostrum,
2026 2819 107 77 a
2047 2819 150 77 patre

529 2877 252 70 terreno,
718 2877 294 70 tribuentes
949 2877 168 70 illi
1054 2877 378 70 omnipotentiam.
1368 2877 189 70 Certe
1494 2877 147 70 qui
1578 2877 273 70 inuocatur
1788 2877 105 70 &
1830 2877 252 70 exaudire
2019 2877 210 70 debet,

527 2949 180 80 omnia
647 2949 200 80 sciat,
787 2949 200 80 uideat
928 2949 100 80 &
968 2949 220 80 audiat,
1128 2949 160 80 adde
1228 2949 100 80 &
1268 2949 180 80 uelit
1389 2949 120 80 ac
1449 2949 220 80 possit,
1609 2949 240 80 oportet.
1789 2949 220 80 Proinde
1950 2949 180 80 bonae
2050 2949 140 80 uolun
