2288 3632
73 296 151 110 non
160 296 259 110 agnoscit
354 296 216 110 morbum
505 296 173 110 bona
613 296 151 110 dei
699 296 281 110 uoluntate
915 296 173 110 sibi
1023 296 259 110 immissum
1217 296 194 110 esse,
1346 296 151 110 imo
1433 296 302 110 arbitratur
1649 296 129 110 deum

90 363 259 111 ignorare
284 363 237 111 morbum,
457 363 172 111 deum
565 363 151 111 non
651 363 216 111 curare
802 363 237 111 morbum,
974 363 172 111 hunc
1082 363 172 111 ergo
1190 363 129 111 in
1255 363 194 111 alias
1384 363 194 111 atque
1513 363 194 111 alias
1621 363 151 111 reij-

86 429 146 93 cit
170 429 251 93 caussas,
358 429 251 93 modosque
546 429 355 93 comminiscitur
839 429 105 93 &
880 429 230 93 quaerit
1048 429 230 93 medendi
1215 429 230 93 uarios,
1382 429 125 93 ac
1445 429 125 93 in
1507 429 146 93 his
1570 429 209 93 mirifice

86 485 273 85 exercetur
296 485 105 85 &
338 485 314 85 affligitur,
589 485 147 85 nec
673 485 189 85 tamen
799 485 147 85 sic
883 485 293 85 reluctando
1113 485 231 85 diuinae
1281 485 273 85 uoluntati
1490 485 252 85 quicquam
1658 485 105 85 in-

84 533 119 100 de
144 533 198 100 sentit
282 533 277 100 refrigerij
499 533 138 100 aut
578 533 336 100 consolationis
855 533 99 100 :
894 533 158 100 quid
993 533 158 100 ergo
1092 533 138 100 hic
1171 533 178 100 aliud
1290 533 198 100 facit,
1428 533 198 100 nolens
1566 533 158 100 quod
1645 533 119 100 uult

74 589 206 99 deus,
211 589 183 99 quam
326 589 183 99 quod
440 589 229 99 solent
601 589 206 99 malum
738 589 183 99 male
852 589 252 99 uitando
1036 589 389 99 conduplicare:
1356 589 252 99 Proinde
1516 589 252 99 fundamen-

74 651 144 97 tum
157 651 186 97 omnis
281 651 310 97 felicitatis
528 651 144 97 est
611 651 227 97 fidelis
776 651 310 97 obedientia,
1024 651 144 97 qua
1106 651 144 97 nos
1189 651 103 97 &
1230 651 206 97 nostra
1375 651 186 97 omnia
1499 651 186 97 plene
1602 651 165 97 subij-

71 703 188 89 cimus
196 703 188 89 bonae
322 703 146 89 dei
405 703 292 89 uoluntati:
635 703 230 89 ideoque
802 703 209 89 maxima
948 703 146 89 hac
1031 703 271 89 petitione
1240 703 188 89 nobis
1365 703 230 89 concedi
1532 703 104 89 a
1574 703 188 89 patre
1679 703 84 89 o-

80 761 226 85 ramus,
239 761 408 85 regenerationem
579 761 159 85 uel
669 761 362 85 innouationem
963 761 249 85 mentis,
1145 761 340 85 obedientiam
1416 761 226 85 ueram,
1552 761 204 85 patien-

75 826 182 95 tiam
189 826 409 95 perseuerantem,
530 826 296 95 mentemque
757 826 159 95 deo
848 826 136 95 in
917 826 250 95 omnibus
1099 826 114 95 &
1144 826 227 95 semper
1303 826 387 95 consentientem
1599 826 159 95 atque

63 867 314 74 subiectam.

176 924 220 97 Quarta
330 924 242 97 petitio
505 924 198 97 talis
637 924 176 97 est,
747 924 198 97 Panem
879 924 242 97 nostrum
1054 924 329 97 quotidianum
1318 924 132 97 da
1384 924 198 97 nobis
1516 924 220 97 hodie.
1669 924 154 97 Nam

80 976 202 111 diuina
221 976 242 111 uoluntas
402 976 141 111 non
483 976 202 111 potest
624 976 121 111 in
685 976 181 111 nobis
806 976 202 111 fieri,
947 976 161 111 nisi
1047 976 202 111 alamur
1189 976 101 111 &
1229 976 302 111 confortemur
1471 976 161 111 pane
1572 976 161 111 dei.
1652 976 101 111 Pa-

78 1036 159 112 nis
169 1036 317 112 significat
418 1036 272 112 Hebraeis
622 1036 181 112 omne
735 1036 249 112 ciborum
916 1036 204 112 genus
1052 1036 113 112 &
1097 1036 408 112 conseruationem
1437 1036 159 112 seu
1505 1036 249 112 sustenta-

69 1102 226 100 mentum
228 1102 249 100 humanae
409 1102 362 100 substantiae.
703 1102 181 100 Vnde
816 1102 136 100 in
884 1102 294 100 prophetis
1110 1102 226 100 dictum
1268 1102 271 100 legimus,
1472 1102 249 100 Frangam
1630 1102 113 100 ba-

81 1165 200 82 culum
214 1165 222 82 panis.
370 1165 245 82 Constat
548 1165 200 82 autem
681 1165 178 82 homo
793 1165 311 82 substantia
1037 1165 267 82 duplici,
1237 1165 200 82 anima
1371 1165 111 82 &
1415 1165 267 82 corpore.
1593 1165 156 82 Anima

74 1204 237 112 spiritus
252 1204 138 112 est
331 1204 99 112 :
370 1204 197 112 corpus
508 1204 118 112 ex
567 1204 178 112 terra
686 1204 99 112 &
725 1204 256 112 elementis
923 1204 178 112 alijs
1041 1204 256 112 confectum
1238 1204 158 112 est.
1337 1204 217 112 Duplici
1495 1204 158 112 ergo
1573 1204 178 112 conser-

77 1275 178 92 uatur
196 1275 178 92 pane,
315 1275 277 92 spirituali
533 1275 99 92 &
572 1275 277 92 corporali.
790 1275 297 92 Spiritualis
1028 1275 198 92 animae
1167 1275 198 92 cibus,
1305 1275 139 92 quo
1384 1275 119 92 in
1444 1275 158 92 uita
1523 1275 218 92 conserua-

69 1318 163 101 tur,
170 1318 142 101 est
252 1318 183 101 ipsum
373 1318 142 101 dei
455 1318 224 101 uerbum,
617 1318 122 101 ex
678 1318 142 101 ore
760 1318 203 101 diuino
902 1318 264 101 prolatum:
1105 1318 122 101 in
1166 1318 264 101 euangelio
1369 1318 122 101 ex
1430 1318 163 101 lege
1511 1318 224 101 repetente

73 1381 235 100 domino,
244 1381 107 100 &
286 1381 256 100 dicente,
479 1381 150 100 Non
564 1381 171 100 solo
671 1381 171 100 pane
778 1381 192 100 uiuit
906 1381 192 100 homo,
1034 1381 150 100 sed
1119 1381 171 100 omni
1226 1381 192 100 uerbo
1354 1381 171 100 quod
1461 1381 278 100 egreditur
1654 1381 85 100 ex

60 1426 151 99 ore
147 1426 172 99 dei.
254 1426 129 99 Et
319 1426 237 99 quoniam
491 1426 151 99 hoc
578 1426 194 99 unice
707 1426 259 99 proponit
901 1426 280 99 fidelibus
1116 1426 215 99 uerbum
1267 1426 151 99 dei
1353 1426 259 99 aeternum
1547 1426 108 99 &
1569 1426 172 99 incar-

60 1482 217 104 natum,
212 1482 195 104 ipsum
342 1482 217 104 inquam
494 1482 152 104 dei
581 1482 239 104 filium,
754 1482 195 104 recte
884 1482 173 104 hunc
993 1482 304 104 agnoscimus
1231 1482 195 104 cibum
1361 1482 173 104 esse
1470 1482 239 104 animae,
1622 1482 108 104 imo

65 1543 198 99 totius
204 1543 217 99 hominis
362 1543 237 99 fidelis.
540 1543 158 99 Ipse
638 1543 158 99 enim
737 1543 237 99 testatur
915 1543 119 99 se
974 1543 158 99 esse
1073 1543 178 99 panem
1192 1543 138 99 qui
1271 1543 99 99 e
1310 1543 178 99 coelo
1429 1543 316 99 descenderit,
1666 1543 79 99 ex

58 1607 155 95 quo
146 1607 332 95 manducantes
412 1607 155 95 non
501 1607 310 95 moriantur,
744 1607 155 95 sed
833 1607 243 95 habeant
1010 1607 199 95 uitam
1142 1607 288 95 aeternam.
1364 1607 310 95 Corporalis
1585 1607 155 95 panis

56 1655 228 98 constat
222 1655 290 98 elementis,
450 1655 104 98 &
492 1655 249 98 terrenus
678 1655 166 98 est,
782 1655 124 98 ac
844 1655 332 98 comprehendit
1114 1655 207 98 cibum,
1259 1655 207 98 potum,
1404 1655 270 98 uestitum,
1591 1655 145 98 sani-

51 1713 196 95 tatem
182 1713 261 95 corporis
378 1713 305 95 prosperam,
617 1713 348 95 defensionem,
900 1713 261 95 breuiter
1096 1713 370 95 incolumitatem
1401 1713 109 95 &
1444 1713 218 95 saluum
1575 1713 152 95 uitae

50 1769 253 106 humanae
234 1769 253 106 statum.
418 1769 138 106 Et
487 1769 184 106 hunc
603 1769 230 106 quidem
764 1769 207 106 panem
902 1769 322 106 appellamus
1155 1769 276 106 nostrum:
1363 1769 161 106 non
1455 1769 184 106 quod
1570 1769 161 106 non
1639 1769 115 106 sit

63 1830 197 94 munus
194 1830 109 94 &
238 1830 306 94 beneficium
478 1830 175 94 dei,
588 1830 153 94 sed
675 1830 175 94 quod
784 1830 197 94 nobis
915 1830 328 94 destinatus,
1178 1830 131 94 ad
1243 1830 393 94 conseruationem
1549 1830 175 94 nostri

50 1884 292 106 pertineat,
280 1884 251 106 nobisque
468 1884 313 106 necessarius
718 1884 167 106 sit.
823 1884 230 106 Interim
990 1884 188 106 tamen
1115 1884 104 106 &
1157 1884 313 106 quotidianum
1408 1884 167 106 siue
1512 1884 188 106 &goop
1617 1884 104 106 ap-

60 1950 267 92 pellantes
266 1950 206 92 omnium
410 1950 411 92 praestantissimum
760 1950 350 92 significamus,
1047 1950 144 92 qui
1130 1950 185 92 solus
1253 1950 206 92 possit
1397 1950 308 92 substantiam
1623 1950 103 92 no-

52 2000 218 100 stram,
205 2000 240 100 quantum
380 2000 218 100 satis,
532 2000 109 100 &
576 2000 175 100 quam
685 2000 153 100 diu
773 2000 262 100 oportet,
969 2000 109 100 &
1013 2000 131 100 eo
1078 2000 240 100 prorsus
1253 2000 175 100 modo
1362 2000 109 100 &
1406 2000 131 100 ea
1471 2000 240 100 ratione
1624 2000 109 100 qua

45 2048 232 105 necesse
214 2048 169 105 est,
319 2048 295 105 sustentare
551 2048 148 105 uel
635 2048 316 105 conseruare.
888 2048 232 105 Diximus
1057 2048 169 105 enim
1163 2048 274 105 superius,
1373 2048 232 105 nostrum
1542 2048 148 105 non
1605 2048 127 105 esse

56 2106 147 95 deo
140 2106 189 95 modum
266 2106 211 95 agendi
414 2106 147 95 uel
498 2106 189 95 dandi
624 2106 358 95 praescribere.
919 2106 147 95 Huc
1003 2106 274 95 pertinent
1214 2106 105 95 &
1256 2106 168 95 illa
1361 2106 337 95 consequentia
1614 2106 105 95 uer

47 2158 133 105 ba,
123 2158 114 105 Da
180 2158 171 105 nobis
295 2158 190 105 hodie:
428 2158 190 105 Solius
561 2158 152 105 enim
656 2158 133 105 dei
733 2158 133 105 est
809 2158 171 105 dare:
923 2158 133 105 nec
999 2158 229 105 congruit
1171 2158 152 105 ulli
1266 2158 248 105 creaturae
1456 2158 152 105 baec
1552 2158 229 105 petitio.

48 2216 185 102 Dauid
172 2216 206 102 canit.
316 2216 185 102 Omnia
440 2216 103 102 a
481 2216 124 102 te
543 2216 288 102 expectant,
769 2216 124 102 ut
831 2216 144 102 des
914 2216 185 102 illis
1037 2216 185 102 escam
1161 2216 124 102 in
1223 2216 247 102 tempore.
1408 2216 185 102 Dante
1532 2216 124 102 te
1573 2216 144 102 illis

56 2285 298 77 colligent,
290 2285 277 77 aperiente
502 2285 128 77 te
566 2285 191 77 manum
694 2285 170 77 tuam
800 2285 191 77 omnia
928 2285 319 77 implebuntur
1183 2285 277 77 bonitate.
1396 2285 191 77 Item,
1524 2285 191 77 Oculi
1630 2285 85 77 o-

39 2332 194 103 mnium
169 2332 129 103 in
234 2332 129 103 te
298 2332 237 103 sperant
471 2332 237 103 domine,
643 2332 108 103 &
687 2332 129 103 tu
751 2332 151 103 das
838 2332 194 103 illis
967 2332 194 103 escam
1096 2332 129 103 in
1161 2332 237 103 tempore
1334 2332 302 103 opportuno.
1549 2332 173 103 Aperis

49 2393 137 86 tu
118 2393 205 86 manum
254 2393 205 86 tuam,
391 2393 114 86 &
437 2393 228 86 imples
596 2393 182 86 omne
710 2393 228 86 animal
870 2393 388 86 benedictione.
1189 2393 160 86 lam
1280 2393 205 86 Nobis
1417 2393 160 86 da,
1508 2393 160 86 non
1599 2393 182 86 Mihi

45 2441 148 95 da,
130 2441 233 95 oramus,
299 2441 127 95 id
363 2441 170 95 quod
469 2441 212 95 iterum
617 2441 233 95 admonet
787 2441 106 95 &
829 2441 297 95 charitatis
1063 2441 106 95 &
1105 2441 360 95 coniunctionis
1402 2441 297 95 fraternae.
1614 2441 106 95 Non

40 2509 181 81 enim
153 2509 226 81 nostra
312 2509 271 81 duntaxat
515 2509 294 81 quaerere,
741 2509 158 81 sed
832 2509 113 81 &
877 2509 226 81 omnium
1036 2509 249 81 aliorum
1216 2509 249 81 hominum
1375 2509 339 81 incolumitatem

44 2555 119 101 &
92 2555 428 101 conseruationem
449 2555 238 101 petere
615 2555 285 101 debemus.
829 2555 309 101 Vocabulum
1067 2555 214 101 Hodie
1210 2555 214 101 modum
1352 2555 214 101 nobis
1471 2555 238 101 statuit.

35 2607 148 106 Hoc
120 2607 170 106 enim
226 2607 254 106 dicimus,
416 2607 233 106 Suffice
586 2607 127 106 tu
650 2607 191 106 nobis
777 2607 254 106 quotidie
968 2607 106 106 &
1010 2607 254 106 momentis
1201 2607 276 106 singulis,
1413 2607 233 106 quantum
1562 2607 148 106 satis

41 2674 236 90 nobisue
212 2674 322 90 necessarium
469 2674 172 90 est:
577 2674 129 90 id
641 2674 172 90 quod
748 2674 129 90 tu
812 2674 193 90 solus
941 2674 214 90 optime
1091 2674 257 90 nouisti.
1284 2674 279 90 Admonemur
1499 2674 172 90 enim
1584 2674 129 90 obi-

40 2728 155 102 ter
129 2728 133 102 ne
195 2728 266 102 immodica
395 2728 266 102 fluxarum
595 2728 200 102 rerum
728 2728 311 102 cupiditate
972 2728 289 102 ardeamus,
1194 2728 111 102 &
1239 2728 333 102 consequutas
1483 2728 222 102 prodiga-

42 2782 147 88 mus
126 2782 189 88 luxu,
252 2782 273 88 perdentes
462 2782 105 88 &
504 2782 168 88 opes
609 2782 105 88 &
651 2782 231 88 nostras
819 2782 231 88 animas.
988 2782 168 88 Ideo
1093 2782 168 88 uero
1198 2782 231 88 Sapiens
1366 2782 168 88 ille
1471 2782 231 88 legitur
1618 2782 105 88 di-

41 2846 208 87 xisse,
187 2846 145 87 Duo
270 2846 104 87 a
311 2846 125 87 te
374 2846 291 87 postulaui,
602 2846 125 87 ne
664 2846 228 87 deneges
831 2846 249 87 antequam
1018 2846 228 87 moriar.
1184 2846 208 87 Procul
1329 2846 104 87 a
1371 2846 125 87 me
1433 2846 208 87 remoue
1558 2846 145 87 uani-

34 2900 195 96 tatem
164 2900 108 96 &
208 2900 304 96 mendacium.
447 2900 239 96 Inopiam
620 2900 108 96 &
664 2900 260 96 diuitias
859 2900 130 96 ne
924 2900 239 96 dederis
1097 2900 195 96 mihi:
1228 2900 152 96 sed
1314 2900 152 96 fac
1401 2900 130 96 ut
1466 2900 217 96 habeam
1597 2900 108 96 pa-

28 2948 146 111 nem
111 2948 229 111 dimensi
278 2948 166 111 mei,
382 2948 125 111 ne
444 2948 250 111 satiatus
631 2948 125 111 te
694 2948 187 111 negem
819 2948 229 111 dicens,
985 2948 166 111 Quis
1089 2948 146 111 est
1172 2948 187 111 deus:
1297 2948 146 111 aut
1380 2948 146 111 per
1463 2948 229 111 inopiam
1609 2948 104 111 fu
