2288 3632
77 309 271 88 ponimus.
281 309 158 88 Sed
371 309 226 88 aequum
530 309 158 88 est
620 309 136 88 ut
688 309 226 88 minora
846 309 317 88 remittamus
1095 309 317 88 fratribus,
1343 309 158 88 qui
1434 309 294 88 maximorum
1637 309 136 88 pec-

83 378 235 84 catorum
254 378 214 84 ueniam
403 378 278 84 accepimus
617 378 107 84 a
659 378 342 84 benignissimo
937 378 214 84 patre:
1087 378 171 84 nisi
1193 378 192 84 forte
1321 378 214 84 illius
1471 378 256 84 fortunam
1642 378 128 84 expe

71 430 172 88 riri
178 430 214 88 libeat
328 430 150 88 qui
414 430 129 88 in
478 430 257 88 parabola
671 430 300 88 euangelica
907 430 107 88 &
950 430 172 88 ipse
1057 430 214 88 magnam
1207 430 214 88 domini
1357 430 343 88 benignitatem
1636 430 107 88 &
1658 430 107 88 li-

66 481 322 92 beralitatem
323 481 129 92 in
387 481 236 92 donando
559 481 279 92 expertus,
773 481 236 92 interim
945 481 193 92 atrox
1074 481 107 92 &
1117 481 257 92 crudelis
1310 481 172 92 erat
1417 481 172 92 erga
1524 481 236 92 fratrem
1674 481 86 92 in

72 538 266 99 exigendo
271 538 222 99 debito
427 538 222 99 modico
582 538 111 99 &
626 538 288 99 leuiculo.
848 538 288 99 Notissima
1070 538 155 99 est
1159 538 266 99 parabola
1359 538 177 99 apud
1470 538 288 99 Matthaeum
1669 538 89 99 in

73 586 227 78 capite
210 586 341 78 decimooctauo.

151 612 181 122 Sexta
271 612 100 122 &
312 612 201 122 ultima
452 612 221 122 petitio
613 612 161 122 est,
713 612 120 122 Et
773 612 120 122 ne
833 612 221 122 indueas
994 612 141 122 nos
1074 612 120 122 in
1135 612 301 122 tentationem
1376 612 100 122 :
1416 612 141 122 sed
1496 612 201 122 libera
1636 612 141 122 nos
1717 612 100 122 a

70 700 207 90 malo.
208 700 253 90 Nunquam
393 700 184 90 enim
508 700 161 90 ita
600 700 300 90 remititur
830 700 300 90 peccatum,
1061 700 138 90 ut
1130 700 161 90 non
1222 700 276 90 remaneat
1429 700 138 90 in
1499 700 207 90 carne
1614 700 161 90 concu

70 766 305 88 piscentia,
310 766 174 88 quam
419 766 261 88 excitant
615 766 109 88 &
658 766 131 88 in
724 766 196 88 uaria
854 766 305 88 peccatorum
1094 766 218 88 genera
1246 766 283 88 producunt
1442 766 305 88 tentationes.

82 812 136 106 Eae
159 812 155 106 sunt
256 812 213 106 uariae.
411 812 252 106 Principio
605 812 155 106 enim
702 812 194 106 tentat
837 812 136 106 nos
915 812 174 106 deus,
1031 812 136 106 cem
1109 812 213 106 aliquid
1264 812 233 106 obiicit,
1438 812 136 106 quo
1515 812 136 106 nos
1574 812 174 106 probat:

75 868 130 101 ut
140 868 151 101 cum
227 868 194 101 iubet
356 868 281 101 Abrahamum
572 868 259 101 immolare
767 868 238 101 filium:
939 868 151 101 uel
1026 868 151 101 cum
1112 868 238 101 aduersa
1285 868 281 101 immittit,
1501 868 130 101 ut
1566 868 108 101 &
1609 868 194 101 fidem

74 926 233 97 nostram
244 926 255 97 exerceat
434 926 106 97 &
477 926 170 97 igne
583 926 318 97 tentationis
838 926 233 97 scoriam
1007 926 255 97 excoquat
1198 926 276 97 scelerum.
1411 926 149 97 Hae
1474 926 276 97 tentationes

74 986 233 76 diuinae
243 986 233 76 tendunt
412 986 127 76 ad
476 986 233 76 salutem
645 986 275 76 fidelium.
856 986 233 76 Proinde
1025 986 317 76 simpliciter
1279 986 148 76 non
1363 986 233 76 oramus,
1533 986 127 76 ne
1575 986 169 76 tente-

70 1042 156 92 mur.
168 1042 234 92 Tentatio
344 1042 156 92 enim
442 1042 195 92 diuina
578 1042 195 92 utilis
715 1042 156 92 est.
813 1042 195 92 Beatus
950 1042 156 92 enim
1047 1042 293 92 praedicatur
1282 1042 137 92 uir
1360 1042 156 92 ille
1457 1042 137 92 qui
1536 1042 215 92 suffert
1672 1042 98 92 ten

71 1094 270 104 tationem.
279 1094 146 104 Cum
362 1094 166 104 enim
466 1094 250 104 probatus
654 1094 229 104 fuerit,
820 1094 250 104 accipiet
1007 1094 229 104 coronam
1174 1094 208 104 uitae.
1319 1094 229 104 Petimus
1486 1094 187 104 autem
1610 1094 125 104 ne
1652 1094 104 104 in-

75 1154 243 82 ducamur
252 1154 133 82 in
318 1154 354 82 tentationem.
606 1154 221 82 Tentat
761 1154 177 82 enim
872 1154 111 82 &
916 1154 288 82 diabolus,
1137 1154 266 82 tentamur
1336 1154 111 82 a
1381 1154 221 82 mundo,
1536 1154 111 82 &
1580 1154 111 82 a
1602 1154 155 82 carne

76 1208 214 98 nostra.
231 1208 156 98 Sunt
329 1208 292 98 tentationes
563 1208 97 98 a
602 1208 214 98 dextris
757 1208 97 98 &
796 1208 273 98 sinistris,
1011 1208 136 98 huc
1089 1208 273 98 tendentes,
1303 1208 117 98 ut
1361 1208 312 98 subuertamur,
1615 1208 117 98 ut
1654 1208 97 98 de-

66 1273 265 84 mergamur
265 1273 133 84 in
331 1273 309 84 peccatorum
574 1273 309 84 barathrum,
817 1273 133 84 ac
883 1273 287 84 pereamus:
1104 1273 133 84 id
1171 1273 155 84 cum
1259 1273 177 84 fit,
1369 1273 155 84 non
1458 1273 265 84 tentamur
1635 1273 110 84 tan

63 1327 172 82 tum,
171 1327 151 82 sed
257 1327 108 82 &
300 1327 129 82 in
365 1327 323 82 tentationem
624 1327 280 82 inducimur
839 1327 108 82 &
882 1327 259 82 capimur.
1076 1327 172 82 Tale
1184 1327 172 82 ergo
1292 1327 151 82 est
1378 1327 172 82 quod
1485 1327 259 82 petimus,
1658 1327 86 82 Si

68 1379 157 93 tuis
167 1379 276 93 salubribus
383 1379 335 93 tentationibus
659 1379 98 93 o
698 1379 177 93 pater
816 1379 256 93 coelestis
1013 1379 236 93 exercere
1190 1379 138 93 nos
1269 1379 256 93 uolueris,
1466 1379 216 93 praesta
1603 1379 138 93 quae-

56 1432 194 94 sumus
186 1432 129 94 ut
251 1432 237 94 probati
423 1432 324 94 reperiamur:
682 1432 129 94 ne
747 1432 194 94 autem
876 1432 237 94 patiare
1049 1432 216 94 abduci
1200 1432 151 94 nos
1286 1432 151 94 per
1372 1432 302 94 sathanicam
1610 1432 108 94 &
1631 1432 108 94 pra

67 1486 142 89 uam
148 1486 325 89 tentationem,
412 1486 122 89 ut
473 1486 122 89 te
534 1486 244 89 relicto,
717 1486 244 89 hostique
899 1486 203 89 nostro
1042 1486 264 89 mancipati
1245 1486 102 89 &
1285 1486 244 89 scelerum
1468 1486 244 89 uoragini
1630 1486 102 89 im-

70 1549 206 95 mersi,
214 1549 288 95 retineamur
440 1549 103 95 &
481 1549 247 95 capiamur
666 1549 123 95 ab
728 1549 164 95 illo
831 1549 123 95 in
892 1549 164 95 malo
995 1549 103 95 &
1036 1549 288 95 perditione
1262 1549 226 95 nostra.
1427 1549 123 95 Ia
1488 1549 164 95 enim
1571 1549 164 95 subij-

69 1605 203 91 cimus
205 1605 248 91 membrum
385 1605 315 91 oppositum,
633 1605 180 91 quod
745 1605 113 91 &
791 1605 315 91 praecedens
1038 1605 270 91 exponit,
1241 1605 135 91 id
1309 1605 180 91 quod
1422 1605 180 91 alij
1512 1605 225 91 septimam

59 1663 162 89 esse
160 1663 202 89 dicunt
302 1663 303 89 petitionem,
544 1663 142 89 Sed
625 1663 202 89 libera
767 1663 142 89 nos
848 1663 101 89 a
888 1663 182 89 malo:
1010 1663 121 89 &e
1070 1663 121 89 am
1131 1663 202 89 anups,
1273 1663 121 89 ab
1333 1663 162 89 illo
1434 1663 202 89 inquam
1576 1663 182 89 malo,
1677 1663 81 89 ni

63 1721 193 84 mirum
191 1721 107 84 a
234 1721 257 84 sathana,
427 1721 150 84 qui
513 1721 193 84 alibi
641 1721 257 84 tentator
834 1721 364 84 cognominatur.
1134 1721 214 84 Libera
1284 1721 150 84 nos
1370 1721 107 84 a
1413 1721 236 84 sathana
1585 1721 107 84 &
1627 1721 129 84 ab
1670 1721 86 84 om

54 1769 169 96 nibus
167 1769 169 96 malis
280 1769 151 96 quae
374 1769 151 96 ille
468 1769 245 96 immittit:
656 1769 188 96 libera
788 1769 113 96 ab
845 1769 245 96 insidijs,
1033 1769 226 96 artibus,
1202 1769 339 96 deceptionibus,
1484 1769 94 96 a
1522 1769 188 96 bello,
1635 1769 94 96 fa-

61 1825 135 94 me,
138 1825 308 94 captiuitate,
388 1825 193 94 peste,
523 1825 116 94 ab
581 1825 193 94 omnib.
716 1825 135 94 ijs
793 1825 154 94 quae
890 1825 174 94 mala,
1005 1825 270 94 calamitosa
1217 1825 96 94 &
1256 1825 174 94 noxia
1372 1825 174 94 sunt.
1487 1825 116 94 Ea
1545 1825 154 94 quae
1622 1825 116 94 sint

69 1885 195 78 optime
206 1885 176 78 nouit
324 1885 176 78 pater
441 1885 274 78 coelestis,
656 1885 117 78 ad
715 1885 156 78 quem
812 1885 137 78 hic
890 1885 254 78 dicentes.
1086 1885 117 78 Da
1145 1885 176 78 nobis
1262 1885 254 78 salutaria
1457 1885 98 78 &
1496 1885 176 78 bona:
1594 1885 137 78 aufer

48 1928 100 100 a
88 1928 179 100 nobis
207 1928 159 100 quae
307 1928 119 100 tu
367 1928 179 100 nosti
486 1928 159 100 esse
586 1928 279 100 pernitiosa
804 1928 100 100 &
844 1928 179 100 mala,
964 1928 239 100 collecta
1143 1928 259 100 breuitate
1342 1928 259 100 orationem
1541 1928 239 100 diuinis

52 1993 201 95 simam
185 1993 357 95 concludimus,
475 1993 357 95 adiincientes
765 1993 245 95 insuper
943 1993 201 95 Amen.
1077 1993 267 95 Vulgaris
1277 1993 178 95 illa
1389 1993 245 95 quondam
1545 1993 178 95 confir

50 2055 178 88 matio
169 2055 99 88 &
208 2055 277 88 acclamatio
426 2055 198 88 fuisse
564 2055 237 88 legitur,
742 2055 119 88 ut
801 2055 198 88 uidere
940 2055 138 88 est
1019 2055 178 88 Deut.
1137 2055 138 88 27.
1216 2055 198 88 Nehem.
1355 2055 119 88 8.
1414 2055 119 88 5.
1473 2055 158 88 Cor.
1572 2055 138 88 14.
1631 2055 99 88 Ex-

54 2115 216 81 primit
205 2115 129 81 ea
270 2115 280 81 principio
486 2115 237 81 nostrum
658 2115 323 81 desiderium.
917 2115 302 81 Profitemur
1154 2115 172 81 enim
1262 2115 172 81 illa
1370 2115 172 81 quae
1477 2115 259 81 orauimus
1650 2115 86 81 ex

57 2171 183 77 animo
179 2171 143 77 nos
260 2171 305 77 desiderare.
505 2171 204 77 Deinde
647 2171 183 77 fidei
769 2171 224 77 nostrae
932 2171 326 77 certitudinem
1197 2171 265 77 exprimit.
1400 2171 183 77 Quasi
1522 2171 244 77 dicamus,

49 2209 168 87 Haec
154 2209 189 87 autem
279 2209 189 87 certo
405 2209 168 87 mihi
510 2209 293 87 concedenda
740 2209 105 87 a
782 2209 147 87 deo
866 2209 209 87 credo.
1013 2209 230 87 Perinde
1180 2209 168 87 enim
1285 2209 147 87 est
1369 2209 189 87 Amen,
1495 2209 126 87 ac
1557 2209 126 87 si
1599 2209 126 87 quis

51 2273 211 78 dicat,
198 2273 189 78 Fiat.
325 2273 126 78 Et
388 2273 232 78 dominus
556 2273 126 78 in
619 2273 274 78 euangelio
830 2273 189 78 saepe
956 2273 232 78 clamat,
1125 2273 168 78 Amen
1230 2273 168 78 amen
1335 2273 168 78 dico
1440 2273 211 78 uobis,
1588 2273 126 78 id
1630 2273 105 78 est

57 2331 146 89 pro
140 2331 187 89 certo
265 2331 208 89 certam
411 2331 271 89 ueritatem
619 2331 167 89 dico
724 2331 208 89 uobis.
869 2331 146 89 Vel
953 2331 312 89 indubitatam
1202 2331 187 89 uobis
1327 2331 271 89 ueritatem
1515 2331 208 89 profero.

53 2387 145 93 Sic
136 2387 186 93 autem
260 2387 228 93 fideles
426 2387 166 93 post
529 2387 228 93 oblatas
695 2387 145 93 deo
777 2387 228 93 preces,
943 2387 228 93 pacatis
1108 2387 166 93 sunt
1212 2387 269 93 mentibus,
1419 2387 228 93 alacres
1584 2387 145 93 iam
1646 2387 83 93 mu

47 2435 181 66 nera
161 2435 227 66 domini
297 2435 317 66 expectantes.

127 2491 187 90 Porro
252 2491 249 90 inserunt
438 2491 207 90 quidam
583 2491 166 90 ante
687 2491 269 90 dictionem
894 2491 187 90 Amen,
1019 2491 145 90 mox
1101 2491 166 90 post
1205 2491 166 90 illa
1309 2491 187 90 uerba
1433 2491 269 90 recitata,
1640 2491 145 90 Sed

46 2541 202 107 libera
187 2541 141 107 nos
268 2541 101 107 a
308 2541 182 107 malo,
429 2541 162 107 Quia
530 2541 162 107 tuum
631 2541 141 107 est
712 2541 202 107 regnum
854 2541 101 107 &
894 2541 242 107 potestas
1076 2541 101 107 &
1116 2541 202 107 gloria
1257 2541 121 107 in
1318 2541 242 107 saecula,
1500 2541 182 107 Amen.
1621 2541 162 107 Cae

37 2616 207 76 terum
175 2616 254 76 Erasmus
360 2616 277 76 Roterod,
567 2616 138 76 in
636 2616 184 76 suis
752 2616 138 76 ad
821 2616 207 76 Nouum
959 2616 346 76 testamentum
1236 2616 415 76 Annotationibus
1559 2616 184 76 testa-

40 2672 147 84 tur
124 2672 168 84 illa
229 2672 189 84 uerba
355 2672 147 84 non
439 2672 252 84 reperiri
628 2672 126 84 in
691 2672 168 84 ullo
796 2672 231 84 antiquo
964 2672 273 84 exemplari
1174 2672 231 84 Latino:
1342 2672 126 84 in
1405 2672 231 84 Graecis
1573 2672 210 84 quidem

40 2722 255 95 inueniri
231 2722 234 95 adiecta
401 2722 255 95 omnibus,
592 2722 149 95 sed
677 2722 106 95 a
720 2722 212 95 nemine
868 2722 255 95 exposita
1059 2722 340 95 interpretum,
1336 2722 170 95 nisi
1442 2722 127 95 ab
1506 2722 149 95 uno
1569 2722 149 95 Chry-

41 2769 236 104 sostomo
212 2769 107 104 &
255 2769 172 104 eius
363 2769 279 104 imitatore
577 2769 365 104 Theophylacto.
878 2769 172 104 Sibi
985 2769 172 104 ergo
1092 2769 215 104 addita
1243 2769 215 104 uideri
1393 2769 258 104 orationi
1565 2769 150 104 domi-

35 2834 206 90 nicae,
180 2834 206 90 sicuti
324 2834 227 90 Psalmis
488 2834 206 90 quidam
633 2834 329 90 adpenderunt,
900 2834 206 90 Gloria
1044 2834 185 90 patri
1168 2834 103 90 &
1209 2834 206 90 filio,
1353 2834 144 90 &c.
1436 2834 165 90 Idem
1539 2834 144 90 mox
1600 2834 124 90 sub-

47 2888 227 92 iungit,
213 2888 227 92 Proinde
378 2888 145 92 non
461 2888 145 92 est
543 2888 165 92 quod
647 2888 289 92 Laurentius
874 2888 186 92 Valla
998 2888 310 92 stomachetur
1246 2888 186 92 bonam
1370 2888 310 92 precationis
1618 2888 145 92 do

35 2950 226 103 minicae
199 2950 205 103 partem
342 2950 205 103 fuisse
485 2950 308 103 decurtatam.
732 2950 185 103 Magis
855 2950 226 103 taxanda
1019 2950 205 103 fuerat
1162 2950 226 103 illorum
1326 2950 287 103 temeritas,
1552 2950 144 103 qui
1634 2950 144 103 non
