2288 3632
44 268 290 85 offerimus
267 268 245 85 hostiam
445 268 223 85 laudis
601 268 223 85 semper
757 268 178 85 deo,
869 268 156 85 hoc
958 268 156 85 est
1047 268 245 85 fructum
1225 268 268 85 labiorum
1404 268 312 85 confitentium

49 325 231 70 nomini
187 325 162 70 eius.

128 347 125 109 Vt
191 347 187 109 autem
315 347 145 109 pro
398 347 228 109 omnibus
564 347 145 109 dei
647 347 291 109 beneficijs
875 347 187 109 grati
1000 347 187 109 esse,
1124 347 104 109 &
1166 347 270 109 continuas
1373 347 394 109 gratiarumactio¬

37 438 150 67 nes
122 438 150 67 deo
208 438 235 67 offerre
379 438 278 67 possimus,
593 438 235 67 necesse
764 438 150 67 est
849 438 128 67 ut
913 438 192 67 prius
1042 438 299 67 agnoscamus
1277 438 107 67 &
1320 438 192 67 probe
1448 438 257 67 nobiscum
1619 438 107 67 ex-

34 508 277 61 pendamus
241 508 161 61 dei
334 508 323 61 beneficia.
587 508 161 61 His
679 508 184 61 enim
794 508 230 61 nondum
956 508 277 61 cognitis
1163 508 161 61 aut
1255 508 207 61 recte
1393 508 277 61 expensis
1578 508 138 61 mens

50 552 201 77 nostra
190 552 140 77 non
271 552 281 77 inardescit
491 552 120 77 ad
551 552 221 77 agendas
712 552 221 77 gratias
872 552 140 77 pro
953 552 301 77 beneficijs.
1193 552 160 77 Haec
1294 552 181 77 plane
1414 552 201 77 uaria,
1555 552 140 77 imo
1635 552 120 77 im

46 608 182 72 mensa
167 608 182 72 sunt.
288 608 161 72 Sunt
389 608 161 72 enim
490 608 222 72 priuata
651 608 101 72 &
691 608 242 72 publica,
873 608 262 72 generalia
1075 608 101 72 &
1115 608 282 72 specialia,
1337 608 303 72 spiritualia
1579 608 101 72 &
1599 608 121 72 cor-

47 672 238 68 poralia,
225 672 277 68 temporalia
443 672 99 68 &
483 672 238 68 aeterna,
661 672 337 68 ecclesiastica
938 672 99 68 &
978 672 257 68 politica,
1176 672 277 68 singularia
1393 672 99 68 &
1433 672 218 68 eximia.
1591 672 158 68 Quis

44 729 173 63 uero
153 729 195 63 omnes
282 729 238 63 species
456 729 108 63 &
499 729 216 63 partes
650 729 325 63 commemoret?
910 729 238 63 Creauit
1083 729 195 63 deus,
1213 729 260 63 ornauit,
1408 729 325 63 illustrauit
1646 729 65 63 &

34 776 317 60 foecundum
277 776 292 60 reddidit
496 776 195 60 hunc
618 776 244 60 mundum
789 776 268 60 propter
983 776 292 60 hominem.
1203 776 146 60 Ad
1276 776 219 60 huius
1397 776 317 60 ministerium

39 833 233 75 ablegat
208 833 275 75 angelicos
419 833 275 75 spiritus,
631 833 169 75 quos
737 833 169 75 sibi
842 833 275 75 creauerat
1054 833 296 75 ministros.
1286 833 148 75 Dat
1371 833 190 75 nobis
1498 833 233 75 corpora
1646 833 63 75 &

35 906 226 60 animas:
200 906 164 60 quae
303 906 267 60 infinitis
508 906 247 60 instruit
693 906 103 60 &
734 906 226 60 cumulat
898 906 185 60 donis
1022 906 123 60 ac
1083 906 329 60 facultatibus
1350 906 103 60 :
1391 906 103 60 &
1432 906 164 60 quod
1535 906 226 60 reliqua

35 943 286 72 beneficia
255 943 264 72 excellit
453 943 220 72 omnia,
606 943 242 72 hominem
782 943 242 72 peccato
958 943 308 72 implicitum
1200 943 286 72 explicat,
1419 943 242 72 diabolo
1573 943 132 72 man-

43 1015 223 60 cipatum
205 1015 243 60 liberat.
387 1015 223 60 Asserit
549 1015 162 60 enim
651 1015 142 60 nos
732 1015 203 60 filius
873 1015 142 60 dei
954 1015 122 60 in
1015 1015 284 60 libertatem
1238 1015 243 60 filiorum
1420 1015 162 60 dei:
1501 1015 203 60 moriendo

43 1060 145 65 nos
126 1060 291 65 uiuificat:
355 1060 270 65 sanguinem
563 1060 312 65 profundendo
812 1060 208 65 purgat
957 1060 125 65 ac
1020 1060 208 65 expiat
1165 1060 104 65 :
1206 1060 228 65 spiritu
1373 1060 145 65 suo
1456 1060 145 65 nos
1539 1060 208 65 donat,

46 1123 160 65 quo
138 1123 137 65 in
206 1123 160 65 hoc
297 1123 228 65 exilio
457 1123 251 65 regamur
640 1123 114 65 &
686 1123 366 65 conseruemur,
983 1123 206 65 donec
1120 1123 320 65 recipiamur
1371 1123 137 65 in
1440 1123 274 65 aeternam
1645 1123 114 65 &

41 1181 201 63 ueram
175 1181 201 63 illam
309 1181 246 63 patriam
488 1181 269 63 nostram.
690 1181 179 63 Haec
801 1181 157 63 qui
891 1181 179 63 uera
1003 1181 179 63 fide
1115 1181 313 63 expendunt,
1361 1181 157 63 non
1450 1181 246 63 possunt
1607 1181 112 63 non

29 1231 176 64 rapi
139 1231 132 64 in
205 1231 220 64 laudem
359 1231 110 64 &
403 1231 374 64 celebrationem
711 1231 242 64 diuinae
887 1231 308 64 bonitatis,
1129 1231 110 64 &
1173 1231 132 64 in
1239 1231 352 64 admirationem
1525 1231 154 64 rei
1591 1231 132 64 pro-

38 1285 208 60 fecto
176 1285 323 60 stupendae,
430 1285 185 60 quod
546 1285 185 60 deus
661 1285 254 60 optimus
846 1285 254 60 maximus
1031 1285 162 60 tam
1123 1285 254 60 exactam
1308 1285 208 60 habet
1446 1285 277 60 rationem
1631 1285 92 60 ho

33 1337 207 69 minum,
178 1337 207 69 quibus
323 1337 166 69 haec
427 1337 207 69 tellus
572 1337 186 69 nihil
696 1337 186 69 habet
820 1337 145 69 uel
903 1337 331 69 miserabilius
1172 1337 145 69 uel
1255 1337 311 69 aerumnosius
1504 1337 207 69 alias,
1628 1337 83 69 De

39 1403 285 62 stituuntur
263 1403 143 62 hic
344 1403 204 62 uerbis
487 1403 204 62 sancti
630 1403 163 62 dei.
731 1403 183 62 Neque
854 1403 163 62 enim
956 1403 183 62 uerba
1078 1403 183 62 satis
1200 1403 163 62 huic
1302 1403 224 62 negotio
1465 1403 183 62 tanto
1567 1403 163 62 idonea

37 1455 317 71 suppetunt.
286 1455 226 71 Clamat
444 1455 226 71 Dauid,
603 1455 226 71 Domine
761 1455 249 71 dominus
942 1455 249 71 noster,
1123 1455 181 71 quam
1236 1455 317 71 admirabile
1485 1455 158 71 est
1553 1455 158 71 nomen

36 1504 170 71 tuum
142 1504 128 71 in
206 1504 255 71 uniuersa
398 1504 213 71 terra.
546 1504 234 71 Quoniam
717 1504 234 71 eleuata
887 1504 149 71 est
972 1504 362 71 magnificentia
1270 1504 149 71 tua
1355 1504 192 71 super
1483 1504 234 71 coelos.
1632 1504 85 71 Et

38 1576 181 61 quae
151 1576 294 61 sequuntur
377 1576 226 61 Psalmo
535 1576 136 61 S.
603 1576 136 61 Et
671 1576 226 61 iterum
829 1576 203 61 idem,
965 1576 181 61 Quis
1078 1576 158 61 sum
1168 1576 158 61 ego
1258 1576 226 61 domine
1416 1576 203 61 deus?
1552 1576 113 61 &
1574 1576 136 61 quae

35 1622 203 69 domus
171 1622 225 69 patris
328 1622 180 69 mei,
441 1622 180 69 quod
553 1622 135 69 me
621 1622 225 69 tantum
778 1622 248 69 euehis?
959 1622 180 69 Quid
1071 1622 180 69 uero
1184 1622 203 69 ultra
1319 1622 225 69 potest
1476 1622 225 69 addere
1611 1622 113 69 Da-

34 1682 168 62 uid,
139 1682 126 62 ut
202 1682 126 62 ad
265 1682 126 62 te
328 1682 273 62 loquatur,
539 1682 147 62 cum
623 1682 126 62 tu
686 1682 231 62 noueris
854 1682 210 62 seruum
1002 1682 168 62 tuum
1107 1682 210 62 domine
1254 1682 189 62 deus?
1380 1682 126 62 Et
1444 1682 231 62 caetera
1591 1682 126 62 quae

31 1730 259 67 leguntur
226 1730 130 67 2.
290 1730 259 67 Samuelis
485 1730 173 67 lib.
593 1730 173 67 cap.
701 1730 130 67 7.
765 1730 194 67 Extat
895 1730 237 67 eiusdem
1067 1730 237 67 Dauidis
1240 1730 367 67 elegantissima
1521 1730 194 67 benedi-

42 1784 176 75 cendi
160 1784 137 75 uel
238 1784 255 75 laudandi,
435 1784 137 75 aut
513 1784 216 75 gratias
670 1784 196 75 agendi
807 1784 137 75 deo
886 1784 216 75 formula
1042 1784 118 75 in
1101 1784 176 75 Psal.
1219 1784 157 75 163.
1317 1784 176 75 cuius
1435 1784 216 75 initium
1591 1784 157 75 est,

34 1840 251 63 Benedic
217 1840 205 63 anima
354 1840 160 63 mea
445 1840 274 63 dominum,
650 1840 114 63 &
696 1840 205 63 omnia
833 1840 183 63 quae
947 1840 205 63 intra
1084 1840 137 63 me
1152 1840 183 63 sunt
1267 1840 228 63 nomini
1426 1840 228 63 sancto
1563 1840 160 63 eius.

34 1901 251 69 Benedic
217 1901 205 69 anima
354 1901 160 69 mea
445 1901 251 69 domino,
628 1901 114 69 &
673 1901 183 69 noli
787 1901 297 69 obliuisci
1016 1901 228 69 omnium
1175 1901 365 69 beneficiorum
1472 1901 205 69 eius.
1609 1901 160 69 Qui

32 1959 329 67 propiciatur
295 1959 241 67 omnibus
471 1959 373 67 iniquitatibus
777 1959 197 67 tuis.
909 1959 132 67 Et
975 1959 263 67 reliqua.
1172 1959 175 67 Quid
1282 1959 175 67 uero
1391 1959 263 67 pluribus
1567 1959 153 67 opus?

40 2011 190 63 Vnica
167 2011 211 63 oratio
314 2011 253 63 dominica
504 2011 232 63 poterit
673 2011 169 63 esse
779 2011 359 63 perfectissima
1075 2011 253 63 laudandi
1265 2011 169 63 dei,
1370 2011 106 63 &
1412 2011 232 63 gratias
1560 2011 148 63 agen-

29 2063 133 75 di
95 2063 155 75 deo
184 2063 155 75 pro
272 2063 243 75 omnibus
449 2063 309 75 beneficijs
692 2063 177 75 uice
802 2063 265 75 multarum
1001 2063 265 75 formula.
1200 2063 133 75 Vt
1266 2063 177 75 enim
1355 2063 353 75 praefatiuncula

21 2121 123 68 &
71 2121 344 68 petitiones
341 2121 246 68 omnes,
513 2121 147 68 in
586 2121 295 68 memoriam
807 2121 295 68 reducunt
1028 2121 123 68 &
1077 2121 295 68 absolute
1299 2121 319 68 proponunt
1520 2121 196 68 maxima

28 2177 140 71 dei
108 2177 280 71 beneficia,
328 2177 100 71 &
368 2177 180 71 nobis
488 2177 180 71 ipsis
608 2177 120 71 et
668 2177 220 71 omnibus
828 2177 180 71 alijs
948 2177 280 71 largissime
1168 2177 260 71 exhibita:
1368 2177 140 71 ita
1448 2177 120 71 si
1488 2177 220 71 cogitemus

31 2244 197 63 nostri
169 2244 217 63 officij
327 2244 158 63 esse
426 2244 138 63 pro
504 2244 138 63 his
583 2244 237 63 singulis
761 2244 138 63 deo
840 2244 217 63 gratias
997 2244 197 63 agere,
1135 2244 335 63 incipiamusque
1411 2244 138 63 mox
1490 2244 118 63 ab
1549 2244 158 63 ipso
1628 2244 79 63 do

24 2286 252 70 minicae
207 2286 297 70 orationis
436 2286 297 70 principio
665 2286 275 70 nobiscum
871 2286 297 70 expendere
1099 2286 206 70 illud
1237 2286 252 70 maxime,
1420 2286 183 70 quod
1534 2286 183 70 deus
1625 2286 92 70 pa

28 2343 149 65 ter
113 2343 149 65 pro
198 2343 298 65 ineffabili
433 2343 149 65 sua
518 2343 170 65 erga
624 2343 149 65 nos
710 2343 341 65 misericordia
987 2343 234 65 miseros
1157 2343 298 65 peccatores
1391 2343 128 65 in
1455 2343 234 65 numerum
1604 2343 107 65 fi-

21 2411 217 61 liorum
173 2411 304 61 adoptauit,
413 2411 152 61 per
500 2411 174 61 quos
608 2411 370 61 sanctificari,
913 2411 109 61 &
956 2411 130 61 in
1021 2411 217 61 quibus
1173 2411 261 61 regnare,
1369 2411 217 61 tandem
1521 2411 109 61 &
1565 2411 130 61 in
1608 2411 109 61 re-

35 2464 166 71 gnum
139 2464 166 71 suum
243 2464 249 71 aeternum
429 2464 290 71 transferre
657 2464 207 71 uelit:
802 2464 124 71 ut
864 2464 187 71 nihil
989 2464 124 71 de
1051 2464 187 71 alijs
1175 2464 332 71 petitionibus
1445 2464 207 71 dicam,
1590 2464 166 71 quam

31 2522 230 73 copiosa
199 2522 209 73 quaeso
345 2522 314 73 subnascetur
597 2522 251 73 laudandi
785 2522 168 73 dei,
890 2522 105 73 &
932 2522 230 73 gratias
1099 2522 168 73 ipsi
1204 2522 209 73 agendi
1351 2522 251 73 materia?
1539 2522 147 73 Sed
1602 2522 105 73 in-

31 2562 307 84 telliguntur
276 2562 164 84 haec
379 2562 225 84 rectius
542 2562 123 84 ex
604 2562 143 84 pia
686 2562 328 84 religiosaque
952 2562 368 84 exercitatione,
1259 2562 164 84 quam
1361 2562 123 84 ex
1402 2562 307 84 diligentissi-

29 2631 143 73 mis
110 2631 184 73 etiam
233 2631 307 73 praeceptis,

116 2683 185 67 Hanc
231 2683 208 67 autem
370 2683 485 67 gratiarumactionem
786 2683 254 67 oblatam
971 2683 139 67 ex
1041 2683 185 67 uera
1156 2683 208 67 animi
1295 2683 324 67 humilitate
1549 2683 116 67 &
1595 2683 185 67 fide

27 2738 157 71 deo,
125 2738 176 71 tanti
243 2738 176 71 facit
361 2738 235 71 dominus,
537 2738 118 71 ut
596 2738 235 71 recipiat
772 2738 118 71 et
831 2738 196 71 habeat
968 2738 137 71 pro
1047 2738 274 71 sacrificio
1262 2738 294 71 gratissimo.
1498 2738 176 71 Huius
1615 2738 137 71 rei
1674 2738 59 71 e

28 2794 370 82 frequentissima
337 2794 144 82 fit
419 2794 206 82 mentio
563 2794 123 82 in
625 2794 288 82 testamento
851 2794 226 82 ueteri,
1015 2794 123 82 ut
1077 2794 144 82 cum
1159 2794 247 82 dicitur,
1344 2794 308 82 Sacrificium
1591 2794 164 82 laua
1673 2794 62 82 p

30 2862 150 58 dis
115 2862 365 58 honorificabit
416 2862 150 58 me.
502 2862 150 58 Non
588 2862 129 58 in
652 2862 322 58 sacrificijs
910 2862 172 58 tuis
1018 2862 215 58 arguam
1168 2862 150 58 te,
1254 2862 150 58 nec
1340 2862 258 58 accipiam
1533 2862 129 58 de
1576 2862 129 58 domo

29 2917 150 69 tua
114 2917 257 69 uitulos:
307 2917 214 69 Immola
456 2917 150 69 deo
542 2917 321 69 sacrificium
798 2917 235 69 laudis,
970 2917 107 69 &
1012 2917 192 69 redde
1141 2917 278 69 altissimo
1354 2917 171 69 uota
1461 2917 171 69 tua.
1547 2917 171 69 Inuoca
