2288 3632
536 300 162 101 plum
637 300 121 101 ad
698 300 223 101 tactum,
860 300 121 101 Et
920 300 142 101 cum
1001 300 202 101 mulier
1143 300 243 101 tangendo
1325 300 243 101 fimbriam
1508 300 283 101 uestimenti
1730 300 162 101 eius
1832 300 182 101 salua
1953 300 182 101 facta
2075 300 162 101 est,

529 378 232 69 nonihil
698 378 316 69 significat.
951 378 148 69 Sic
1035 378 232 69 August,
1204 378 127 69 de
1267 378 253 69 Signorum
1457 378 274 69 generibus
1668 378 105 69 &
1710 378 316 69 differentia
1942 378 253 69 disseruit.

624 420 167 74 Alij
729 420 167 74 uero
833 420 188 74 nihil
958 420 230 74 diuersi
1126 420 209 74 quidem
1272 420 125 74 ab
1334 420 167 74 illo
1439 420 313 74 afferentes,
1690 420 188 74 Signa
1815 420 188 74 iuxta
1940 420 251 74 temporum
2107 420 84 74 ra

535 478 209 74 tionem
682 478 335 74 distinguunt.
954 478 209 74 Dicunt
1100 478 167 74 enim
1205 478 188 74 Signa
1331 478 167 74 alia
1435 478 209 74 quidem
1582 478 167 74 esse
1687 478 188 74 rerum
1812 478 335 74 praesentium,
2063 478 126 74 alia

534 549 192 62 rerum
662 549 384 62 praeteritarum,
981 549 170 62 alia
1088 549 170 62 uero
1194 549 192 62 rerum
1322 549 298 62 futurarum.
1557 549 320 62 Praesentium
1812 549 192 62 signa
1940 549 213 62 putat,
2068 549 128 62 quae

542 596 292 68 significant
775 596 136 68 res
853 596 156 68 esse
950 596 292 68 praesentes:
1183 596 194 68 ueluti
1319 596 214 68 haedera
1475 596 233 68 suspensa
1650 596 214 68 indicat
1805 596 175 68 uinum
1922 596 136 68 ibi
2000 596 175 68 uendi
2097 596 97 68 ubi

547 650 254 67 suspensa
737 650 233 67 haeret.
906 650 190 67 Signa
1033 650 148 67 qua
1118 650 254 67 patrabat
1308 650 233 67 dominus
1478 650 233 67 noster,
1647 650 360 67 significabant
1943 650 212 67 adesse
2070 650 127 67 Mes-

548 716 171 59 siam
655 716 107 59 &
698 716 214 59 regnum
848 716 150 59 dei
933 716 107 59 a
976 716 279 59 prophetis
1191 716 300 59 promissum.
1426 716 150 59 Sub
1512 716 300 59 praeterita
1748 716 193 59 signa
1876 716 257 59 reserunt
2048 716 150 59 omnia

535 759 316 68 defunctorum
788 759 295 68 monimenta,
1020 759 105 68 &
1062 759 232 68 lapides
1230 759 190 68 illos
1357 759 126 68 in
1420 759 232 68 lordane
1589 759 232 68 erectos
1757 759 105 68 a
1800 759 211 68 losue,
1926 759 274 68 posteritati

541 815 369 74 significantes
845 815 174 74 quid
954 815 326 74 praeteritis
1214 815 195 74 actum
1344 815 152 74 sit
1431 815 326 74 temporibus.
1692 815 282 74 Futurarum
1909 815 195 74 rerum
2017 815 174 74 signum

546 872 142 75 dat
627 872 203 75 Vellus
769 872 263 75 Gedeonis,
971 872 223 75 futurae
1133 872 243 75 scilicet
1315 872 263 75 uictoriae
1498 872 182 75 signum.

599 924 249 84 Caeterum
786 924 249 84 expensis
973 924 145 84 nec
1056 924 249 84 reiectis
1243 924 187 84 illis
1368 924 229 84 quidem,
1534 924 249 84 poterunt
1721 924 187 84 signa
1846 924 229 84 plenius
2012 924 104 84 &
2033 924 166 84 diluci

540 995 161 60 dius
641 995 202 60 diuidi
782 995 121 60 in
843 995 202 60 signa,
984 995 202 60 quorum
1125 995 161 60 alia
1226 995 202 60 quidem
1367 995 121 60 ab
1428 995 262 60 hominibus
1630 995 182 60 data,
1751 995 161 60 alia
1852 995 161 60 uero
1953 995 121 60 ab
2013 995 161 60 ipso
2094 995 101 60 deo

551 1037 267 75 instituta
757 1037 185 75 sunt.
880 1037 123 75 Ab
941 1037 267 75 hominibus
1147 1037 205 75 dantur
1290 1037 185 75 Signa
1413 1037 144 75 ceu
1495 1037 205 75 notae,
1639 1037 205 75 quibus
1783 1037 226 75 aliquid
1926 1037 267 75 significant

545 1109 154 62 aut
633 1109 307 62 designant,
874 1109 219 62 quibus
1028 1109 241 62 denique
1203 1109 241 62 aliquid
1379 1109 175 62 apud
1488 1109 241 62 homines
1664 1109 132 62 in
1729 1109 439 62 memoriaretinent:
2080 1109 110 62 aut

537 1151 172 78 quod
644 1151 215 78 certum
794 1151 107 78 &
837 1151 215 78 firmum
987 1151 172 78 esse
1095 1151 236 78 uolunt,
1266 1151 300 78 obsignant.
1502 1151 150 78 Hac
1588 1151 236 78 ratione
1760 1151 193 78 omnis
1889 1151 300 78 descriptio
2125 1151 107 78 &

553 1210 237 68 pictura
726 1210 345 68 demostratiua
1007 1210 237 68 dicitur
1179 1210 237 68 Signum.
1352 1210 151 68 Nam
1438 1210 302 68 Ezechielis
1676 1210 130 68 4.
1741 1210 194 68 picta
1870 1210 302 68 Hierusalem
2086 1210 108 68 di-

539 1264 187 73 citur
664 1264 229 73 signum:
831 1264 250 73 uetustas
1018 1264 208 73 quoque
1164 1264 250 73 imagines
1351 1264 271 73 mortuorum
1559 1264 187 73 signa
1684 1264 312 73 appellauit,
1934 1264 167 73 quod
2038 1264 146 73 ijs
2101 1264 104 73 uel

550 1316 154 76 let
638 1316 264 76 memoriam
836 1316 220 76 eorum,
990 1316 220 76 quorum
1144 1316 198 76 signa
1276 1316 330 76 dicebantur,
1541 1316 286 76 refricare
1761 1316 110 76 &
1805 1316 330 76 superstitem
2047 1316 154 76 quasi

550 1375 252 71 retinere:
743 1375 155 71 quin
840 1375 155 71 ipsa
937 1375 174 71 etiam
1054 1375 252 71 scriptura
1247 1375 194 71 sancta
1383 1375 174 71 idola
1499 1375 233 71 appellat
1674 1375 194 71 signa,
1809 1375 194 71 sicuti
1945 1375 194 71 uidere
2061 1375 136 71 licet

552 1430 192 73 lsaiae
686 1430 134 73 45.
763 1430 96 73 &
801 1430 115 73 2.
858 1430 192 73 Paral.
993 1430 134 73 33.
1069 1430 134 73 Ita
1146 1430 211 73 lapides
1299 1430 192 73 quoque
1433 1430 115 73 ad
1491 1430 326 73 significandum
1759 1430 211 73 aliquid
1913 1430 211 73 positi,
2047 1430 153 73 cuius-

547 1482 177 83 modi
658 1482 177 83 sunt
768 1482 244 83 limites
946 1482 244 83 agrorum
1123 1482 111 83 &
1167 1482 199 83 omnia
1300 1482 310 83 monimenta,
1544 1482 199 83 signa
1677 1482 199 83 sunt,
1810 1482 199 83 Rahab
1943 1482 177 83 illa
2032 1482 177 83 Hieri-

548 1543 247 73 chuntina
734 1543 124 73 ad
796 1543 330 73 exploratores
1064 1543 289 73 lzraelitas
1291 1543 206 73 dicit,
1435 1543 165 73 Date
1538 1543 165 73 mihi
1641 1543 206 73 signum
1786 1543 289 73 ueritatis,
2012 1543 165 73 quod
2095 1543 103 73 fa-

542 1614 192 55 cturi
669 1614 192 55 sitis
797 1614 192 55 mecum
925 1614 383 55 misericordiam.
1245 1614 128 55 Et
1308 1614 256 55 dederunt
1500 1614 170 55 illi
1607 1614 192 55 funem
1734 1614 277 55 suspensum
1947 1614 106 55 e
1969 1614 234 55 fenestra-

552 1667 121 55 En
612 1667 182 55 fidei
734 1667 101 55 &
774 1667 263 55 ueritatis
976 1667 202 55 signum
1118 1667 162 55 erat
1219 1667 202 55 funis,
1360 1667 141 55 quo
1441 1667 162 55 illi
1542 1667 182 55 uelut
1663 1667 303 55 obsignabant
1906 1667 182 55 serio
2027 1667 101 55 &
2048 1667 141 55 uere-

540 1713 153 68 sed
628 1713 306 68 diligenter
868 1713 284 68 curaturos
1087 1713 131 68 ne
1152 1713 306 68 perderetur
1393 1713 219 68 Rahab.
1546 1713 241 68 Germani
1721 1713 284 68 huiusmodi
1940 1713 197 68 signa
2049 1713 153 68 fidei

539 1763 106 79 &
581 1763 277 79 ueritatis
794 1763 213 79 gratia
943 1763 149 79 uel
1029 1763 170 79 data
1135 1763 149 79 uel
1220 1763 256 79 accepta,
1412 1763 298 79 nuncupamus
1646 1763 106 79 &
1689 1763 319 79 po:taeyqen,
1944 1763 170 79 quia
2030 1763 170 79 uerbis

548 1820 272 69 adduntur,
757 1820 126 69 ac
820 1820 126 69 ea
883 1820 209 69 ueluti
1030 1820 293 69 obsignant,
1260 1820 126 69 et
1323 1820 272 69 argeyoen,
1532 1820 167 69 quia
1637 1820 147 69 his
1720 1820 209 69 ueluti
1867 1820 293 69 attestamur
2076 1820 126 69 bona

538 1876 194 71 fide,
668 1876 108 71 &
711 1876 215 71 absque
861 1876 172 71 dolo
969 1876 172 71 malo
1077 1876 344 71 exequuturos,
1356 1876 172 71 quod
1464 1876 215 71 uerbis
1593 1876 280 71 promisimus,

620 1924 168 74 Sunt
725 1924 189 74 autem
851 1924 273 74 huiusmodi
1062 1924 189 74 signa
1188 1924 189 74 uarij
1314 1924 252 74 generis.
1503 1924 168 74 Alia
1608 1924 168 74 enim
1713 1924 168 74 muta
1819 1924 189 74 sunt,
1945 1924 105 74 &
1966 1924 231 74 pertinent

545 1986 119 70 ad
605 1986 199 70 sensum
744 1986 239 70 oculorum
923 1986 100 70 :
963 1986 259 70 cuiusmodi
1162 1986 159 70 sunt
1262 1986 259 70 militaria
1461 1986 199 70 signa,
1600 1986 219 70 cruces,
1759 1986 239 70 fasciae,
1938 1986 239 70 uexilla,
2097 1986 100 70 ac-

552 2041 183 76 censi
674 2041 204 76 ignes:
817 2041 204 76 quorum
959 2041 204 76 mentio
1102 2041 143 76 fit
1183 2041 204 76 Numeri
1326 2041 122 76 2.
1387 2041 183 76 Psal.
1509 2041 143 76 73.
1591 2041 143 76 &c.
1672 2041 183 76 Neque
1795 2041 163 76 enim
1896 2041 245 76 quisquam
2059 2041 143 76 huius

542 2107 253 67 generis
726 2107 368 67 enumerauerit
1026 2107 230 67 omnia.
1187 2107 299 67 Nascuntur
1417 2107 184 67 enim
1532 2107 184 67 noua
1647 2107 253 67 subinde
1832 2107 161 67 pro
1924 2107 253 67 hominum
2085 2107 115 67 ar-

545 2158 219 69 bitrio.
704 2158 179 69 ludas
824 2158 159 69 suis
923 2158 179 69 dabat
1043 2158 219 69 signum,
1202 2158 279 69 Quemcumque
1421 2158 259 69 osculatus
1620 2158 199 69 fuero,
1759 2158 159 69 ipse
1859 2158 159 69 est,
1958 2158 199 69 tenete
2078 2158 119 69 eum,

541 2223 274 56 Consertio
751 2223 189 56 datae
878 2223 231 56 dextrae
1046 2223 168 56 quae
1151 2223 126 56 ad
1214 2223 210 56 sensum
1361 2223 210 56 tactus
1509 2223 274 56 pertinet,
1719 2223 189 56 fidei
1845 2223 231 56 auxilij
2014 2223 105 56 &
2035 2223 168 56 commu-

543 2273 225 67 nionis
700 2273 225 67 signum
857 2273 180 67 est,
969 2273 112 67 &
1014 2273 202 67 ipsum
1149 2273 225 67 signum
1306 2273 225 67 mutum:
1463 2273 180 67 quod
1575 2273 225 67 Paulus
1733 2273 314 67 appellauit
1979 2273 225 67 signum
2114 2273 90 67 so

539 2323 277 71 cietatis.
752 2323 149 71 Huc
837 2323 277 71 pertinent
1050 2323 192 71 uarij
1177 2323 192 71 motus
1305 2323 106 71 &
1348 2323 234 71 gestus.
1518 2323 170 71 Alia
1624 2323 170 71 uero
1731 2323 128 71 ex
1795 2323 149 71 his
1880 2323 234 71 Vocalia
2050 2323 192 71 sunt,

547 2377 172 82 quae
655 2377 215 82 auditu
806 2377 366 82 percipiuntur,
1107 2377 323 82 aedunturque
1365 2377 151 82 uel
1452 2377 151 82 per
1538 2377 258 82 humanas,
1731 2377 151 82 uel
1818 2377 151 82 per
1904 2377 344 82 inanimatorum

549 2436 207 76 uoces.
694 2436 207 76 Humana
839 2436 166 76 uoce
943 2436 249 76 aeduntur
1129 2436 207 76 uerba,
1275 2436 249 76 sibilus,
1461 2436 104 76 &
1502 2436 166 76 quae
1606 2436 166 76 alia
1710 2436 166 76 sunt
1813 2436 186 76 huius
1938 2436 249 76 generis.
2103 2436 104 76 Quo

546 2501 257 70 pertinent
744 2501 217 70 uocales
902 2501 257 70 tesserae,
1099 2501 197 70 qualis
1237 2501 158 70 illa
1336 2501 217 70 ludicum
1494 2501 138 70 12.
1573 2501 158 70 cap.
1672 2501 296 70 Schiboleth.
1909 2501 178 70 Porro
2008 2501 197 70 inanimes

539 2553 187 66 uoces
664 2553 187 66 sunt,
789 2553 166 66 quae
893 2553 187 66 fiunt
1018 2553 146 66 per
1101 2553 208 66 tubas,
1246 2553 229 66 tibias,
1413 2553 229 66 cornua,
1579 2553 250 66 tympana,
1766 2553 270 66 bobardas,
1974 2553 146 66 per
2037 2553 166 66 pulsum

543 2598 304 78 campanarum,
786 2598 101 78 &
826 2598 142 78 per
907 2598 304 78 instrumenta
1151 2598 223 78 sonora,
1313 2598 162 78 quae
1414 2598 101 78 &
1454 2598 162 78 ipsa
1556 2598 263 78 logissime
1758 2598 324 78 latissimeque
2022 2598 223 78 patent.

641 2658 147 79 lam
725 2658 169 79 uero
831 2658 211 79 dantur
978 2658 190 79 signa
1104 2658 105 79 a
1147 2658 147 79 deo
1231 2658 126 79 in
1294 2658 169 79 hoc,
1399 2658 126 79 ut
1463 2658 274 79 instruant
1673 2658 337 79 admoneantque
1947 2658 190 79 rerum
2053 2658 147 79 futu-

541 2714 211 70 rarum,
689 2714 148 70 aut
773 2714 190 70 etiam
899 2714 380 70 praeteritarum:
1216 2714 148 70 uel
1300 2714 127 70 ut
1363 2714 148 70 res
1448 2714 190 70 ipsas
1574 2714 211 70 quarum
1722 2714 190 70 signa
1848 2714 190 70 sunt,
1975 2714 211 70 quodam
2102 2714 105 70 mo-

550 2767 127 68 do
613 2767 317 68 spectatorum
866 2767 211 68 oculis
1014 2767 317 68 subiiciant,
1267 2767 106 68 &
1310 2767 338 68 similitudine
1584 2767 211 68 quadam
1732 2767 380 68 repraesentent,
2048 2767 148 68 uel
2112 2767 84 68 ui

543 2825 328 82 promissiones
809 2825 123 82 et
871 2825 185 82 uerba
994 2825 144 82 dei
1076 2825 287 82 obsignent,
1301 2825 246 82 uisibili
1486 2825 205 82 aliqua
1629 2825 308 82 caeremonia,
1875 2825 123 82 ab
1937 2825 267 82 hominibus
2121 2825 82 82 di

544 2885 158 76 uina
643 2885 317 76 institutione
901 2885 277 76 celebrata,
1118 2885 119 76 ut
1178 2885 218 76 denique
1336 2885 178 76 fidem
1455 2885 218 76 nostram
1613 2885 277 76 exerceant,
1831 2885 119 76 et
1890 2885 257 76 dispersos
2068 2885 139 76 colli

542 2950 179 87 gant
653 2950 134 87 in
721 2950 179 87 unum
832 2950 246 87 aliquem
1011 2950 246 87 coetum.
1190 2950 179 87 Sunt
1302 2950 201 87 autem
1436 2950 112 87 &
1481 2950 179 87 haec
1593 2950 157 87 non
1682 2950 246 87 eiusdem
1861 2950 268 87 generis,
2063 2950 134 87 ac
2108 2950 89 87 ma
