2288 3632
492 310 215 108 gorae.
643 310 151 108 Ita
729 310 237 108 mystica
902 310 280 108 theologia
1117 310 280 108 nuncupari
1332 310 215 108 coepit
1483 310 302 108 symbolica,
1720 310 237 108 nimirum
1892 310 280 108 mysterijs
2086 310 108 108 im-

499 382 244 94 plicita
676 382 399 94 secretioribus.
1008 382 177 94 Inde
1119 382 310 94 symbolicum
1363 382 177 94 est,
1473 382 177 94 quod
1584 382 354 94 aenigmaticum
1872 382 111 94 &
1894 382 288 94 allegoricum

500 439 180 77 est,
612 439 203 77 longe
747 439 203 77 aliud
882 439 225 77 habens
1040 439 135 77 in
1107 439 270 77 recessu,
1310 439 180 77 quam
1422 439 225 77 fronte
1580 439 315 77 promittat,
1827 439 225 77 Rursus
1962 439 225 77 symbolum

509 487 265 84 dicitur,
708 487 177 84 quod
818 487 199 84 inter
951 487 243 84 sponsum
1127 487 110 84 &
1171 487 243 84 sponsam
1348 487 132 84 ex
1414 487 199 84 mutuo
1547 487 265 84 consensu
1745 487 375 84 interponitur,
2032 487 155 84 fidei

514 544 210 98 munus,
661 544 126 98 ne
724 544 210 98 liceat
871 544 105 98 a
913 544 189 98 pacto
1039 544 273 98 recedere.
1249 544 231 98 Denique
1417 544 252 98 dabantur
1606 544 273 98 militibus
1816 544 147 98 sub
1900 544 210 98 ijsdem
2026 544 168 98 signis

511 601 336 91 merentibus,
779 601 269 91 symbola.
981 601 269 91 Dabantur
1183 601 179 91 item
1295 601 134 91 in
1362 601 291 91 quibusdam
1586 601 246 91 urbibus
1765 601 246 91 amicis,
1945 601 134 91 ad
1989 601 202 91 uicinas

517 651 104 93 &
559 651 207 93 socias
704 651 186 93 urbes
828 651 269 93 concedere
1035 651 311 93 uolentibus,
1284 651 249 93 symbola,
1470 651 145 93 hoc
1553 651 145 93 est
1636 651 269 93 tesserae,
1843 651 207 93 quibus
1988 651 186 93 uisis
2091 651 104 93 in-

500 708 325 96 telligebant
761 708 304 96 offerentem
999 708 282 96 humaniter
1216 708 174 96 esse
1324 708 325 96 tractandum,
1585 708 217 96 ueluti
1737 708 217 96 socium
1888 708 108 96 &
1932 708 217 96 amicum
2062 708 130 96 sin-

509 766 276 101 gularem.
716 766 253 101 Veteres
900 766 230 101 itaque
1061 766 253 101 Symboli
1245 766 207 101 uocem
1382 766 345 101 sacramentis
1658 766 253 101 nostris
1842 766 391 101 accomodarunt,

506 825 178 89 quod
617 825 178 89 haec
729 825 201 89 nobis
862 825 223 89 maxima
1018 825 156 89 dei
1108 825 268 89 mysteria
1308 825 401 89 repraesentant,
1643 825 312 89 allegorica
1888 825 111 89 &
1910 825 290 89 aenigmatica

520 897 191 71 iunt,
647 897 170 71 quod
753 897 234 71 denique
923 897 170 71 ipse
1029 897 234 71 dominus
1199 897 361 71 sacramentorum
1496 897 340 71 institutione
1772 897 127 71 se
1836 897 212 71 nobis,
1985 897 149 71 nos
2048 897 149 71 illo-

516 940 155 92 rum
605 940 333 92 communione,
871 940 177 92 ipsi
982 940 111 92 &
1026 940 244 92 omnibus
1204 940 244 92 sanctis
1381 940 377 92 obstringimus,
1692 940 377 92 testificantes
2002 940 111 92 &
2047 940 200 92 palam

512 994 325 97 profitentes
772 994 151 97 nos
859 994 238 97 strenue
1032 994 151 97 sub
1118 994 216 97 signis
1270 994 216 97 domini
1421 994 346 97 militaturos.
1702 994 281 97 Praeterea
1919 994 260 97 admonent
2092 994 108 97 nos

520 1057 191 79 sacra
647 1057 234 79 symbola
817 1057 319 79 dilectionis
1073 1057 298 79 fraternae,
1307 1057 128 79 ut
1371 1057 319 79 meminerimus
1626 1057 149 79 eos
1711 1057 149 79 qui
1796 1057 255 79 nobiscum
1987 1057 128 79 de
2051 1057 191 79 eadem

518 1102 196 91 mensa
649 1102 348 91 participant,
931 1102 109 91 &
974 1102 196 91 eodem
1105 1102 282 91 abluuntur
1322 1102 282 91 baptismo,
1539 1102 348 91 impensissime
1822 1102 130 91 ut
1887 1102 217 91 filios
2039 1102 152 91 dei
2126 1102 109 91 &

514 1167 231 78 fratres
682 1167 231 78 nostros
850 1167 168 78 esse
954 1167 315 78 diligendos.
1206 1167 168 78 Haec
1311 1167 126 78 de
1374 1167 315 78 sacramentis
1626 1167 168 78 quid
1731 1167 189 78 sint,
1856 1167 210 78 quibus
1982 1167 210 78 uocentur

522 1223 299 81 nominibus,
757 1223 107 81 &
799 1223 192 81 quare
928 1223 150 81 sic
1013 1223 342 81 nuncupentur,
1291 1223 320 81 consignasse
1526 1223 256 81 sufficiat.

566 1270 356 96 EXxpONENDVM
851 1270 214 96 autem
994 1270 190 96 ante
1113 1270 214 96 omnia
1255 1270 285 96 uidetur,
1469 1270 119 96 a
1517 1270 166 96 quo
1612 1270 261 96 authore
1802 1270 285 96 profecta
2016 1270 190 96 sint
2111 1270 95 96 sa

537 1329 284 88 cramenta,
756 1329 109 88 &
800 1329 175 88 quas
909 1329 131 88 ob
974 1329 241 88 caussas
1149 1329 306 88 instituta.
1390 1329 284 88 Confessum
1609 1329 153 88 est
1696 1329 175 88 apud
1805 1329 197 88 omnes
1937 1329 197 88 fere,
2046 1329 153 88 solum

521 1384 178 88 deum
632 1384 312 88 instituere
877 1384 200 88 posse
1010 1384 334 88 sacramenta,
1277 1384 156 88 non
1367 1384 267 88 homines,
1567 1384 156 88 non
1656 1384 200 88 ipsam
1789 1384 223 88 quoque
1923 1384 267 88 ecclesiam-

524 1441 143 91 Est
605 1441 164 91 enim
708 1441 184 91 inter
830 1441 348 91 Scholasticos,
1116 1441 143 91 qui
1198 1441 245 91 submonet
1382 1441 286 91 ecclesiam,
1607 1441 123 91 ut
1668 1441 266 91 meminerit
1873 1441 123 91 se
1934 1441 143 91 non
2016 1441 164 91 esse
2098 1441 102 91 do-

524 1497 202 87 minam
658 1497 404 87 sacramentorum,
995 1497 157 87 sed
1084 1497 314 87 ministram,
1331 1497 157 87 nec
1421 1497 202 87 posse
1555 1497 179 87 hanc
1668 1497 202 87 magis
1802 1497 314 87 instituere
2027 1497 179 87 formam

519 1557 421 96 sacramentalem,
869 1557 187 96 quam
986 1557 210 96 legem
1126 1557 257 96 aliquam
1313 1557 257 96 diuinam
1500 1557 304 96 abrogare.
1734 1557 164 96 Sed
1827 1557 117 96 &
1874 1557 257 96 Aquinas
2037 1557 164 96 parte

520 1614 118 98 2.
579 1614 216 98 quaest.
736 1614 137 98 46.
814 1614 235 98 articulo
991 1614 118 98 2.
1050 1614 157 98 Ille
1148 1614 274 98 instituit,
1363 1614 216 98 inquit,
1520 1614 235 98 aliquid,
1696 1614 137 98 qui
1775 1614 137 98 dat
1853 1614 118 98 ei
1912 1614 176 98 robur
2030 1614 98 98 &
2049 1614 157 98 uirtu-

534 1669 155 87 tem:
631 1669 136 87 sed
708 1669 194 87 uirtus
844 1669 271 87 sacramenti
1057 1669 136 87 est
1134 1669 97 87 a
1173 1669 155 87 solo
1270 1669 155 87 deo:
1367 1669 174 87 solus
1483 1669 194 87 itaque
1619 1669 155 87 deus
1716 1669 194 87 potest
1851 1669 271 87 instituere
2045 1669 155 87 sacra-

530 1726 209 80 menta.
676 1726 125 80 Et
739 1726 209 80 reuera
885 1726 188 80 solus
1010 1726 167 80 deus
1115 1726 209 80 cultum
1261 1726 272 80 legitimum
1470 1726 292 80 instituere
1700 1726 230 80 potest.
1867 1726 272 80 Pertinent
2055 1726 146 80 autem

521 1796 288 68 sacramenta
748 1796 123 68 ad
809 1796 226 68 cultum,
974 1796 164 68 unde
1076 1796 185 68 solus
1200 1796 164 68 deus
1303 1796 288 68 sacramenta
1529 1796 288 68 instituit.
1755 1796 123 68 Si
1816 1796 164 68 quis
1919 1796 123 68 in
1981 1796 206 68 ueteri
2104 1796 103 68 te-

527 1835 251 88 stamento
715 1835 293 88 obtulisset
946 1835 314 88 sacrificium
1197 1835 146 88 non
1280 1835 293 88 praeceptum
1511 1835 105 88 a
1552 1835 230 88 domino,
1720 1835 146 88 nec
1803 1835 293 88 obtulisset
2034 1835 126 88 eo
2075 1835 126 88 modo

533 1891 148 89 quo
617 1891 254 89 iusserat
808 1891 254 89 immolare
998 1891 254 89 dominus,
1188 1891 148 89 non
1273 1891 169 89 modo
1379 1891 190 89 nihil
1505 1891 296 89 utilitatis
1738 1891 169 89 inde
1844 1891 338 89 percepisset,
2097 1891 106 89 sed

528 1948 245 87 insuper
706 1948 312 87 comisisset
951 1948 267 87 piaculum
1152 1948 201 87 poena
1285 1948 290 87 expiandum
1508 1948 201 87 longe
1642 1948 379 87 funestissima.
1954 1948 178 87 Quis
2065 1948 178 87 enim

530 1998 233 91 ignorat
699 1998 211 91 filios
847 1998 233 91 Aaronis
1016 1998 190 91 ignem
1143 1998 233 91 alienum
1312 1998 317 91 offerentes,
1566 1998 254 91 coelitus
1756 1998 233 91 delapsa
1925 1998 190 91 famma
2031 1998 169 91 horri-

529 2075 236 68 biliter
700 2075 172 68 esse
808 2075 343 68 concrematos?
1087 2075 301 68 Displicent
1323 2075 172 68 ergo
1430 2075 215 68 domino
1580 2075 150 68 ceu
1666 2075 279 68 prophana:
1881 2075 193 68 neque
1988 2075 215 68 legitima

527 2119 317 86 sacramenta
777 2119 181 86 dici
890 2119 295 86 merentur,
1116 2119 181 86 quae
1230 2119 159 86 non
1320 2119 227 86 habent
1479 2119 204 86 ipsum
1615 2119 249 86 dominum
1796 2119 295 86 authorem.
2023 2119 159 86 His
2091 2119 113 86 ac-

535 2172 194 83 cedit
665 2172 173 83 quod
773 2172 302 83 sacramenta
1011 2172 238 83 diuinae
1184 2172 173 83 erga
1292 2172 151 83 nos
1378 2172 302 83 uoluntatis
1616 2172 108 83 &
1659 2172 367 83 beneuolentiae
1940 2172 259 83 testimonia

528 2227 106 86 &
570 2227 190 86 quasi
697 2227 232 86 sigilla
866 2227 190 86 sunt.
993 2227 127 86 At
1056 2227 169 86 quis
1162 2227 148 86 oro
1246 2227 211 86 melius
1394 2227 232 86 rectius
1563 2227 106 86 &
1605 2227 232 86 certius
1774 2227 127 86 de
1838 2227 211 86 diuina
1965 2227 232 86 uoluntate

520 2287 315 82 testabitur,
772 2287 168 82 quam
877 2287 168 82 ipse
983 2287 189 82 deus?
1109 2287 252 82 Sigillum
1298 2287 147 82 dei
1382 2287 273 82 neutiquam
1592 2287 273 82 appellari
1803 2287 105 82 &
1845 2287 210 82 haberi
1992 2287 252 82 meretur,

526 2343 169 93 quod
632 2343 127 93 ab
695 2343 169 93 ipso
801 2343 148 93 deo
885 2343 148 93 non
970 2343 148 93 est
1054 2343 275 93 appensum,
1266 2343 148 93 aut
1350 2343 296 93 impressum,
1583 2343 148 93 imo
1667 2343 317 93 adulterinum
1921 2343 148 93 est
1985 2343 211 93 sigillum

531 2398 181 98 quod
644 2398 113 98 a
690 2398 158 98 deo
780 2398 158 98 non
870 2398 158 98 est
961 2398 316 98 profectum,
1209 2398 248 98 interim
1390 2398 203 98 tamen
1525 2398 158 98 dei
1616 2398 226 98 nomine
1774 2398 339 98 uenditatur.
2045 2398 158 98 Iam
2135 2398 113 98 &

531 2455 131 82 S.
597 2455 327 82 Augustinus,
858 2455 174 82 quod
967 2455 218 82 omnium
1119 2455 131 82 in
1185 2455 152 82 ore
1272 2455 283 82 uersatur,
1489 2455 240 82 dixisse
1664 2455 261 82 legitur,
1860 2455 240 82 Accedit
2034 2455 218 82 uerbum

519 2516 135 84 ad
586 2516 292 84 elementum
811 2516 112 84 &
856 2516 157 84 fit
946 2516 337 84 sacramentum
1215 2516 112 84 :
1260 2516 180 84 unde
1373 2516 315 84 colligimus
1620 2516 135 84 in
1687 2516 337 84 sacramentis
1934 2516 270 84 potissimas

534 2565 231 93 partes
696 2565 231 93 habere
857 2565 208 93 ipsum
996 2565 162 93 dei
1088 2565 254 93 uerbum:
1273 2565 254 93 uerbuin
1457 2565 231 93 inquam
1619 2565 185 93 dei,
1734 2565 162 93 non
1827 2565 231 93 uerbum
1965 2565 231 93 hominum,

523 2622 147 80 non
607 2622 272 80 ecclesiae
816 2622 105 80 :
858 2622 168 80 unde
963 2622 189 80 denuo
1089 2622 251 80 sequitur
1277 2622 209 80 signum
1424 2622 293 80 proficisci
1654 2622 251 80 oportere
1843 2622 126 80 ab
1906 2622 168 80 ipso
2010 2622 168 80 deo,
2094 2622 105 80 non

532 2700 186 66 ullis
656 2700 289 66 hominibus,
883 2700 186 66 licet
1007 2700 206 66 numero
1151 2700 227 66 multis,
1317 2700 289 66 eruditione
1544 2700 227 66 doctis,
1709 2700 103 66 &
1750 2700 186 66 uitae
1874 2700 289 66 innocentia
2080 2700 124 66 san-

541 2739 183 79 ctis:
663 2739 122 79 ut
724 2739 142 79 iam
805 2739 183 79 alius
927 2739 203 79 author
1069 2739 346 79 sacramentorum
1354 2739 163 79 esse
1456 2739 244 79 nequeat,
1639 2739 163 79 quam
1741 2739 163 79 deus
1842 2739 203 79 solus,

607 2789 349 96 Quemadmodum
886 2789 186 96 uero
1002 2789 302 96 recipimus
1235 2789 233 96 uerbum
1397 2789 256 96 salutis
1583 2789 116 96 &
1630 2789 279 96 gratiae,
1839 2789 163 96 ita
1932 2789 256 96 necesse
2095 2789 116 96 est

520 2849 160 79 nos
611 2849 274 79 accipere
817 2849 114 79 &
862 2849 205 79 signa
999 2849 274 79 gratiae.
1204 2849 205 79 Licet
1341 2849 205 79 autem
1478 2849 228 79 uerbum
1637 2849 160 79 dei
1728 2849 205 79 nobis
1865 2849 342 79 annuncietur
2116 2849 91 79 ab

526 2920 332 68 hominibus,
787 2920 166 68 non
882 2920 213 68 tamen
1024 2920 213 68 illud
1166 2920 356 68 amplectimur
1451 2920 261 68 tanquam
1640 2920 237 68 uerbum
1806 2920 284 68 hominis,
2019 2920 166 68 sed
2091 2920 119 68 ue-

525 2961 176 96 luti
635 2961 220 96 uerbum
789 2961 176 96 dei,
900 2961 198 96 iuxta
1032 2961 198 96 illud
1164 2961 287 96 apostoli,
1385 2961 154 96 Cum
1473 2961 331 96 acciperetis
1737 2961 110 96 a
1781 2961 198 96 nobis
1913 2961 264 96 sermonem
2090 2961 110 96 quo
