2288 3632
67 264 188 109 quam
184 264 211 109 eorum
325 264 188 109 quae
442 264 141 109 ea
513 264 282 109 pactione
724 264 329 109 promiserat
982 264 282 109 dominus,
1194 264 258 109 irritum
1381 264 282 109 futurum.
1569 264 188 109 Quando

64 345 178 75 ergo
175 345 201 75 bonus
309 345 111 75 &
354 345 201 75 uerax
487 345 401 75 dominusssemper
822 345 156 75 sui
911 345 245 75 similis
1089 345 178 75 est,
1201 345 111 75 &
1245 345 178 75 tunc
1357 345 223 75 quidem
1513 345 134 75 eo
1580 345 156 75 quo
1647 345 111 75 di-

63 403 201 88 ximus
197 403 179 88 modo
309 403 134 88 se
376 403 179 88 suae
488 403 358 88 attemperauit
779 403 313 88 ecclesiae,
1025 403 179 88 quid
1137 403 201 88 mirum
1271 403 157 88 aut
1361 403 201 88 nouum
1495 403 269 88 obsecro,
1674 403 90 88 si

77 462 184 89 nobis
199 462 184 89 hodie
322 462 204 89 quoque
465 462 143 89 sub
546 462 184 89 rebus
669 462 306 89 uisibilibus
914 462 265 89 signacula
1118 462 143 89 uel
1200 462 225 89 sigilla
1363 462 163 89 suae
1465 462 225 89 gratiae
1628 462 102 89 &
1649 462 102 89 my-

66 514 272 86 steriorum
275 514 188 86 regni
401 514 146 86 dei
485 514 272 86 reliquit?
694 514 188 86 Atque
819 514 167 86 haec
924 514 251 86 hactenus
1112 514 126 86 de
1175 514 356 86 sacramentorum
1468 514 230 86 caussis
1615 514 146 86 prae-

67 569 229 68 cipuis,
234 569 125 68 ob
296 569 167 68 quas
400 569 271 68 instituta
608 569 187 68 sunt,
713 569 291 68 disseruimus,

128 618 164 102 IAM
221 618 187 102 uero
338 618 141 102 de
409 618 234 102 specie
573 618 117 102 &
620 618 234 102 numero
784 618 422 102 sacramentorum,
1135 618 164 102 qui
1229 618 211 102 locus
1370 618 352 102 praecedenti
1627 618 141 102 pro-

59 676 195 94 ximus
189 676 173 94 est,
297 676 195 94 uaria
427 676 281 94 disputata
644 676 173 94 sunt
752 676 108 94 a
795 676 368 94 scriptoribus,
1098 676 260 94 postremi
1293 676 260 94 temporis
1488 676 238 94 maxime.
1639 676 130 94 Pri-

69 733 162 86 scis
170 733 142 86 eni
251 733 142 86 res
333 733 183 86 illa,
454 733 203 86 utpote
596 733 284 86 planissima
820 733 426 86 perspectissimaque
1185 733 203 86 paucis
1327 733 345 86 absoluebatur.
1611 733 183 86 Atqui

55 789 290 98 scripturas
283 789 373 98 peruestiganti,
594 789 249 98 uidentur
781 789 166 98 alia
884 789 207 98 quidem
1030 789 249 98 ueteris,
1216 789 166 98 alia
1320 789 166 98 uero
1423 789 166 98 noui
1506 789 249 98 testamenti

57 864 130 60 ac
122 864 216 60 populi
274 864 173 60 esse
382 864 324 60 sacramenta.
641 864 130 60 Et
706 864 238 60 ueteris
879 864 216 60 quidem
1031 864 216 60 populi
1182 864 303 60 sacramenta
1420 864 195 60 fuere
1528 864 238 60 Circunci-

60 907 151 80 fio
147 907 108 80 &
190 907 237 80 Pascha,
363 907 216 80 quibus
514 907 281 80 accessere
729 907 324 80 sacrificia.
988 907 129 80 De
1053 907 216 80 quibus
1204 907 237 80 copiose
1377 907 237 80 diximus
1528 907 237 80 Decadis3.

59 961 238 94 Sermone
232 961 130 94 6.
297 961 281 94 Similiter
514 961 195 94 autem
644 961 195 94 noui,
773 961 130 94 id
838 961 151 94 est
925 961 303 94 Christiani
1163 961 216 94 populi
1314 961 303 94 sacramenta
1531 961 216 94 numerant

67 1016 245 94 literae
245 1016 334 94 apostolicae
512 1016 178 94 duo,
623 1016 290 94 Baptismum
846 1016 111 94 &
891 1016 223 94 Coenam
1047 1016 312 94 dominicam.
1292 1016 134 94 At
1358 1016 223 94 Petrus
1492 1016 245 94 Lombardus

69 1072 209 89 septem
215 1072 251 89 numerat,
404 1072 293 89 Baptismum,
634 1072 355 89 Poenitentiam,
926 1072 355 89 Eucharistiam,
1219 1072 397 89 Confirmationem,
1533 1072 209 89 Extremam

58 1140 337 77 unctionem,
323 1140 265 77 Ordinem
515 1140 120 77 &
563 1140 385 77 Matrimonium.
876 1140 217 77 Hunc,
1020 1140 289 77 sequitur
1237 1140 217 77 totus
1381 1140 192 77 grex
1477 1140 265 77 interpre-

63 1188 157 82 tum
152 1188 112 82 &
197 1188 202 82 turba
332 1188 337 82 theologorum
602 1188 427 82 scholasticorum.
961 1188 270 82 Caeterum
1163 1188 225 82 prisci
1320 1188 270 82 doctores
1500 1188 247 82 ecclesiae

53 1240 180 95 fere
166 1240 203 95 omnes
302 1240 158 95 duo
392 1240 293 95 praecipua
617 1240 338 95 commemorant
888 1240 316 95 sacramenta
1136 1240 113 95 :
1181 1240 203 95 inter
1316 1240 180 95 quos
1429 1240 271 95 Tertull.
1610 1240 135 95 pri-

51 1307 131 81 mo
117 1307 110 81 &
161 1307 219 81 quarto
314 1307 197 81 libro
445 1307 219 81 contra
599 1307 307 81 Martionem,
840 1307 110 81 &
884 1307 131 81 in
949 1307 197 81 libro
1081 1307 131 81 de
1146 1307 219 81 Corona
1300 1307 241 81 militis
1453 1307 285 81 significan-

45 1363 154 87 ter
133 1363 154 87 duo
221 1363 220 87 tantum
375 1363 286 87 recenset,
595 1363 286 87 Baptismum
815 1363 308 87 uidelicet,
1056 1363 110 87 &
1100 1363 374 87 Eucharistiam.
1408 1363 242 87 August,
1562 1363 176 87 quoque

52 1413 177 91 lib,.
170 1413 118 91 de
229 1413 177 91 Doct.
348 1413 217 91 Christ.
505 1413 118 91 3.
564 1413 157 91 cap.
662 1413 118 91 9.
722 1413 217 91 Dominus
879 1413 197 91 signis
1017 1413 138 91 nos
1095 1413 138 91 non
1174 1413 256 91 onerauit,
1371 1413 217 91 inquit,
1528 1413 138 91 sed
1588 1413 157 91 quaea-

49 1467 148 92 dam
134 1467 191 92 pauca
261 1467 148 92 pro
346 1467 233 92 multis,
515 1467 254 92 eademque
706 1467 191 92 factu
833 1467 276 92 facilima,
1045 1467 106 92 &
1088 1467 297 92 intellectu
1321 1467 360 92 augustissima,
1618 1467 106 92 &
1639 1467 106 92 ob-

57 1521 290 84 seruatione
285 1521 311 84 castissima,
533 1521 166 84 ipse
637 1521 228 84 dominus
803 1521 104 84 &
844 1521 290 84 apostolica
1072 1521 248 84 tradidit
1258 1521 311 84 disciplina:
1506 1521 207 84 sicuti
1631 1521 104 84 est

46 1578 275 84 baptismi
252 1578 366 84 sacramentum,
550 1578 115 84 &
596 1578 321 84 celebratio
848 1578 275 84 corporis
1054 1578 115 84 &
1100 1578 298 84 sanguinis
1329 1578 252 84 domini.
1512 1578 183 84 Idem
1604 1578 137 84 rur-

56 1634 149 83 sus
141 1634 128 83 ad
205 1634 277 83 lanuarium
418 1634 213 83 epist.
568 1634 171 83 118.
674 1634 320 83 Sacramentis
930 1634 213 83 numero
1080 1634 341 83 paucissimis,
1357 1634 171 83 ait,
1442 1634 299 83 obseruatione

53 1688 273 88 facilimis,
268 1688 351 88 significatione
561 1688 410 88 praestantissimis,
912 1688 273 88 societatem
1126 1688 156 88 noui
1224 1688 195 88 populi
1360 1688 293 88 colligauit,
1575 1688 156 88 sicuti

49 1759 155 73 est
138 1759 288 73 baptismus
359 1759 311 73 trinitatis
603 1759 222 73 nomine
759 1759 355 73 consecratus,
1047 1759 355 73 communicatio
1336 1759 266 73 corporis
1535 1759 111 73 &
1558 1759 177 73 sangui

50 1815 148 79 nis
134 1815 232 79 ipsius,
303 1815 106 79 &
346 1815 127 79 si
409 1815 169 79 quid
515 1815 190 79 aliud
641 1815 127 79 in
705 1815 296 79 scripturis
937 1815 275 79 canonicis
1149 1815 338 79 commendatur,
1423 1815 254 79 exceptis
1592 1815 127 79 his.

45 1861 178 88 quae
156 1861 311 88 seruitutem
400 1861 222 88 populi
556 1861 267 88 ueteris,
756 1861 155 88 pro
844 1861 333 88 congruentia
1111 1861 222 88 cordis
1267 1861 244 88 illorum
1444 1861 111 88 &
1466 1861 267 88 prophetici

45 1923 284 79 temporis,
264 1923 306 79 onerabant,
504 1923 175 79 quae
614 1923 131 79 in
679 1923 131 79 5.
745 1923 219 79 libris
898 1923 197 79 Mosis
1029 1923 284 79 leguntur.
1248 1923 328 79 Obseruandum
1510 1923 197 79 autem
1620 1923 109 79 ui-

39 1973 190 81 detur
165 1973 169 81 quod
271 1973 148 81 non
355 1973 211 81 dicit,
503 1973 127 81 Et
566 1973 127 81 si
629 1973 169 81 quae
735 1973 169 81 alia
840 1973 127 81 in
904 1973 295 81 scripturis
1136 1973 274 81 canonicis
1346 1973 337 81 comendantur:
1599 1973 127 81 sed,

40 2023 129 98 Et
104 2023 129 98 si
168 2023 172 98 quid
276 2023 215 98 aliud,
426 2023 150 98 &c.
512 2023 129 98 Id
576 2023 172 98 quod
684 2023 193 98 palam
813 2023 215 98 arguit
963 2023 193 98 ipsum
1092 2023 150 98 non
1178 2023 129 98 de
1242 2023 322 98 sacramentis
1500 2023 215 98 loqui,
1629 2023 107 98 sed

40 2092 127 83 de
103 2092 401 83 obseruationibus
441 2092 296 83 quibusdam,
674 2092 106 83 &
716 2092 275 83 usurpatis
927 2092 106 83 &
969 2092 254 83 receptis
1160 2092 127 83 ab
1223 2092 275 83 ecclesia:
1434 2092 211 83 sicuti
1582 2092 106 83 &
1603 2092 127 83 con-

35 2142 298 85 sequentia
264 2142 138 85 in
333 2142 298 85 Augustino
562 2142 206 85 uerba
700 2142 321 85 declarant.
952 2142 229 85 Fateor
1113 2142 206 85 tamen
1250 2142 252 85 ingenue
1434 2142 229 85 eundem
1571 2142 161 85 alibi

43 2196 112 95 &
87 2196 315 95 sacramenti
335 2196 247 95 Ordinis
515 2196 292 95 mentionem
740 2196 225 95 facere
897 2196 112 95 :
942 2196 157 95 ubi
1032 2196 202 95 tamen
1167 2196 202 95 illud
1302 2196 225 95 quoque
1459 2196 180 95 mihi
1549 2196 180 95 expen-

25 2248 237 86 dendum
191 2248 284 86 uidetur,
404 2248 189 86 quod
523 2248 189 86 idem
641 2248 189 86 ille
759 2248 118 86 &
807 2248 284 86 Chrisma,
1020 2248 118 86 &
1067 2248 355 86 Prophetiam,
1351 2248 118 86 &
1399 2248 331 86 Orationem,
1659 2248 118 86 &

23 2312 187 89 alia
139 2312 257 89 quaedam
326 2312 210 89 huius
466 2312 233 89 notae,
630 2312 163 89 non
723 2312 210 89 minus
863 2312 187 89 quam
980 2312 280 89 Ordinem,
1190 2312 327 89 sacramenta
1447 2312 304 89 appellat,
1657 2312 70 89 &

34 2373 168 84 quod
139 2373 337 84 scripturarum
413 2373 295 84 sacramenta
644 2373 168 84 idem
749 2373 231 84 subinde
918 2373 126 84 in
981 2373 147 84 ore
1065 2373 189 84 habet
1191 2373 105 84 :
1233 2373 168 84 unde
1338 2373 210 84 claret
1465 2373 252 84 sacramenti

39 2434 270 72 uocabulum
247 2434 125 72 in
309 2434 208 72 illius
454 2434 249 72 scriptis
641 2434 208 72 aliter
787 2434 125 72 ac
849 2434 208 72 aliter
994 2434 270 72 usurpari.
1202 2434 166 72 Haec
1306 2434 166 72 enim
1410 2434 291 72 sacramenta
1617 2434 104 72 uo-

37 2479 199 78 cauit,
176 2479 159 78 quod
275 2479 298 78 sacrosancta
514 2479 159 78 sint
613 2479 99 78 e
653 2479 218 78 spiritu
812 2479 139 78 dei
891 2479 199 78 sancto
1030 2479 258 78 profecta,
1229 2479 159 78 quod
1328 2479 199 78 sancta
1467 2479 159 78 sint
1566 2479 139 78 dei
1626 2479 99 78 in-

35 2531 229 95 stituta
202 2531 125 95 ab
264 2531 229 95 omnibus
430 2531 270 95 obseruata
638 2531 249 95 sanctis:
825 2531 125 95 ut
888 2531 166 95 haec
991 2531 146 95 iam
1075 2531 270 95 differant
1282 2531 125 95 ab
1345 2531 146 95 ijs
1428 2531 333 95 sacramentis,

36 2588 163 80 quae
138 2588 245 80 actiones
321 2588 204 80 sacrae
464 2588 184 80 sunt,
586 2588 204 80 uerbis
729 2588 102 80 &
770 2588 306 80 caeremonijs
1015 2588 306 80 constantes,
1259 2588 326 80 consortesque
1524 2588 122 80 in
1586 2588 163 80 unam

30 2654 292 75 colligunt
254 2654 337 75 societatem.
524 2654 157 75 Sed
614 2654 112 75 &
659 2654 247 75 Rabanus
838 2654 225 75 Maurus
996 2654 270 75 diligens
1198 2654 292 75 Augustini
1400 2654 337 75 lucubrationum

38 2700 228 77 lector,
204 2700 104 77 &
245 2700 269 77 episcopus
452 2700 311 77 Moguntinus,
701 2700 145 77 lib
784 2700 124 77 de
846 2700 269 77 Institut.
1053 2700 331 77 clericorum1.
1322 2700 166 77 cap.
1425 2700 145 77 24.
1508 2700 166 77 Sunt
1591 2700 145 77 autem

31 2754 321 93 sacramenta,
288 2754 171 93 ait,
395 2754 279 93 Baptismus
609 2754 107 93 &
652 2754 257 93 chrisma,
845 2754 214 93 Corpus
995 2754 107 93 &
1038 2754 257 93 sanguis:
1231 2754 171 93 quae
1338 2754 129 93 ob
1402 2754 129 93 id
1445 2754 257 93 sacramenta

32 2813 273 92 dicuntur,
242 2813 168 92 quia
346 2813 147 92 sub
430 2813 273 92 tegumento
640 2813 314 92 corporalium
891 2813 210 92 rerum,
1038 2813 210 92 uirtus
1185 2813 210 92 diuina
1332 2813 273 92 secretius
1520 2813 189 92 salutem

40 2871 249 91 eorundem
227 2871 353 91 sacramentorum
518 2871 270 91 operatur:
726 2871 166 91 unde
830 2871 104 91 &
872 2871 104 91 a
913 2871 249 91 secretis
1100 2871 291 91 uirtutibus
1329 2871 146 91 uel
1412 2871 229 91 sacris,
1558 2871 166 91 sacra-

29 2933 188 106 menta
154 2933 271 106 dicuntur.
363 2933 229 106 Floruit
530 2933 146 106 hic
613 2933 188 106 circa
738 2933 188 106 annum
863 2933 209 106 domini
1009 2933 167 106 830.
1113 2933 125 106 ut
1176 2933 146 106 uel
1259 2933 167 106 hinc
1364 2933 271 106 colligere
1551 2933 167 106 liceat
