2288 3632
57 254 178 112 diam
168 254 111 112 &
212 254 288 112 potentiam
434 254 178 112 dei,
545 254 178 112 quae
656 254 244 112 denique
833 254 155 112 non
922 254 288 112 contemnat
1144 254 155 112 aut
1233 254 244 112 respuat
1388 254 333 112 institutionem

61 332 166 84 dei,
165 332 187 84 licet
290 332 125 84 in
352 332 229 84 speciem
519 332 187 84 uilis
644 332 104 84 &
685 332 270 84 contempta
893 332 270 84 uideatur.
1101 332 270 84 Apparebit
1309 332 146 84 hoc
1392 332 229 84 clarius
1559 332 125 84 in
1600 332 125 84 exem

52 387 150 86 plo
137 387 236 86 Naamani
309 387 258 86 magistri
502 387 236 86 militum
674 387 193 86 regis
803 387 236 86 Syriae.
975 387 129 86 Is
1039 387 193 86 audit
1168 387 107 86 a
1211 387 279 86 propheta,
1425 387 172 86 haud
1533 387 193 86 dubie
1640 387 86 86 ex

65 451 269 75 praecepto
272 451 228 75 domini,
438 451 228 75 septies
603 451 186 75 lauet
728 451 124 75 in
790 451 248 75 Iordane:
976 451 145 75 sic
1059 451 166 75 enim
1162 451 248 75 futurum,
1348 451 124 75 ut
1411 451 248 75 mundetur
1597 451 103 75 a
1618 451 103 75 le-

63 506 179 81 pra.
175 506 202 81 Audis
309 506 157 81 hic
399 506 246 81 uerbum,
578 506 314 81 uoluntatem
824 506 224 81 inquam
981 506 112 81 &
1026 506 314 81 praeceptum
1272 506 157 81 dei
1362 506 112 81 :
1406 506 157 81 non
1496 506 202 81 audis
1608 506 112 81 au-

64 564 145 74 tem
147 564 166 74 ulla
251 564 186 74 uerba
375 564 249 74 recitari
561 564 145 74 uel
644 564 186 74 super
768 564 249 74 lordane,
955 564 145 74 uel
1038 564 186 74 super
1162 564 249 74 Naamano,
1348 564 145 74 uel
1431 564 166 74 ulla
1535 564 186 74 uerba
1638 564 83 74 Na

57 617 182 80 amano
178 617 101 80 a
219 617 243 80 propheta
401 617 304 80 praescribi,
644 617 162 80 quae
745 617 162 80 ipse
846 617 243 80 recitet,
1028 617 202 80 quibus
1170 617 263 80 uidelicet
1372 617 182 80 aquae
1493 617 223 80 indatur
1635 617 81 80 pu

51 670 288 77 rificandi
272 670 177 77 uis.
383 670 310 77 Obtemperat
627 670 155 77 per
716 670 199 77 fidem
849 670 288 77 praecepto
1070 670 155 77 dei
1159 670 244 77 Naaman,
1336 670 111 77 &
1381 670 266 77 mundatur
1580 670 111 77 a
1602 670 111 77 le-

55 734 166 76 pra,
159 734 145 76 non
242 734 145 76 suo
324 734 207 76 quidem
469 734 228 76 merito,
635 734 145 76 aut
718 734 186 76 aquae
842 734 248 76 lordanis
1028 734 290 76 beneficio,
1256 734 145 76 sed
1338 734 228 76 uirtute
1504 734 145 76 dei
1587 734 103 76 &
1608 734 103 76 fi-

59 788 171 79 deli
166 788 321 79 obedientia.
423 788 278 79 Mundantur
637 788 107 79 &
679 788 128 79 in
744 788 278 79 euangelio
958 788 235 79 seprosi
1129 788 150 79 non
1215 788 214 79 pauci,
1364 788 235 79 uirtute
1536 788 214 79 inquam

53 828 104 92 &
95 828 269 92 uoluntate
302 828 228 92 Christi
468 828 207 92 domini
613 828 249 92 fideique
799 828 228 92 gratia,
965 828 145 92 non
1048 828 166 92 ulla
1152 828 373 92 pronunciatione
1462 828 145 92 uel
1525 828 186 92 recita-

44 894 197 86 tione
175 894 284 86 uerborum.
394 894 197 86 Dixit
525 894 175 86 sane
634 894 262 86 dominus,
831 894 197 86 Volo,
962 894 219 86 mundus
1115 894 175 86 esto
1224 894 109 86 :
1268 894 262 86 caeterum
1465 894 131 86 si
1530 894 175 86 quis
1618 894 109 86 ho-

54 952 142 85 die
135 952 182 85 eadem
256 952 263 85 recitarit
458 952 182 85 etiam
580 952 223 85 centies
742 952 182 85 super
863 952 223 85 seproso
1025 952 223 85 aliquo,
1187 952 182 85 nihil
1308 952 283 85 effecerit.
1531 952 162 85 Vnde
1612 952 101 85 per

54 1001 214 84 spicuum
209 1001 156 84 est,
307 1001 195 84 uerbis
443 1001 195 84 nullam
579 1001 156 84 esse
677 1001 136 84 uim
755 1001 214 84 inditam
910 1001 253 84 sanitatis
1105 1001 312 84 effectricem,
1358 1001 117 84 si
1397 1001 312 84 pronuncientur.

141 1052 260 82 Dixerunt
337 1052 174 82 sane
445 1052 260 82 apostoli
640 1052 130 82 ad
705 1052 260 82 aegrotos
901 1052 304 82 languentes
1139 1052 108 82 &
1183 1052 260 82 claudos,
1378 1052 130 82 In
1443 1052 217 82 nomine
1595 1052 174 82 domi

44 1116 128 92 ni
108 1116 170 92 Iesu
214 1116 234 92 surgite
384 1116 106 92 &
427 1116 277 92 ambulate:
639 1116 128 92 ac
703 1116 319 92 surrexerunt
958 1116 213 92 quidem
1107 1116 234 92 sanati:
1277 1116 149 92 sed
1362 1116 149 92 non
1448 1116 255 92 uerborum
1618 1116 106 92 be-

46 1171 231 85 neficio
214 1171 252 85 seruati,
403 1171 189 85 uerum
529 1171 231 85 nomine,
697 1171 252 85 potentia
886 1171 210 85 inquam
1033 1171 105 85 &
1075 1171 231 85 uirtute
1243 1171 252 85 Christi.
1432 1171 210 85 Petrus
1579 1171 168 85 enim

44 1239 154 85 qui
132 1239 132 85 ad
198 1239 242 85 claudum
374 1239 352 85 Hierosolymis
659 1239 264 85 dixerat.
857 1239 132 85 In
923 1239 220 85 nomine
1077 1239 176 85 Iesu
1187 1239 242 85 Christi
1362 1239 264 85 Nazareni
1538 1239 154 85 surge

54 1284 113 91 &
98 1284 248 91 ambula,
279 1284 203 91 coram
414 1284 225 91 senatu
571 1284 450 91 Hierosolymitano,
954 1284 315 91 Examinamur
1201 1284 203 91 hodie
1336 1284 135 91 de
1404 1284 158 91 eo,
1494 1284 248 91 inquit,

47 1344 165 87 quod
150 1344 350 87 benefecerimus
439 1344 247 87 infirmo,
624 1344 144 87 qua
707 1344 227 87 ratione
872 1344 165 87 iste
975 1344 206 87 saluus
1119 1344 206 87 factus
1263 1344 144 87 sit
1346 1344 103 87 :
1387 1344 185 87 notum
1511 1344 144 87 sit
1572 1344 124 87 ergo

43 1401 239 76 omnibus
217 1401 218 76 uobis,
370 1401 174 76 quod
478 1401 152 76 per
565 1401 196 76 nomen
696 1401 174 76 Iesu
805 1401 239 76 Christi
979 1401 283 76 Nazareni,
1197 1401 174 76 iste
1305 1401 196 76 astat
1436 1401 196 76 coram
1545 1401 152 76 uobis

38 1444 219 94 sanus.
191 1444 131 94 Et
257 1444 131 94 ad
323 1444 241 94 populum
498 1444 197 94 idem,
630 1444 153 94 Per
717 1444 263 94 fiduciam
914 1444 241 94 nominis
1090 1444 197 94 eius,
1221 1444 241 94 inquit,
1396 1444 175 94 hunc
1506 1444 175 94 quem
1593 1444 110 94 ui-

46 1514 182 83 detis
167 1514 121 83 ac
228 1514 222 83 nostis,
389 1514 303 83 confirmauit
632 1514 182 83 nomen
753 1514 222 83 ipsius,
914 1514 101 83 &
955 1514 182 83 fides
1076 1514 162 83 quae
1177 1514 141 83 per
1258 1514 141 83 eum
1338 1514 162 83 est,
1439 1514 182 83 dedit
1561 1514 121 83 ei
1601 1514 101 83 in-

43 1563 289 85 tegritatem
271 1563 207 85 istam.
415 1563 269 85 Praeterea
622 1563 227 85 legimus
788 1563 124 85 in
850 1563 186 85 Actis
974 1563 331 85 apostolorum,
1242 1563 207 85 filios
1387 1563 248 85 cuiusdam
1553 1563 165 85 Sceuae

40 1616 301 91 sacerdotis
277 1616 301 91 exorcistas
514 1616 258 91 inuocare
707 1616 194 91 nomen
836 1616 215 91 domini
987 1616 172 91 Iesu
1095 1616 194 91 super
1224 1616 151 91 eos
1310 1616 151 91 qui
1396 1616 258 91 habebant
1568 1616 129 91 dae-

51 1682 206 70 monia:
195 1682 164 70 haec
298 1682 164 70 uero
401 1682 164 70 adeo
504 1682 144 70 non
586 1682 247 70 cessisse
771 1682 308 70 exorcismis,
1018 1682 123 70 ut
1079 1682 185 70 magis
1203 1682 123 70 in
1264 1682 288 70 exorcistas
1470 1682 226 70 insurgen-

42 1740 142 67 tia
123 1740 182 67 illos
244 1740 162 67 fere
346 1740 122 67 ad
407 1740 203 67 mortem
549 1740 182 67 usque
670 1740 304 67 mulctarint.
913 1740 142 67 Vbi
994 1740 324 67 apertissimum
1258 1740 142 67 est
1339 1740 284 67 exorcistas
1562 1740 182 67 eadem

41 1783 171 84 fere
147 1783 171 84 usos
254 1783 171 84 esse
361 1783 256 84 formula,
553 1783 149 84 qua
638 1783 277 84 utebantur
851 1783 256 84 apostoli
1044 1783 107 84 (
1086 1783 149 84 nam
1172 1783 149 84 per
1257 1783 192 84 nomen
1385 1783 213 84 domini
1513 1783 192 84 Iesuten

37 1846 221 77 tabant
192 1846 243 77 eijcere
369 1846 266 77 demonem)
568 1846 155 77 hoc
657 1846 199 77 autem
789 1846 155 77 cum
878 1846 155 77 non
967 1846 310 77 potuerunt,
1210 1846 177 77 quis
1321 1846 155 77 non
1409 1846 221 77 uideat
1542 1846 155 77 uerba

38 1902 315 66 pronunciata
290 1902 189 66 nihil
416 1902 210 66 posse?
563 1902 147 66 Nec
647 1902 210 66 obstat
794 1902 147 66 hic
878 1902 273 66 quicquam,
1088 1902 168 66 quod
1193 1902 294 66 exorcistae
1424 1902 168 66 illi
1508 1902 189 66 fuerunt

37 1961 305 88 increduli.
277 1961 153 88 Nam
364 1961 174 88 apud
473 1961 196 88 omnes
604 1961 370 88 receptissimum
909 1961 174 88 est,
1018 1961 305 88 sacramenta
1257 1961 153 88 non
1344 1961 196 88 minus
1453 1961 240 88 efficatia

31 2004 174 89 esse
140 2004 152 89 per
227 2004 196 89 malos
358 2004 349 89 administrata
641 2004 283 89 ministros
859 2004 174 89 quam
968 2004 152 89 per
1033 2004 218 89 optimos.

97 2065 124 92 At
159 2065 269 92 obiicitur
366 2065 145 92 hic
449 2065 186 92 nobis
573 2065 186 92 illud
697 2065 269 92 apostoli,
904 2065 248 92 Christus
1090 2065 248 92 exposuit
1277 2065 290 92 semetipsum
1504 2065 145 92 pro
1566 2065 145 92 eccle

37 2115 165 79 sia,
141 2115 124 79 ut
203 2115 186 79 illam
326 2115 351 79 sanctificaret
616 2115 248 79 mundatam
801 2115 227 79 lauacro
967 2115 186 79 aquae
1091 2115 145 79 per
1173 2115 227 79 uerbum,
1338 2115 145 79 uel
1421 2115 124 79 in
1483 2115 207 79 uerbo.
1607 2115 103 79 Si-

35 2183 252 75 quidem,
218 2183 160 75 En,
310 2183 298 75 inquiunt,
539 2183 298 75 mundantur
768 2183 252 75 homines
952 2183 183 75 aqua
1066 2183 298 75 baptismi,
1296 2183 183 75 quae
1410 2183 138 75 ex
1479 2183 206 75 uerbo
1593 2183 115 75 uim

40 2234 175 74 habet
156 2234 331 74 sanctificandi
429 2234 233 74 inditam:
604 2234 195 74 uerbis
740 2234 195 74 itaque
876 2234 136 74 uim
954 2234 331 74 sanctificandi
1226 2234 195 74 inesse
1362 2234 214 74 necesse
1518 2234 156 74 est.
1596 2234 97 74 Cae

33 2296 198 73 terum
165 2296 287 73 euincemus
386 2296 287 73 perspicua
606 2296 419 73 demonstratione,
959 2296 154 73 non
1047 2296 154 73 hoc
1135 2296 264 73 sensisse
1333 2296 309 73 apostolum,
1554 2296 132 73 quod

33 2343 159 96 illi
132 2343 218 96 putant.
291 2343 298 96 Praescribit
529 2343 258 96 apostolus
728 2343 298 96 Christianis
966 2343 278 96 coniugibus
1184 2343 218 96 officia
1343 2343 159 96 sua:
1442 2343 119 96 ad
1502 2343 159 96 quam
1601 2343 139 96 rem

32 2404 335 70 illustrandam
304 2404 209 70 utitur
451 2404 230 70 exemplo
619 2404 230 70 Christi
786 2404 105 70 &
828 2404 293 70 ecclesiae,
1059 2404 230 70 Christi
1226 2404 168 70 erga
1331 2404 272 70 ecclesiam
1519 2404 168 70 commen

34 2462 170 74 dans
140 2462 254 74 insignem
331 2462 191 74 illam
458 2462 339 74 dilectionem,
734 2462 148 74 qua
818 2462 318 74 inflammatus
1073 2462 297 74 exposuerit
1306 2462 170 74 sese
1412 2462 148 74 pro
1497 2462 191 74 ipsa,
1603 2462 85 74 in

29 2505 152 92 hoc
116 2505 130 92 ut
181 2505 261 92 purgatam
377 2505 109 92 &
420 2505 283 92 gloriosam
638 2505 174 92 sibi
746 2505 239 92 sponsam
920 2505 326 92 adiungeret:
1181 2505 152 92 ubi
1268 2505 217 92 obiter
1420 2505 261 92 mundandi
1594 2505 87 92 mo

21 2573 151 85 dum
108 2573 259 85 indicat.
302 2573 151 85 Nam
388 2573 173 85 ipse
496 2573 237 85 dominus
669 2573 216 85 Iesus,
820 2573 237 85 inquit,
992 2573 194 85 illam
1122 2573 280 85 mundauit.
1337 2573 216 85 Solius
1488 2573 173 85 enim
1575 2573 129 85 Chri

28 2624 149 69 sti
113 2624 149 69 est
198 2624 255 69 purgare.
389 2624 149 69 lam
474 2624 255 69 sequitur
666 2624 213 69 modus,
815 2624 234 69 Lauacro
985 2624 191 69 aquae
1113 2624 149 69 per
1198 2624 234 69 uerbum:
1368 2624 170 69 quod
1474 2624 170 69 quia
1559 2624 128 69 bre-

29 2682 192 80 uiter
157 2682 213 80 dictum
306 2682 171 80 est,
413 2682 256 80 nonnihil
605 2682 341 80 obscuritatis
882 2682 213 80 habet.
1032 2682 149 80 Duo
1117 2682 192 80 autem
1245 2682 320 80 commemorat,
1501 2682 171 80 quae
1586 2682 107 80 do-

34 2741 212 74 minus
176 2741 189 74 suis
294 2741 260 74 adhibet
483 2741 330 74 mundandis,
742 2741 283 74 Lauacrum
955 2741 212 74 aquae
1096 2741 118 74 &
1143 2741 260 74 Verbum.
1332 2741 283 74 Lauacrum
1521 2741 165 74 aquae

39 2794 262 75 baptismus
241 2794 161 75 est,
341 2794 222 75 externa
503 2794 262 75 uidelicet
705 2794 202 75 actio,
846 2794 242 75 internae
1027 2794 383 75 purificationis,
1350 2794 202 75 gratia
1491 2794 101 75 &
1511 2794 182 75 spiritu

38 2846 140 78 dei
118 2846 220 78 factae,
278 2846 340 78 testificatio:
559 2846 180 78 iuxta
679 2846 200 78 illud,
819 2846 240 78 Secundum
999 2846 160 78 suam
1099 2846 340 78 misericordiam
1380 2846 200 78 saluos
1520 2846 140 78 nos
1580 2846 120 78 fe-

33 2907 142 96 cit
114 2907 142 96 per
195 2907 244 96 lauacrum
378 2907 366 96 regenerationis
683 2907 122 96 ac
744 2907 325 96 renouationis
1008 2907 244 96 spiritus
1191 2907 224 96 sancti,
1354 2907 163 96 quem
1455 2907 224 96 effudit
1597 2907 102 96 in
