2288 3632
530 277 156 102 nos
619 277 290 102 opulente,
842 277 156 102 per
931 277 201 102 Iesum
1065 277 268 102 Christum
1266 277 312 102 seruatorem
1512 277 268 102 nostrum.
1712 277 156 102 Per
1779 277 402 102 interpretationem

522 354 169 85 enim
627 354 274 85 subijcit,
838 354 127 85 Ac
902 354 337 85 renouationis
1176 354 253 85 spiritus
1366 354 232 85 sancti,
1534 354 190 85 cuius
1661 354 211 85 quidem
1808 354 253 85 symbolum
1998 354 148 85 est
2061 354 127 85 laua

533 404 169 87 crum
638 404 211 87 aquae.
786 404 190 87 Porro
912 404 211 87 Verbum
1060 404 147 87 est
1144 404 169 87 ipsa
1249 404 274 87 euangelij
1460 404 337 87 praedicatio,
1734 404 316 87 testificans
1986 404 211 87 gratia
2113 404 63 87 &

538 463 334 81 misericordia
809 463 208 81 patris
955 463 188 81 datum
1080 463 188 81 nobis
1205 463 167 81 esse
1309 463 208 81 filium
1455 463 313 81 unigenitum,
1706 463 146 81 qui
1789 463 250 81 traditus
1977 463 146 81 pro
2039 463 146 81 pecca

535 516 135 87 tis
612 516 231 87 nostris,
785 516 250 87 credentes
978 516 250 87 effecerit
1170 516 231 87 haeredes
1344 516 173 87 uitae
1459 516 231 87 aeternae
1632 516 96 87 :
1671 516 116 87 ut
1729 516 135 87 iam
1806 516 154 87 haec
1902 516 173 87 Pauli
2018 516 173 87 uerba
2114 516 77 87 ad

533 571 225 97 Ephes.
690 571 135 97 5.
757 571 292 97 congruant
982 571 157 97 cum
1071 571 157 97 hoc
1161 571 292 97 praecepto
1386 571 225 97 domini
1543 571 180 97 apud
1655 571 135 97 S.
1723 571 247 97 Marcum,
1902 571 157 97 Ite
1992 571 135 97 in
2037 571 157 97 orbem

538 634 295 87 uniuersum,
770 634 105 87 &
812 634 295 87 praedicate
1044 634 295 87 euangelium
1276 634 169 87 omni
1381 634 274 87 creaturae
1592 634 105 87 :
1634 634 148 87 qui
1718 634 295 87 crediderit
1950 634 105 87 &
1971 634 211 87 baptisa-

541 684 149 84 tus
626 684 235 84 fuerit,
797 684 214 84 saluus
946 684 171 84 erit
1053 684 149 84 &c.
1139 684 149 84 Nam
1224 684 149 84 his
1309 684 214 84 quoque
1459 684 256 84 adumbrat
1651 684 235 84 dominus
1822 684 235 84 salutis
1993 684 192 84 modum
2121 684 107 84 &

541 747 260 80 rationem,
741 747 160 80 quod
841 747 160 80 ipse
941 747 180 80 solus
1061 747 160 80 sit,
1161 747 140 80 qui
1241 747 200 80 purget
1381 747 140 80 per
1461 747 180 80 fidem
1581 747 100 80 :
1621 747 180 80 uelit
1741 747 240 80 interim,
1921 747 120 80 ut
1961 747 220 80 credentes

533 814 258 70 baptismo
727 814 366 70 consignentur,
1029 814 108 70 &
1072 814 194 70 palam
1201 814 323 70 praedicetur
1460 814 129 70 in
1524 814 194 70 orbe,
1654 814 172 70 quod
1761 814 172 70 ipse
1869 814 151 70 sit
1955 814 151 70 qui
2020 814 172 70 condo-

542 853 151 86 net
629 853 259 86 peccata,
823 853 108 86 &
867 853 195 86 donet
996 853 195 86 etiam
1126 853 216 86 gratis
1277 853 195 86 uitam
1407 853 281 86 aeternam.
1623 853 173 86 Haec
1731 853 195 86 autem
1861 853 195 86 omnia
1990 853 173 86 quid
2077 853 108 86 oro

546 907 221 95 faciunt
707 907 121 95 ad
767 907 221 95 illorum
928 907 302 95 institutum,
1170 907 141 95 qui
1251 907 242 95 Paulinis
1432 907 201 95 uerbis
1573 907 242 95 euincere
1754 907 221 95 uolunt,
1915 907 201 95 uerbis
2036 907 161 95 inesse

544 970 149 79 uim
629 970 384 79 sanctificantem
949 970 299 79 baptismum?
1184 970 277 79 Elucidant
1397 970 213 79 nostra
1547 970 192 79 adhuc
1675 970 235 79 clarius
1846 970 171 79 haec
1952 970 213 79 domini
2080 970 107 79 uer

540 1022 125 84 ba
603 1022 125 84 ad
665 1022 272 84 apostolos
874 1022 167 84 suos
979 1022 209 84 dicta,
1125 1022 146 84 Iam
1208 1022 188 84 mundi
1334 1022 188 84 estis
1459 1022 230 84 propter
1626 1022 272 84 sermonem,
1835 1022 167 84 quem
1939 1022 167 84 dixi
2023 1022 167 84 uobis.

550 1076 127 87 An
613 1076 169 87 enim
719 1076 148 87 hic
804 1076 233 87 dicemus
973 1076 233 87 propter
1142 1076 190 87 uerba
1269 1076 233 87 Christi
1438 1076 254 87 recitata
1629 1076 254 87 purgatos
1819 1076 169 87 esse
1925 1076 233 87 Christi
2073 1076 127 87 apo-

548 1148 216 72 stolos:
706 1148 157 72 quid
804 1148 197 72 iraque
942 1148 157 72 opus
1040 1148 157 72 erat
1138 1148 177 72 ipsum
1256 1148 256 72 postridie
1453 1148 256 72 crucifigi
1649 1148 98 72 &
1689 1148 177 72 mori?
1807 1148 118 72 An
1866 1148 118 72 ut
1925 1148 197 72 uerbis
2062 1148 177 72 illam

550 1190 295 95 potestatem
781 1190 316 95 impetraret:
1034 1190 189 95 Omnis
1160 1190 210 95 itaque
1307 1190 210 95 gloria
1455 1190 210 95 uerbis
1602 1190 189 95 porro
1728 1190 358 95 uindicabitur.
2023 1190 126 95 An
2065 1190 126 95 uero

548 1253 148 74 non
632 1253 190 74 magis
759 1253 211 74 dictat
907 1253 190 74 fides
1034 1253 106 74 &
1076 1253 211 74 pietas
1224 1253 148 74 per
1309 1253 254 74 Sermonem
1499 1253 211 74 domini
1647 1253 190 74 illud
1773 1253 359 74 intelligendum
2048 1253 148 74 esse,

546 1300 170 96 quod
652 1300 361 96 praedicatione
949 1300 212 96 domini
1098 1300 319 96 explicatur,
1353 1300 170 96 mors
1459 1300 127 96 et
1523 1300 276 96 redemptio
1735 1300 255 96 Christi,
1926 1300 149 96 cui
2011 1300 234 96 quoniam

543 1373 334 66 crediderunt,
814 1373 292 66 purificati
1044 1373 188 66 sunt.
1169 1373 188 66 Alibi
1294 1373 167 66 enim
1398 1373 209 66 dicit,
1544 1373 167 66 Fide
1649 1373 292 66 purificans
1878 1373 188 66 corda
1982 1373 209 66 ipsorum.

539 1415 241 78 Proinde
714 1415 197 78 error
845 1415 131 78 in
911 1415 131 78 eo
977 1415 284 78 uersatur,
1196 1415 175 78 quod
1305 1415 153 78 non
1392 1415 197 78 recte
1524 1415 263 78 iudicant
1721 1415 131 78 de
1786 1415 197 78 uerbo
1918 1415 153 78 aut
1983 1415 219 78 sermone.

543 1469 225 84 Dominus
706 1469 164 84 enim
809 1469 246 84 loquitur
993 1469 123 84 de
1054 1469 286 84 praedicato
1279 1469 102 84 &
1320 1469 246 84 credito:
1504 1469 164 84 illi
1607 1469 307 84 intelligunt
1852 1469 123 84 de
1914 1469 327 84 pronunciato,

551 1524 198 89 quasi
683 1524 154 89 sic
771 1524 154 89 uim
858 1524 219 89 habeat
1012 1524 132 89 ex
1078 1524 219 89 domino
1231 1524 395 89 sanctificandi.
1561 1524 263 89 Nobiscum
1758 1524 198 89 facit
1890 1524 110 89 &
1934 1524 132 89 S.
1978 1524 219 89 Augusti-

555 1591 157 71 nus,
654 1591 137 71 qui
732 1591 216 71 Tracta.
889 1591 118 71 in
948 1591 177 71 Ioan.
1066 1591 137 71 80.
1144 1591 157 71 Vnde
1242 1591 177 71 ista,
1360 1591 216 71 inquit,
1517 1591 177 71 tanta
1635 1591 196 71 uirtus
1772 1591 196 71 aquae,
1910 1591 118 71 ut
1968 1591 196 71 corpus
2086 1591 118 71 tan-

549 1651 161 78 gat,
649 1651 100 78 &
690 1651 141 78 cor
770 1651 221 78 abluat,
931 1651 161 78 nisi
1031 1651 241 78 faciente
1212 1651 201 78 uerbo.
1353 1651 141 78 Non
1433 1651 161 78 quia
1534 1651 241 78 dicitur,
1715 1651 141 78 sed
1795 1651 161 78 quia
1896 1651 261 78 creditur.
2097 1651 141 78 Nam

543 1687 105 89 &
585 1687 126 89 in
648 1687 168 89 ipso
753 1687 189 89 uerbo
880 1687 189 89 aliud
1006 1687 147 89 est
1090 1687 189 89 sonus
1216 1687 295 89 transiens,
1448 1687 189 89 aliud
1574 1687 210 89 uirtus
1721 1687 231 89 manens.
1889 1687 147 89 Hoc
1974 1687 147 89 est
2037 1687 168 89 uerbum

545 1747 181 82 fidei
666 1747 161 82 quod
767 1747 323 82 praedicamus,
1029 1747 141 82 ait
1109 1747 282 82 apostolus,
1331 1747 161 82 quia
1432 1747 121 82 si
1492 1747 262 82 confessus
1694 1747 202 82 fueris
1835 1747 141 82 ore
1916 1747 161 82 tuo,
2017 1747 161 82 quod
2097 1747 101 82 do-

541 1801 184 91 minus
663 1801 143 91 est
745 1801 205 91 Iesus,
889 1801 102 91 &
930 1801 287 91 credideris
1155 1801 123 91 in
1217 1801 184 91 corde
1340 1801 164 91 tuo,
1442 1801 164 91 quia
1544 1801 184 91 illum
1667 1801 266 91 excitauit
1872 1801 102 91 a
1913 1801 246 91 mortuis,
2077 1801 123 91 sal-

548 1869 145 72 uus
631 1869 186 72 eris.
755 1869 186 72 Corde
880 1869 166 72 enim
983 1869 249 72 creditur
1170 1869 124 72 ad
1232 1869 290 72 iustitiam,
1459 1869 145 72 ore
1542 1869 186 72 autem
1667 1869 145 72 fit
1749 1869 269 72 confessio
1956 1869 124 72 ad
1998 1869 207 72 salutem,

554 1920 180 75 Vnde
667 1920 135 75 in
735 1920 248 75 Actibus
915 1920 338 75 apostolorum
1185 1920 270 75 legimus,
1388 1920 180 75 Fide
1501 1920 248 75 mundans
1681 1920 203 75 corda
1816 1920 225 75 eorum.
1974 1920 135 75 Et
2041 1920 135 75 in
2086 1920 113 75 epi

542 1971 179 80 stola
662 1971 139 80 sua
741 1971 199 80 beatus
881 1971 219 80 Petrus,
1040 1971 139 80 Sic
1120 1971 100 80 &
1159 1971 159 80 nos,
1259 1971 219 80 inquit,
1418 1971 239 80 baptisma
1598 1971 199 80 saluos
1737 1971 199 80 facit,
1876 1971 139 80 non
1956 1971 199 80 carnis
2076 1971 119 80 depo

555 2025 190 85 sitio
682 2025 254 85 sordium,
872 2025 148 85 sed
956 2025 338 85 conscientiae
1231 2025 190 85 bonae
1358 2025 359 85 interrogatio.
1654 2025 148 85 Hoc
1738 2025 148 85 est
1823 2025 211 85 uerbum
1971 2025 190 85 fidei
2076 2025 127 85 quod

549 2082 343 91 praedicamus,
827 2082 150 91 quo
913 2082 171 91 sine
1020 2082 193 91 dubio
1148 2082 128 91 ut
1212 2082 235 91 mundare
1384 2082 214 91 possit
1533 2082 321 91 consecratur
1790 2082 107 91 &
1833 2082 300 91 baptismus.
2047 2082 150 91 Chri-

557 2141 164 84 stus
659 2141 205 84 quippe
802 2141 245 84 nobiscum
986 2141 205 84 uitis,
1129 2141 143 84 cum
1211 2141 184 84 patre
1334 2141 266 84 agricola,
1538 2141 225 84 dilexit
1702 2141 286 84 ecclesiam,
1927 2141 102 84 &
1948 2141 245 84 semetipsum

555 2205 254 74 tradidit
745 2205 148 74 pro
830 2205 148 74 ea.
914 2205 169 74 Lege
1020 2205 296 74 apostolum,
1252 2205 106 74 &
1294 2205 169 74 uide
1400 2205 169 74 quid
1506 2205 275 74 adiungat,
1717 2205 127 74 Vt
1780 2205 148 74 eam
1865 2205 380 74 sanctificaret,

554 2258 171 71 ait,
661 2258 236 71 mundans
832 2258 150 71 eam
918 2258 236 71 lauacro
1089 2258 193 71 aquae
1218 2258 129 71 in
1282 2258 214 71 uerbo.
1432 2258 257 71 Mundatio
1625 2258 214 71 itaque
1775 2258 279 71 nequaquam
1968 2258 236 71 tribuere-

550 2309 145 80 tur
633 2309 186 80 fluxo
757 2309 103 80 &
798 2309 206 80 labili
943 2309 248 80 elemento
1128 2309 165 80 nisi
1232 2309 268 80 adderetur
1438 2309 124 80 in
1500 2309 206 80 uerbo.
1645 2309 124 80 Et
1707 2309 248 80 reliqua.
1892 2309 248 80 Hucusque
2078 2309 165 80 enim

555 2363 128 80 S.
619 2363 278 80 Augustini
833 2363 193 80 uerba
961 2363 278 80 recensui,
1175 2363 150 80 non
1261 2363 171 80 quod
1368 2363 214 80 humano
1517 2363 235 80 innitar
1689 2363 300 80 testimonio
1924 2363 150 80 aut
2009 2363 150 80 hoc
2074 2363 128 80 quem

550 2416 173 95 quam
659 2416 217 95 urgere
810 2416 217 95 uelim,
962 2416 152 95 aut
1049 2416 173 95 ipse
1157 2416 217 95 humano
1309 2416 195 95 premi
1439 2416 282 95 sustineam
1655 2416 325 95 testimonio,
1915 2416 152 95 sed
2002 2416 173 95 quod
2089 2416 108 95 his

558 2487 271 74 testimonia
771 2487 213 74 aliquot
926 2487 271 74 scriptures
1139 2487 116 74 de
1197 2487 174 74 uerbo
1313 2487 329 74 testificantia
1585 2487 252 74 collegit,
1779 2487 116 74 ex
1837 2487 194 74 quibus
1953 2487 252 74 intelligere

552 2533 265 91 possumus
751 2533 221 91 uerbum
905 2533 199 91 fidei
1037 2533 353 91 praedicatum,
1324 2533 110 91 &
1368 2533 154 91 non
1457 2533 287 91 recitatum
1677 2533 154 91 aut
1766 2533 375 91 pronunciatum,
2053 2533 154 91 acci-

547 2584 127 95 pi
610 2584 276 95 oportere.
823 2584 170 95 Hoc,
929 2584 234 95 inquam,
1099 2584 212 95 uerbum
1247 2584 170 95 uere
1354 2584 234 95 purgat,
1524 2584 127 95 id
1587 2584 149 95 est
1672 2584 212 95 gratia
1821 2584 255 95 Christi,
2012 2584 127 95 in
2076 2584 170 95 quam

544 2643 191 87 unice
671 2643 106 87 &
714 2643 213 87 uerbum
863 2643 106 87 &
905 2643 191 87 fides
1033 2643 276 87 intendit,
1245 2643 298 87 purificat.
1479 2643 170 87 Ideo
1585 2643 170 87 enim
1692 2643 170 87 ille
1798 2643 234 87 diserte
1968 2643 213 87 dixit,
2096 2643 106 87 Non

546 2693 164 92 quia
648 2693 246 92 dicitur,
832 2693 143 92 sed
914 2693 164 92 quia
1016 2693 266 92 creditur.
1221 2693 205 92 Deinde
1364 2693 205 92 Verbum
1507 2693 184 92 fidei
1630 2693 164 92 est,
1732 2693 225 92 inquit,
1896 2693 164 92 quod
1978 2693 225 92 praedica-

539 2757 168 82 mus,
644 2757 294 82 Praeterea,
875 2757 189 82 Verbo
1001 2757 210 82 fidei,
1148 2757 231 82 inquit,
1316 2757 315 82 consecratur
1569 2757 294 82 baptismus,
1800 2757 126 82 ut
1863 2757 231 82 mundare
2010 2757 189 82 possit.

560 2808 162 83 Quod
661 2808 162 83 quid
762 2808 182 83 aliud
884 2808 162 83 est,
985 2808 162 83 quam
1087 2808 122 83 si
1147 2808 263 83 dixisset,
1350 2808 182 83 Ipsum
1472 2808 182 83 fidei
1593 2808 243 83 negotium
1775 2808 223 83 efficit
1938 2808 122 83 ut
1978 2808 223 83 baptismus

538 2866 150 89 sit
623 2866 257 89 efficax?
816 2866 257 89 Sequitur
1008 2866 193 89 enim,
1137 2866 257 89 Mundatio
1329 2866 214 89 itaque
1479 2866 278 89 nequaquam
1693 2866 193 89 fluxo
1821 2866 257 89 elemento
1992 2866 214 89 tribuere

543 2945 156 81 tur,
640 2945 156 81 nisi
737 2945 273 81 adderetur,
951 2945 117 81 in
990 2945 156 81 uerbo.
