2288 3632
473 304 232 96 omnibus
642 304 169 96 quae
747 304 127 96 in
811 304 169 96 lege
916 304 106 96 &
958 304 274 96 prophetis
1169 304 232 96 scripta
1338 304 190 96 sunt,
1465 304 169 96 spem
1570 304 211 96 habens
1718 304 127 96 in
1781 304 169 96 deum
1887 304 190 96 fore,
1992 304 148 96 quem-

467 385 249 76 admodum
648 385 181 76 ipsi
761 385 294 76 expectant
987 385 407 76 resurrectionem
1326 385 316 76 mortuorum,
1575 385 203 76 simul
1711 385 271 76 iustorum
1914 385 113 76 &
1937 385 203 76 iniusto

471 441 165 63 rum.
574 441 124 63 En
636 441 288 63 iniustorum
863 441 206 63 quoque
1007 441 185 63 dicit
1131 441 288 63 apostolus.
1357 441 247 63 Caeterum
1543 441 144 63 non
1625 441 268 63 tollentur
1831 441 124 63 in
1872 441 268 63 resurrectio

471 492 126 70 ne
534 492 126 70 ex
597 492 188 70 horum
722 492 293 70 corporibus
952 492 314 70 infirmitas,
1203 492 293 70 ignominia,
1434 492 272 70 corruptio
1643 492 105 70 &
1685 492 230 70 miseria
1852 492 105 70 :
1894 492 230 70 interim
2040 492 105 70 ue-

471 564 125 54 ro
534 564 146 54 hoc
617 564 187 54 ipsum
741 564 208 54 corpus
887 564 166 54 quod
991 564 249 54 resurgit
1178 564 125 54 in
1240 564 291 54 ignominia,
1469 564 229 54 iudicio
1635 564 104 54 &
1677 564 249 54 potentia
1864 564 146 54 dei
1926 564 229 54 confirma-

465 614 190 66 bitur
592 614 127 66 in
655 614 275 66 ignominia
866 614 106 66 &
909 614 338 66 corruptione,
1183 614 232 66 adeoque
1352 614 127 66 ad
1416 614 232 66 aeterna
1585 614 254 66 tormenta
1775 614 296 66 perferenda
1986 614 169 66 perpe-

479 671 264 57 tuabitur
677 671 352 57 immortaleque
962 671 110 57 &
1006 671 396 57 incorruptibile
1336 671 132 57 in
1402 671 198 57 morte
1534 671 110 57 &
1578 671 330 57 corruptione
1841 671 264 57 reddetur
2039 671 110 57 :
2061 671 88 57 ut

474 725 340 63 quemadmodum
747 725 250 63 corpora
928 725 250 63 quaedam
1109 725 340 63 reperiuntur
1382 725 136 63 in
1450 725 250 63 terris,
1631 725 181 63 quae
1745 725 136 63 in
1813 725 250 63 ignibus
1972 725 181 63 perdu-

483 766 185 71 rant,
607 766 144 71 ita
689 766 144 71 non
772 766 288 71 atterentur
998 766 185 71 neque
1122 766 288 71 frangentur
1349 766 185 71 ullis
1472 766 268 71 tormentis
1678 766 268 71 maledicta
1884 766 247 71 impiorum
2049 766 103 71 cor

477 828 185 80 pora,
601 828 226 80 subinde
765 828 164 80 enim
868 828 123 80 ac
930 828 123 80 in
991 828 226 80 momenta
1156 828 185 80 uires
1279 828 185 80 nouas
1402 828 247 80 patiendi
1587 828 288 80 accipient,
1813 828 247 80 luentque
1998 828 144 80 hoc
2060 828 82 80 mo

481 892 128 66 do
545 892 299 66 commeritas
780 892 214 66 poenas
930 892 171 66 sine
1036 892 171 66 fine
1143 892 128 66 in
1207 892 235 66 saecula
1378 892 321 66 saeculorum.
1635 892 235 66 Dominus
1806 892 171 66 enim
1913 892 128 66 in
1956 892 192 66 euange-

474 937 159 70 lio.
574 937 139 70 Qui
653 937 179 70 mala,
773 937 219 70 inquit,
932 937 239 70 egerunt,
1111 937 259 70 resurgent
1310 937 119 70 in
1370 937 358 70 resurrectionem
1668 937 378 70 condemnationis,
1987 937 119 70 id
2047 937 159 70 est.

476 997 131 70 in
542 997 371 70 perseuerantem
847 997 349 70 perpetuamque
1131 997 415 70 condemnationem.
1480 997 153 70 Nam
1567 997 218 70 Daniel
1720 997 196 70 prior
1851 997 218 70 dixit,
2003 997 131 70 Et
2047 997 109 70 mul

476 1054 203 70 titudo
618 1054 122 70 ex
678 1054 142 70 ijs
759 1054 142 70 qui
841 1054 243 70 dormiunt
1023 1054 122 70 in
1084 1054 223 70 puluere
1246 1054 203 70 terrae
1388 1054 324 70 euigilabunt:
1651 1054 122 70 hi
1712 1054 122 70 ad
1773 1054 182 70 uitam
1895 1054 304 70 perpetuam,.

480 1107 172 71 illi
587 1107 172 71 uero
694 1107 129 71 ad
759 1107 215 71 probra
909 1107 107 71 &
952 1107 301 71 contemptum
1188 1107 279 71 aeternum,
1403 1107 215 71 Rursus
1554 1107 172 71 enim
1661 1107 129 71 in
1725 1107 279 71 euangelio
1940 1107 193 71 dicit
2048 1107 107 71 do-

478 1158 222 78 minus,
633 1158 244 78 lllorum
811 1158 222 78 uermis
966 1158 155 78 non
1055 1158 266 78 moritur,
1255 1158 111 78 &
1299 1158 200 78 ignis
1432 1158 155 78 non
1521 1158 355 78 extinguitur.
1810 1158 155 78 Nam
1899 1158 222 78 ijsdem
2032 1158 133 78 uer-

472 1221 140 65 bis
552 1221 181 65 prior
673 1221 160 65 usus
773 1221 140 65 est
853 1221 201 65 lsaias
994 1221 120 65 in
1054 1221 160 65 cap.
1154 1221 140 65 66.
1234 1221 201 65 Semper
1375 1221 160 65 ergo
1475 1221 160 65 illa
1575 1221 201 65 domini
1716 1221 140 65 uox
1796 1221 261 65 retinenda
1997 1221 160 65 erit
2077 1221 80 65 in

478 1275 257 71 cordibus
670 1275 257 71 nostris,
863 1275 193 71 lllum
992 1275 236 71 metuite
1163 1275 150 71 qui
1249 1275 214 71 potest
1399 1275 107 71 &
1442 1275 214 71 animam
1592 1275 107 71 &
1635 1275 214 71 corpus
1785 1275 236 71 perdere
1956 1275 129 71 in
1999 1275 150 71 gehen

475 1328 147 69 na.
559 1328 167 69 Haec
663 1328 251 69 hactenus
852 1328 126 69 de
915 1328 356 69 resurrectione
1187 1328 188 69 carnis.

575 1368 245 88 Vltimus
753 1368 200 88 fidei
887 1368 245 88 nostrae
1065 1368 290 88 articulus
1287 1368 200 88 omnia
1421 1368 290 88 feliciter
1644 1368 312 88 concludens
1889 1368 156 88 hic
1978 1368 178 88 est,
2067 1368 89 88 ET

481 1446 248 66 VITAM
646 1446 358 66 AETERNAM.
921 1446 358 66 Audiuimus
1196 1446 138 66 &
1251 1446 440 66 intelleximus
1608 1446 275 66 animas
1801 1446 303 66 hominum
1993 1446 165 66 esse

490 1497 319 73 immortales,
745 1497 234 73 insuper
916 1497 106 73 &
958 1497 234 73 corpora
1129 1497 213 73 nostra
1278 1497 277 73 resurgere
1491 1497 128 73 in
1555 1497 170 73 fine
1661 1497 213 73 mundi.
1810 1497 149 73 Hoc
1895 1497 149 73 nos
1959 1497 192 73 credere

484 1556 248 78 professi
670 1556 206 78 sumus,
814 1556 248 78 Sequitur
1000 1556 165 78 ergo
1103 1556 124 78 in
1165 1556 186 78 calce
1289 1556 248 78 symboli,
1474 1556 144 78 quo
1557 1556 186 78 anima
1681 1556 165 78 illa
1784 1556 248 78 perpetua
1969 1556 103 78 &
1990 1556 165 78 corpus

488 1626 323 55 resuscitatum
750 1626 162 55 sint
851 1626 303 55 peruentura.
1094 1626 283 55 Profitemur
1316 1626 222 55 itaque.
1477 1626 121 55 Et
1538 1626 182 55 uitam
1659 1626 263 55 aeternam,
1861 1626 263 55 uidelicet
2043 1626 121 55 cre-

476 1674 139 64 do
545 1674 139 64 me
615 1674 255 64 corpore
800 1674 116 64 &
847 1674 209 64 anima
986 1674 371 64 consecuturum
1287 1674 116 64 &
1334 1674 301 64 uicturum.
1565 1674 139 64 Et
1635 1674 325 64 aeternitas
1890 1674 232 64 quidem
2029 1674 139 64 per-

484 1731 186 67 petua
608 1731 144 67 est
691 1731 144 67 nec
773 1731 248 67 admittit
959 1731 186 67 ullum
1083 1731 206 67 finem,
1227 1731 186 67 sicut
1351 1731 165 67 modo
1454 1731 289 67 declaratum
1681 1731 144 67 est
1763 1731 227 67 diuinae
1908 1731 248 67 scripturae

455 1780 296 68 testimonijs,

557 1838 179 68 Porro
677 1838 179 68 uitae
796 1838 179 68 huius
916 1838 279 68 participes
1135 1838 179 68 fiunt
1254 1838 199 68 animae
1394 1838 179 68 simul
1513 1838 179 68 atque
1633 1838 219 68 migrant
1792 1838 100 68 a
1832 1838 299 68 corporibus,
2051 1838 100 68 do-

485 1888 155 77 mino
582 1888 155 77 ipso
679 1888 253 77 testante,
873 1888 136 77 Qui
951 1888 194 77 credit
1087 1888 117 77 in
1145 1888 194 77 filium
1281 1888 155 77 dei,
1379 1888 117 77 in
1437 1888 233 77 iudicium
1612 1888 136 77 non
1690 1888 214 77 ueniet,
1845 1888 136 77 sed
1923 1888 253 77 transiuit
2098 1888 58 77 a

478 1946 189 69 morte
604 1946 126 69 in
667 1946 210 69 uitam.
813 1946 231 69 Corpora
981 1946 168 69 uero
1086 1946 314 69 sepeliuntur
1337 1946 105 69 &
1379 1946 377 69 computrescunt,
1694 1946 231 69 interim
1862 1946 168 69 illa
1966 1946 168 69 ipsa
2050 1946 105 69 non

477 2002 170 68 sunt
583 2002 254 68 expertia
774 2002 212 68 uitae.
922 2002 148 68 Sed
1007 2002 148 68 tum
1092 2002 191 68 demum
1219 2002 318 68 recipiuntur
1473 2002 127 68 in
1537 2002 254 68 aeternam
1728 2002 212 68 uitam,
1876 2002 148 68 cum
1961 2002 170 68 post
2046 2002 106 68 die

477 2064 237 54 iudicij
650 2064 258 54 excitata
844 2064 215 54 obuiam
994 2064 237 54 Christo
1167 2064 280 54 rapientur
1382 2064 129 54 in
1446 2064 194 54 aera,
1576 2064 129 54 ut
1640 2064 215 54 semper
1791 2064 172 54 sint
1899 2064 151 54 cum
1963 2064 194 54 domino.

486 2109 164 66 Tunc
589 2109 164 66 enim
692 2109 205 66 animae
836 2109 103 66 e
877 2109 205 66 coelis
1020 2109 226 66 redeunt
1185 2109 123 66 ad
1246 2109 144 66 sua
1329 2109 246 66 corpora,
1513 2109 123 66 ut
1575 2109 185 66 totus
1698 2109 267 66 perfectus
1904 2109 103 66 &
1945 2109 205 66 plenus
2068 2109 82 66 ho

479 2170 134 69 mo
546 2170 201 69 anima
680 2170 112 69 &
725 2170 246 69 corpore
903 2170 201 69 uiuat
1037 2170 134 69 in
1104 2170 291 69 aeternum.
1328 2170 156 69 Nam
1417 2170 201 69 anima
1552 2170 246 69 Christi
1730 2170 134 69 in
1797 2170 201 69 cruce
1909 2170 246 69 morientis

482 2225 244 60 migrauit
665 2225 244 60 extemplo
848 2225 122 60 in
909 2225 285 60 paradisum,
1133 2225 203 60 tertia
1275 2225 163 60 uero
1377 2225 142 60 die
1458 2225 203 60 redijt
1601 2225 122 60 ad
1662 2225 224 60 corpus,
1824 2225 163 60 quod
1906 2225 244 60 resurrexit

478 2276 107 72 &
520 2276 258 72 ascendit
714 2276 129 72 in
778 2276 236 72 coelum.
950 2276 322 72 Quemadmodum
1208 2276 172 72 ergo
1315 2276 215 72 capiti
1466 2276 236 72 obtigit
1637 2276 172 72 uita
1745 2276 258 72 aeterna,
1938 2276 150 72 ita
2003 2276 150 72 omni-

478 2336 153 76 bus
565 2336 109 76 &
609 2336 262 76 singulis
805 2336 240 76 Christi
980 2336 240 76 membris
1154 2336 196 76 eadem
1263 2336 240 76 obueniet.

555 2393 152 60 Cum
642 2393 195 60 autem
772 2393 217 60 Paulus
924 2393 195 60 dicat
1055 2393 130 60 ex
1120 2393 217 60 lsaia,
1272 2393 174 60 Quae
1380 2393 217 60 oculus
1532 2393 152 60 non
1619 2393 217 60 uidit,
1771 2393 109 60 &
1814 2393 195 60 auris
1945 2393 152 60 non
2010 2393 130 60 audi

481 2446 163 69 uit,
583 2446 102 69 &
624 2446 123 69 in
685 2446 143 69 cor
766 2446 225 69 hominis
930 2446 143 69 non
1011 2446 327 69 ascenderunt,
1277 2446 123 69 ea
1338 2446 306 69 praeparauit
1583 2446 225 69 dominus
1747 2446 327 69 diligentibus
2012 2446 143 69 se,
2073 2446 82 69 ar

479 2503 217 65 bitror
631 2503 152 65 ego
718 2503 130 65 si
783 2503 195 65 omnia
913 2503 130 65 de
978 2503 173 65 uita
1086 2503 239 65 aeterna
1260 2503 195 65 dicta
1390 2503 260 65 fuerint,
1585 2503 173 65 quae
1694 2503 217 65 omnium
1845 2503 239 65 hominum
1997 2503 152 65 omni-

479 2556 183 70 umque
601 2556 285 70 saeculorum
825 2556 142 70 ora
906 2556 224 70 profari
1069 2556 285 70 potuerint,
1292 2556 142 70 uix
1374 2556 224 70 minimam
1537 2556 163 70 eius
1638 2556 285 70 particulam
1862 2556 203 70 fuisse
2005 2556 102 70 &
2025 2556 122 70 esse

477 2612 293 67 delibatam.
708 2612 147 67 Nam
791 2612 252 67 utcunque
980 2612 252 67 disertis
1169 2612 105 67 &
1211 2612 252 67 tropicis
1399 2612 231 67 uerbis,
1567 2612 335 67 allusionibus
1840 2612 105 67 &
1861 2612 293 67 aenigmatibus

466 2674 280 59 scriptura
682 2674 194 59 uitam
811 2674 108 59 &
854 2674 216 59 gaudia
1005 2674 172 59 illa
1113 2674 259 59 adumbrat
1307 2674 388 59 euidentissime,
1631 2674 216 59 modica
1782 2674 194 59 tamen
1911 2674 172 59 sunt
1997 2674 151 59 reue-

475 2731 127 60 ra
538 2731 170 60 illa
645 2731 212 60 omnia,
793 2731 191 60 donec
921 2731 170 60 illa
1027 2731 170 60 dies
1133 2731 234 60 uenerit
1303 2731 149 60 qua
1388 2731 191 60 ipsum
1515 2731 170 60 deum
1621 2731 297 60 conditorem
1855 2731 212 60 omnium
2003 2731 127 60 in
2046 2731 106 60 sua

469 2779 226 81 gloria,
634 2779 246 81 Christum
818 2779 287 81 seruatorem
1044 2779 226 81 nostrum
1208 2779 123 81 in
1270 2779 144 81 sua
1352 2779 287 81 maiestate,
1577 2779 185 81 omnes
1701 2779 226 81 denique
1865 2779 205 81 beatos
1988 2779 164 81 spiri-

479 2831 161 68 tus,
579 2831 241 68 angelos,
760 2831 322 68 patriarchas,
1022 2831 281 68 prophetas,
1243 2831 281 68 apostolos,
1464 2831 261 68 martyres,
1665 2831 201 68 patres
1805 2831 241 68 nostros,
1986 2831 100 68 &
2006 2831 141 68 omnen

474 2892 219 75 gentem
628 2892 263 75 nostram,
825 2892 110 75 &
869 2892 198 75 omnem
1001 2892 285 75 exercitum
1220 2892 307 75 coelestem,
1462 2892 263 75 omnemque
1659 2892 198 75 illam
1791 2892 241 75 gloriam
1944 2892 198 75 diuinam

473 2966 106 63 &
515 2966 274 63 coelestem
726 2966 295 63 ineffabili
958 2966 148 63 cum
1043 2966 211 63 gaudio
1190 2966 295 63 uiderimus.
1423 2966 274 63 Verissime
1634 2966 169 63 ergo
1739 2966 190 63 dixit
1866 2966 253 63 Aurelius
2034 2966 106 63 Au
