2288 3632
66 240 153 123 Non
154 240 175 123 enim
263 240 197 123 Moses
394 240 153 123 pro
481 240 240 123 domino:
656 240 153 123 sed
743 240 197 123 Moses
874 240 328 123 uisibilibus
1136 240 328 123 sacramentis
1399 240 153 123 per
1464 240 284 123 ministerium

65 319 180 97 suum:
185 319 221 97 dominus
346 319 180 97 autem
466 319 200 97 inuisi
606 319 160 97 bili
706 319 200 97 gratia
847 319 140 97 per
927 319 241 97 spiritum
1107 319 221 97 sanctum
1268 319 100 97 :
1308 319 140 97 ubi
1388 319 140 97 est
1468 319 180 97 totus
1569 319 180 97 fructus

71 388 179 84 etiam
190 388 278 84 uisibilium
409 388 358 84 sacramentorum.
708 388 139 84 Nam
787 388 159 84 sine
887 388 159 84 ista
986 388 378 84 sanctificatione
1304 388 298 84 inuisibilis
1543 388 239 84 gratiae,

61 437 309 90 uisibilia
299 437 332 90 sacramenta
560 437 190 90 quid
679 437 285 90 prosunt:
892 437 190 90 Haec
1011 437 261 90 August.
1201 437 356 90 Quemadmodum
1486 437 190 90 uero
1581 437 166 90 inter

57 485 176 97 suum
167 485 329 97 ministerium
430 485 307 97 baptisandi
672 485 110 97 &
716 485 307 97 potestatem
957 485 242 97 Christi
1133 485 285 97 distinxit
1353 485 242 97 Ioannes
1506 485 242 97 Baptista,

52 547 150 96 ita
137 547 172 96 idem
245 547 172 96 ille
352 547 300 96 discernens
588 547 193 96 inter
717 547 322 96 ministerium
974 547 322 96 concionandi
1232 547 107 96 &
1275 547 236 96 interni
1447 547 258 96 doctoris
1618 547 129 96 tra-

59 606 194 83 ctum,
189 606 151 83 Ego
275 606 173 83 uox,
383 606 237 83 inquit,
555 606 237 83 clamans
728 606 129 83 in
793 606 259 83 deserto:
987 606 216 83 parate
1138 606 173 83 uiam
1245 606 237 83 domini.
1418 606 129 83 Et
1483 606 237 83 iterum,
1655 606 151 83 Qui

68 656 102 99 e
108 656 245 99 supernis
292 656 204 99 uenit,
435 656 184 99 supra
558 656 184 99 omnes
680 656 163 99 est.
782 656 143 99 Qui
864 656 102 99 e
905 656 184 99 terra
1027 656 265 99 profectus
1231 656 163 99 est,
1333 656 245 99 terrenus
1517 656 163 99 est,
1619 656 102 99 &
1640 656 122 99 eter

57 713 125 85 ra
120 713 270 85 loquitur.
327 713 146 85 Qui
411 713 104 85 e
452 713 187 85 coelo
577 713 208 85 uenit,
722 713 187 85 supra
847 713 187 85 omnes
972 713 166 85 est,
1076 713 104 85 &
1117 713 166 85 quod
1221 713 187 85 uidit
1346 713 104 85 &
1388 713 249 85 audiuit,
1575 713 146 85 hoc
1637 713 104 85 te-

65 772 227 92 statur,
231 772 145 92 &c.
313 772 310 92 Consentiens
561 772 165 92 uero
664 772 145 92 his
747 772 124 92 S.
809 772 227 92 Paulus,
974 772 186 92 Quis,
1098 772 227 92 inquit,
1263 772 145 92 est
1346 772 227 92 Paulus,
1511 772 165 92 quis
1594 772 165 92 autem,

61 830 250 86 Apollos?
249 830 167 86 nisi
353 830 250 86 ministri
541 830 146 86 per
624 830 167 86 quos
729 830 334 86 credidistis,
1000 830 104 86 &
1042 830 125 86 ut
1104 830 209 86 cuique
1250 830 229 86 dominus
1417 830 209 86 dedit.
1563 830 146 86 Ego
1626 830 125 86 plan

63 888 194 89 taui,
193 888 237 89 Apollos
365 888 258 89 rigauit:
558 888 151 89 sed
644 888 172 89 deus
752 888 194 89 dedit
881 888 344 89 incrementum.
1160 888 215 89 Itaque
1311 888 151 89 non
1397 888 151 89 qui
1483 888 237 89 plantat
1633 888 108 89 est

59 942 266 93 aliquid,
259 942 200 93 neque
392 942 155 93 qui
481 942 222 93 rigat,
636 942 155 93 sed
725 942 155 93 qui
814 942 155 93 dat
902 942 333 93 incrementum
1169 942 200 93 deus.
1302 942 266 93 Quanquam
1502 942 178 93 uero
1591 942 155 93 prora

57 1000 166 96 sus
152 1000 118 96 &
199 1000 166 96 per
294 1000 213 96 omnia
436 1000 166 96 non
531 1000 284 96 congruat
744 1000 213 96 (quod
886 1000 118 96 &
933 1000 213 96 supra
1075 1000 450 96 significabamus)
1430 1000 308 96 ministrorum

61 1058 149 98 cum
146 1058 213 98 signis
295 1058 277 98 collatio:
507 1058 170 98 quod
614 1058 255 98 ministri
805 1058 170 98 sint
912 1058 298 98 cooperarij
1145 1058 255 98 Christi,
1337 1058 255 98 secundum
1528 1058 170 98 suam
1613 1058 128 98 fun-

52 1120 253 75 ctionem:
241 1120 189 75 signa
368 1120 189 75 autem
494 1120 274 75 inanimata
705 1120 147 75 non
789 1120 189 75 item,
915 1120 168 75 nisi
1020 1120 126 75 in
1083 1120 168 75 ipsa
1189 1120 147 75 te7
1273 1120 211 75 afodin
1420 1120 358 75 transferamus,

55 1176 171 78 quod
161 1176 320 78 ministrorum
418 1176 171 78 est:
525 1176 235 78 attamen
695 1176 128 78 ex
759 1176 192 78 alijs
888 1176 192 78 satis
1016 1176 256 78 liquidum
1208 1176 192 78 fieri
1336 1176 256 78 arbitror
1528 1176 214 78 signum
1678 1176 107 78 &

56 1224 254 70 signatum
246 1224 275 70 discretas
458 1224 127 70 in
522 1224 318 70 sacramentis
776 1224 233 70 naturas
924 1224 233 70 retinere.

117 1277 280 97 lmpugnant
333 1277 172 97 haec
441 1277 237 97 maxime,
613 1277 215 97 quibus
764 1277 259 97 persuasa
958 1277 151 97 est
1044 1277 280 97 Papistica
1259 1277 172 97 illa
1367 1277 194 97 panis
1496 1277 129 97 in
1540 1277 215 97 corporis

61 1326 224 103 Christi
224 1326 224 103 uinique
387 1326 122 103 in
448 1326 306 103 substantiam
693 1326 265 103 sanguinis
897 1326 469 103 transsubstantiatio.
1304 1326 122 103 Hi
1366 1326 163 103 enim
1468 1326 204 103 negant
1610 1326 184 103 modis

52 1401 250 83 omnibus,
240 1401 188 83 panem
365 1401 104 83 &
407 1401 188 83 uinum
532 1401 125 83 in
595 1401 271 83 mysterijs
804 1401 313 83 consecrata,
1054 1401 125 83 in
1117 1401 167 83 suis
1221 1401 209 83 manere
1367 1401 334 83 substantijs.
1618 1401 104 83 Ha-

51 1459 180 69 enim
163 1459 315 69 annihilari
410 1459 337 69 conuertique
680 1459 315 69 contendunt
927 1459 135 69 in
994 1459 202 69 ipsum
1129 1459 225 69 domini
1286 1459 225 69 corpus
1443 1459 112 69 &
1466 1459 247 69 sanguinem

50 1505 122 87 ut
111 1505 102 87 a
151 1505 366 87 consecratione,
456 1505 163 87 post
558 1505 284 87 accidentia
781 1505 183 87 panis
903 1505 102 87 &
944 1505 183 87 uini,
1066 1505 183 87 nihil
1187 1505 305 87 substantiae
1431 1505 244 87 supersit
1594 1505 142 87 pror-

44 1563 177 83 sus.
155 1563 155 83 Nam
243 1563 200 83 aiunt
377 1563 244 83 dominum
554 1563 266 83 disertis
754 1563 222 83 uerbis
909 1563 200 83 super
1042 1563 177 83 pane
1153 1563 111 83 &
1198 1563 177 83 uino
1308 1563 377 83 pronunciasse,
1619 1563 155 83 Hoc

46 1617 156 88 est
135 1617 223 88 corpus
291 1617 201 88 meum.
425 1617 156 88 Hic
514 1617 156 88 est
603 1617 245 88 sanguis
781 1617 201 88 meus.
915 1617 201 88 Posse
1049 1617 201 88 autem
1183 1617 245 88 dominum
1361 1617 201 88 nullo
1495 1617 223 88 quidem
1629 1617 111 88 ne-

47 1679 177 83 gotio
165 1679 235 83 efficere
342 1679 137 83 sua
420 1679 157 83 illa
518 1679 334 83 omnipotentia,
793 1679 118 83 ut
852 1679 157 83 quod
950 1679 196 83 dixit,
1087 1679 137 83 ita
1166 1679 157 83 fiat
1264 1679 177 83 sicut
1382 1679 196 83 dixit.
1519 1679 118 83 Ad
1578 1679 137 83 hoc
1637 1679 98 83 il-

51 1733 301 82 lustrandum
288 1733 280 82 proserunt
504 1733 237 82 similia
676 1733 151 82 non
762 1733 215 82 pauca,
913 1733 237 82 dominum
1085 1733 280 82 uidelicet
1300 1733 237 82 hominem
1473 1733 258 82 formasse
1645 1733 86 82 ex

49 1785 164 89 limo
152 1785 226 89 terrae:
316 1785 144 89 mox
398 1785 103 89 &
439 1785 123 89 ex
501 1785 185 89 costa
624 1785 226 89 hominis
788 1785 246 89 mulierem
973 1785 103 89 :
1014 1785 123 89 ex
1075 1785 185 89 uxore
1199 1785 164 89 item
1301 1785 164 89 Loth
1404 1785 226 89 statuam
1568 1785 205 89 salis:

55 1845 212 83 eundem
203 1845 212 83 itaque
352 1845 191 83 eadem
479 1845 149 83 sua
564 1845 255 83 potentia
755 1845 255 83 efficere
946 1845 191 83 posse
1074 1845 127 83 ex
1138 1845 170 83 pane
1244 1845 234 83 corpus,
1414 1845 127 83 ex
1477 1845 170 83 uino
1583 1845 191 83 autem

37 1895 324 81 sanguinem.
291 1895 139 81 Et
361 1895 185 81 haec
476 1895 231 81 quidem
638 1895 254 81 illorum
823 1895 324 81 firmamenta
1078 1895 208 81 sunt.
1216 1895 162 81 Nos
1309 1895 185 81 uero
1424 1895 208 81 alias
1540 1895 185 81 abunde

37 1946 203 95 satis
173 1946 316 95 disputamus
422 1946 136 95 de
489 1946 203 95 sensu
625 1946 271 95 uerborum
828 1946 249 95 domini,
1009 1946 158 95 Hoc
1099 1946 158 95 est
1190 1946 226 95 corpus
1348 1946 181 95 meum
1461 1946 113 95 :
1506 1946 136 95 ut
1551 1946 181 95 super-

48 2013 277 83 uacaneum
256 2013 162 83 sit
348 2013 208 83 eadem
487 2013 162 83 hic
579 2013 231 83 multis
741 2013 300 83 repetere.
972 2013 324 83 Ostendimus
1227 2013 185 83 item
1342 2013 139 83 ex
1388 2013 347 83 omnipotentia.

39 2071 169 79 dei,
145 2071 148 79 non
229 2071 275 79 quidlibet
441 2071 317 79 colligendum
695 2071 190 79 atque
821 2071 296 79 statuendum
1054 2071 190 79 esse:
1181 2071 148 79 sed
1266 2071 106 79 &
1308 2071 275 79 potentiam
1519 2071 148 79 dei
1583 2071 148 79 nihil

40 2121 207 77 facere
185 2121 207 77 contra
330 2121 289 77 ueritatem,
557 2121 227 77 adeoque
722 2121 207 77 contra
867 2121 248 77 seipsam:
1053 2121 186 77 neque
1177 2121 207 77 fideli
1322 2121 248 77 quicquam
1487 2121 248 77 suscipien-

44 2179 151 88 dum
131 2179 173 88 esse
239 2179 281 88 praetextu
455 2179 281 88 potentiae
671 2179 238 88 diuinae
844 2179 173 88 quod
953 2179 216 88 pugnat
1104 2179 151 88 cum
1190 2179 238 88 apertis
1363 2179 303 88 scripturis
1601 2179 108 88 &
1623 2179 108 88 ca-

34 2227 223 68 tholicae
202 2227 167 68 fidei
313 2227 260 68 articulis,

113 2284 156 88 lam
202 2284 179 88 uero
314 2284 335 88 clarissimum
581 2284 156 88 est
671 2284 179 88 post
782 2284 402 88 consecrationem
1117 2284 223 88 manere
1273 2284 134 88 in
1340 2284 312 88 sacramento
1586 2284 201 88 panis

42 2347 231 82 uinique
210 2347 336 82 substantiam.
483 2347 147 82 Nec
567 2347 189 82 alijs
693 2347 147 82 hic
777 2347 168 82 opus
882 2347 231 82 habemus
1049 2347 273 82 testibus:
1259 2347 168 82 quam
1364 2347 189 82 ipsis
1490 2347 273 82 sensibus:
1679 2347 63 82 n

53 2404 148 86 qui
137 2404 190 86 aliud
264 2404 190 86 nihil
391 2404 274 86 sentiunt,
602 2404 232 86 uident,
770 2404 232 86 gustant
939 2404 106 86 &
981 2404 232 86 palpant
1150 2404 169 86 quam
1256 2404 190 86 panem
1382 2404 106 86 &
1424 2404 211 86 uinum.
1572 2404 190 86 Atqui
1678 2404 63 86 s

45 2456 154 85 dum
133 2456 198 85 terra
265 2456 374 85 conuerteretur
573 2456 132 85 in
639 2456 220 85 corpus
793 2456 264 85 hominis,
992 2456 198 85 costa
1124 2456 132 85 in
1190 2456 286 85 mulierem,
1410 2456 176 85 uxor
1520 2456 176 85 item
1608 2456 132 85 Loth

41 2512 124 91 in
103 2512 228 91 statuam
269 2512 207 91 salis,
414 2512 145 91 non
496 2512 186 91 erant
621 2512 207 91 sicuti
765 2512 310 91 sacramentum
1014 2512 228 91 altaris
1179 2512 166 91 quod
1283 2512 228 91 fuerant
1448 2512 207 91 prius,
1572 2512 145 91 neque

37 2576 254 84 quicquam
227 2576 275 84 apparebat
439 2576 254 84 sensibus
629 2576 233 84 terrae,
798 2576 233 84 costae,
967 2576 211 84 uxoris
1115 2576 190 84 Loth.
1242 2576 317 84 Ineptissime
1495 2576 169 84 ergo
1580 2576 148 84 appli

35 2630 218 82 cantur
188 2630 174 82 illa
297 2630 240 82 exempla
471 2630 240 82 negotio
646 2630 218 82 coenae
798 2630 305 82 dominicae,
1038 2630 153 82 cum
1125 2630 153 82 qua
1213 2630 196 82 nihil
1343 2630 305 82 congruunt.
1583 2630 174 82 Quam

29 2682 152 83 rem
116 2682 109 83 &
160 2682 261 83 superius
355 2682 326 83 attigimus.,
616 2682 282 83 Scriptura
833 2682 304 83 euangelica
1072 2682 109 83 &
1115 2682 326 83 sacrosancta
1376 2682 217 83 Coenae
1506 2682 217 83 institu-

45 2738 223 86 tionem
201 2738 111 86 &
245 2738 201 86 modum
379 2738 401 86 diligentissime
713 2738 334 86 describens,
981 2738 245 86 nullius
1159 2738 245 86 meminit
1337 2738 357 86 conuersionis
1605 2738 111 86 mi-

42 2794 311 80 raculosae:
286 2794 178 80 quin
397 2794 200 80 panem
531 2794 111 80 &
575 2794 200 80 uinum
709 2794 111 80 a
753 2794 222 80 domino
909 2794 267 80 acceptum
1109 2794 111 80 &
1153 2794 333 80 distributum
1420 2794 333 80 discipulis,

39 2850 222 86 adeoque
200 2850 101 86 &
241 2850 121 86 ab
301 2850 141 86 his
382 2850 262 86 receptum,
583 2850 121 86 ac
644 2850 161 86 post
745 2850 242 86 recitata
926 2850 182 86 uerba
1047 2850 383 86 consecrationis,
1370 2850 121 86 ut
1431 2850 222 86 uocant,
1572 2850 141 86 panem

36 2900 104 115 &
78 2900 208 115 uinum,
223 2900 208 115 sicuti
369 2900 166 115 ante
473 2900 374 115 consecrationem
785 2900 270 115 appellat.
993 2900 166 115 Quid
1097 2900 166 115 quod
1201 2900 208 115 Matth.
1347 2900 146 115 26.
1430 2900 166 115 cap.
1513 2900 208 115 dominus,
