2288 3632
62 260 170 102 mina
168 260 298 102 accipiunt.
402 260 234 102 Fuerunt
572 260 170 102 enim
678 260 170 102 haec
785 260 170 102 typi
891 260 213 102 quidam
1040 260 234 102 uenturi
1210 260 298 102 sacerdotis
1444 260 106 102 &
1487 260 234 102 hostiae
1635 260 128 102 Chri

58 346 166 69 sti,
162 346 145 69 cui
245 346 291 69 imponuntur
474 346 228 69 peccata
640 346 228 69 nostra.
806 346 145 69 Hic
889 346 166 69 enim
993 346 145 69 est
1076 346 187 69 agnus
1200 346 166 69 ille
1304 346 145 69 dei
1387 346 145 69 qui
1470 346 208 69 tollit
1595 346 166 69 pecca-

61 404 157 77 tum
150 404 224 77 mundi.
307 404 246 77 Venimus
486 404 157 77 iam
576 404 112 77 &
621 404 134 77 ad
688 404 179 77 noui
800 404 314 77 testamenti
1046 404 336 77 sacramenta,
1315 404 224 77 quorum
1472 404 202 77 signa
1606 404 112 77 &
1629 404 134 77 ipsa

61 466 189 62 rerum
187 466 315 62 participant
439 466 294 62 nominibus,
669 466 210 62 Petrus
816 466 168 62 enim
921 466 126 62 in
984 466 189 62 Actis
1110 466 168 62 cap.
1215 466 126 62 2.
1278 466 294 62 Baptizetur
1487 466 273 62 unusquisque

67 522 260 59 uestrum,
263 522 239 59 inquit,
436 522 130 59 in
501 522 217 59 nomine
653 522 174 59 Iesu
762 522 260 59 Christi,
957 522 130 59 in
1022 522 304 59 remisionem
1261 522 326 59 peccatorum.
1521 522 130 59 Et
1586 522 217 59 Paulus

62 576 120 68 in
122 576 180 68 illis
242 576 180 68 ipsis
362 576 180 68 Actis
481 576 319 68 apostolicis,
741 576 200 68 audit,
881 576 200 68 Exurge
1020 576 100 68 &
1060 576 280 68 baptizare,
1280 576 100 68 &
1320 576 180 68 ablue
1440 576 220 68 peccata
1599 576 160 68 tua,
1679 576 80 68 in

64 624 219 88 uocato
217 624 219 88 nomine
370 624 197 88 Iesu.
501 624 175 88 Ideo
611 624 175 88 uero
720 624 306 88 appellatur
960 624 284 88 baptismus
1179 624 262 88 purgatio
1375 624 109 88 &
1419 624 240 88 ablutio
1572 624 175 88 pecca-

58 688 208 75 torum.
204 688 125 75 At
266 688 208 75 Petrus
411 688 187 75 alibi
536 688 208 75 dicit,
681 688 270 75 Baptismus
889 688 145 75 uos
972 688 208 75 saluos
1118 688 229 75 reddit,
1284 688 145 75 quo
1367 688 145 75 non
1450 688 208 75 carnis
1575 688 166 75 sordes

63 747 323 73 abijciuntur,
325 747 141 73 sed
406 747 141 73 quo
486 747 161 73 fit,
587 747 121 73 ut
648 747 161 73 bona
749 747 303 73 conscientia
991 747 161 73 bene
1091 747 262 73 respodeat
1293 747 161 73 deo.
1394 747 121 73 Et
1454 747 202 73 Paulus
1596 747 202 73 quoque

61 793 187 72 Abluti
192 793 187 72 estis,
323 793 149 72 ait,
416 793 299 72 sanctificati
659 793 187 72 estis,
790 793 280 72 iustificati
1014 793 168 72 estis
1126 793 131 72 per
1201 793 168 72 nomen
1313 793 187 72 domini
1444 793 168 72 Iesu,
1556 793 93 72 &
1594 793 131 72 per
1650 793 93 72 spi

55 851 188 70 ritum
180 851 146 70 dei
264 851 229 70 nostri.
431 851 229 70 Euincit
598 851 167 70 ergo
702 851 188 70 iusta
827 851 188 70 horum
952 851 188 70 inter
1077 851 125 70 se
1140 851 229 70 locorum
1307 851 271 70 collatio,
1516 851 167 70 quod
1599 851 146 70 signo

62 907 284 72 baptismi,
281 907 197 72 aquae
412 907 306 72 uidelicet,
653 907 284 72 imponitur
872 907 197 72 nomen
1003 907 153 72 rei
1091 907 372 72 significatae.
1397 907 131 72 Ad
1463 907 219 72 eundem
1594 907 153 72 modum

65 965 185 76 habet
189 965 103 76 &
230 965 247 76 negotium
415 965 206 76 Coenae
560 965 268 76 dominicae
766 965 144 76 uel
848 965 350 76 eucharistiae.
1136 965 185 76 Panis
1260 965 288 76 appellatur
1486 965 206 76 corpus
1610 965 144 76 Chri-

61 1019 173 74 sti,
169 1019 194 74 uinum
299 1019 238 74 sanguis
472 1019 259 74 Christi.
666 1019 194 74 Verum
796 1019 151 74 cum
882 1019 194 74 fides
1012 1019 194 74 uera,
1141 1019 216 74 credat
1292 1019 194 74 uerum
1422 1019 216 74 corpus
1552 1019 194 74 Christi

50 1079 132 71 ex
116 1079 154 71 hoc
204 1079 219 71 elatum
357 1079 219 71 mundo,
511 1079 197 71 agere
642 1079 175 71 nunc
752 1079 132 71 in
818 1079 241 71 coelis,
993 1079 197 71 neque
1125 1079 219 71 redire
1278 1079 241 71 dominum
1454 1079 132 71 in
1520 1079 175 71 hunc
1607 1079 132 71 mun-

64 1129 153 78 dum
152 1129 263 78 amplius,
349 1129 197 78 donec
480 1129 219 78 ueniat
634 1129 131 78 in
699 1129 241 78 nubibus
875 1129 197 78 coeli
1006 1129 329 78 iudicaturus
1269 1129 197 78 uiuos
1400 1129 110 78 &
1444 1129 263 78 mortuos,
1619 1129 110 78 ne-

57 1193 129 62 mo
122 1193 151 62 non
208 1193 324 62 intelligit,
467 1193 216 62 signo,
618 1193 173 62 puta
726 1193 173 62 pani
834 1193 108 62 &
877 1193 194 62 uino,
1007 1193 259 62 attribui
1201 1193 151 62 per
1287 1193 410 62 communicationem
1611 1193 129 62 nomi

48 1248 174 61 num,
157 1248 196 61 rerum
288 1248 261 61 ipsarum,
484 1248 261 61 corporis
680 1248 283 61 uidelicet
898 1248 109 61 &
941 1248 305 61 sanguinis,
1159 1248 196 61 nomina.

143 1300 424 76 Sacramentalibus
500 1300 380 76 loquutionibus
813 1300 179 76 sunt
924 1300 246 76 admodum
1103 1300 313 76 dissimiles
1349 1300 112 76 &
1394 1300 223 76 multae
1550 1300 201 76 aliae
1662 1300 89 76 in

53 1343 205 82 sacris
197 1343 226 82 literis
361 1343 103 82 &
402 1343 144 82 usu
485 1343 308 82 quotidiano.
731 1343 226 82 Legimus
895 1343 164 82 enim
998 1343 246 82 Christum
1182 1343 164 82 esse
1285 1343 103 82 &
1326 1343 164 82 dici
1429 1343 226 82 leonem,
1572 1343 144 82 agnum

55 1418 271 74 pastorem,
264 1418 209 74 uitem,
410 1418 230 74 ostium,
577 1418 188 74 uiam,
702 1418 230 74 scalam,
869 1418 188 74 diem,
994 1418 209 74 lumen,
1141 1418 209 74 solem,
1287 1418 209 74 aquam,
1433 1418 230 74 fontem,
1579 1418 146 74 panem

64 1477 226 62 petram:
229 1477 164 62 quae
331 1477 123 62 si
393 1477 164 62 quis
495 1477 205 62 rigide
639 1477 205 62 urgeat
782 1477 205 62 hodie,
926 1477 287 62 contendens
1152 1477 246 62 Christum
1336 1477 164 62 esse
1439 1477 185 62 agnum
1541 1477 185 62 realem,

56 1535 205 71 ostium
199 1535 348 71 substantiale,
486 1535 184 71 uitem
609 1535 266 71 naturalem
813 1535 143 71 aut
895 1535 246 71 similia,
1080 1535 164 71 quis
1182 1535 143 71 oro
1264 1535 307 71 disputantem
1510 1535 205 71 ferat?
1633 1535 102 71 Ex-

53 1587 331 74 ploderemus
314 1587 213 74 talem
456 1587 260 74 tanquam
645 1587 260 74 insanum
834 1587 118 74 &
882 1587 355 74 peruersorem
1166 1587 331 74 oraculorum
1426 1587 189 74 dei.
1521 1587 213 74 Legimus

59 1641 185 59 sane,
183 1641 185 59 Petra
306 1641 185 59 autem
430 1641 165 59 erat
533 1641 247 59 Christus
718 1641 103 59 :
759 1641 350 59 considerandum
1047 1641 247 59 interim,
1232 1641 165 59 quid
1335 1641 329 59 consequatur.
1603 1641 123 59 Si
1644 1641 82 59 e-

48 1688 140 69 nim
128 1688 180 69 petra
248 1688 240 69 realiter
429 1688 220 69 fuisset
589 1688 260 69 Christus,
789 1688 160 69 nemo
889 1688 200 69 eorum,
1030 1688 140 69 qui
1110 1688 120 69 de
1170 1688 180 69 petra
1290 1688 260 69 biberunt,
1491 1688 220 69 fuisset
1631 1688 100 69 re-

65 1752 264 59 probatus.
268 1752 224 59 Placent
430 1752 163 59 enim
532 1752 163 59 deo,
634 1752 142 59 qui
715 1752 163 59 sunt
817 1752 284 59 participes
1040 1752 244 59 Christi.
1223 1752 203 59 Plures
1365 1752 183 59 autem
1487 1752 224 59 illorum
1629 1752 102 59 qui

45 1810 125 65 de
108 1810 188 65 petra
233 1810 272 65 biberunt,
442 1810 146 65 non
526 1810 292 65 approbauit
755 1810 251 65 dominus.
943 1810 272 65 Prostrati
1152 1810 167 65 sunt
1257 1810 167 65 enim
1361 1810 125 65 in
1424 1810 230 65 deserto
1591 1810 104 65 :
1612 1810 125 65 ergo

57 1855 236 71 bibentes
235 1855 118 71 de
294 1855 197 71 petra,
432 1855 158 71 quae
530 1855 158 71 erat
629 1855 256 71 Christus,
826 1855 217 71 Christi
983 1855 276 71 participes
1200 1855 177 71 facti
1318 1855 138 71 non
1397 1855 158 71 sunt
1496 1855 99 71 :
1535 1855 197 71 prinde
1653 1855 79 71 pe

62 1915 142 70 tra
143 1915 142 70 non
224 1915 162 70 erat
325 1915 243 70 realiter
507 1915 263 70 Christus.
710 1915 243 70 Videntes
892 1915 203 70 quoque
1034 1915 243 70 insignia
1216 1915 203 70 regum,
1358 1915 263 70 principum
1561 1915 182 70 atque
1662 1915 81 70 ur

53 1967 193 58 bium,
181 1967 193 58 signa
309 1967 300 58 appellamus
545 1967 214 58 regum,
695 1967 278 58 principum
909 1967 193 58 atque
1037 1967 214 58 urbium
1187 1967 300 58 nominibus,
1422 1967 278 58 dicentes.
1636 1967 150 58 Hic

46 2027 145 71 est
129 2027 145 71 rex
212 2027 248 71 Galliae,
398 2027 145 71 Hic
481 2027 145 71 est
564 2027 248 71 princeps
750 2027 290 71 Germaniae.
977 2027 145 71 Hoc
1060 2027 145 71 est
1143 2027 248 71 Tigurum,
1329 2027 166 71 Haec
1433 2027 207 71 Berna.
1577 2027 145 71 Ita
1640 2027 103 71 cer

49 2087 227 67 nentes
208 2087 249 67 annulum
389 2087 340 67 coniugalem,
661 2087 159 67 uel
752 2087 272 67 imaginem
956 2087 249 67 aliquam
1138 2087 317 67 principis,
1387 2087 317 67 nuncupamus
1614 2087 113 67 fi-

54 2139 154 61 dem
142 2139 331 61 coniugalem,
407 2139 154 61 aut
495 2139 287 61 coniugem,
715 2139 242 61 denique
891 2139 198 61 ipsum
1024 2139 309 61 principem.
1266 2139 331 61 Proferentes
1531 2139 176 61 enim
1619 2139 110 61 ma-

54 2199 221 63 tronae
209 2199 243 63 annulum
386 2199 243 63 dicunt,
563 2199 155 63 Hic
651 2199 155 63 est
740 2199 177 63 meus
850 2199 177 63 ille
961 2199 265 63 coniunx.
1160 2199 376 63 Demonstrantes
1470 2199 243 63 statuam
1624 2199 111 63 uel

52 2252 257 68 imaginem
244 2252 278 68 principis
458 2252 257 68 Saxoniae
651 2252 257 68 dicimus,
844 2252 150 68 Hic
930 2252 150 68 est
1015 2252 257 68 princeps
1208 2252 278 68 Saxoniae.
1422 2252 171 68 Quod
1529 2252 128 68 si
1594 2252 171 68 quis

59 2307 246 69 pergeret
243 2307 307 69 pertinacius
489 2307 307 69 contendere,
734 2307 205 69 signum
878 2307 205 69 reipsa
1021 2307 164 69 esse
1123 2307 143 69 rem
1205 2307 266 69 signatam,
1410 2307 164 69 quod
1512 2307 184 69 huius
1615 2307 102 69 no-

61 2365 150 68 men
146 2365 214 68 gerit:
296 2365 128 68 an
360 2365 150 68 non
446 2365 193 68 omnes
575 2365 300 68 clamarent,
810 2365 193 68 talem
939 2365 257 68 destitui
1131 2365 193 68 sensu
1260 2365 257 68 communi,
1453 2365 107 68 &
1474 2365 257 68 pertinacem

50 2416 313 62 rixatorem
291 2416 265 62 omnibus
483 2416 217 62 modis
628 2416 193 62 esse
724 2416 361 62 contemnendum?

131 2468 313 64 Intelligunt
381 2468 208 64 itaque
527 2468 208 64 periti
673 2468 208 64 rerum,
819 2468 313 64 catholicum,
1069 2468 250 64 receptum
1257 2468 125 64 ab
1319 2468 229 64 omnibus
1486 2468 104 64 &
1528 2468 250 64 orthodo.

53 2534 159 73 xum
144 2534 228 73 fuisse
304 2534 250 73 semper,
486 2534 182 73 quod
599 2534 228 73 multis
759 2534 182 73 modo
872 2534 341 73 ostendimus,
1145 2534 205 73 signa
1282 2534 205 73 rerum
1418 2534 250 73 mutuare
1578 2534 159 73 nomi-

50 2591 137 68 na,
129 2591 137 68 non
207 2591 176 68 autem
325 2591 235 68 transire
501 2591 118 68 in
560 2591 176 68 illa.
677 2591 157 68 Ideo
775 2591 157 68 uero
873 2591 215 68 priscis
1030 2591 196 68 nullae
1167 2591 215 68 fuerunt
1324 2591 118 68 de
1382 2591 294 68 sacramentis
1598 2591 137 68 rixae

54 2639 109 74 &
98 2639 392 74 altercationes,
424 2639 218 74 quales
576 2639 196 74 inter
707 2639 152 74 nos
794 2639 196 74 hodie
924 2639 239 74 uigent.
1098 2639 131 74 Vt
1164 2639 174 74 enim
1272 2639 196 74 signa
1403 2639 196 74 rerum
1512 2639 218 74 ornabant

46 2709 298 69 nominibus,
280 2709 149 69 ita
365 2709 191 69 genus
492 2709 255 69 loquendi
683 2709 340 69 agnoscebant,
960 2709 149 69 nec
1045 2709 213 69 rigide
1194 2709 255 69 urgebant
1385 2709 213 69 uerba,
1534 2709 191 69 quasi
1640 2709 85 69 i-

59 2756 139 63 psa
138 2756 178 63 signa
257 2756 238 63 realiter
436 2756 99 63 &
476 2756 317 63 corporaliter
733 2756 178 63 illud
852 2756 178 63 ipsum
971 2756 218 63 essent,
1130 2756 159 63 quod
1229 2756 357 63 significabant.
1527 2756 159 63 Ideo
1606 2756 119 63 uero

54 2812 111 78 &
98 2812 177 78 apud
209 2812 221 78 Aurel.
364 2812 310 78 Augustinum
607 2812 177 78 haec
718 2812 221 78 regula
873 2812 155 78 uel
961 2812 155 78 hic
1050 2812 221 78 canon,
1205 2812 199 78 Signa
1338 2812 266 78 usurpare
1537 2812 155 78 uel
1603 2812 111 78 mu-

53 2871 192 73 tuare
181 2871 192 73 rerum
309 2871 235 73 nomina,
479 2871 213 73 toties
629 2871 277 73 repetitur
842 2871 107 73 &
885 2871 320 73 inculcatur.
1141 2871 192 73 Eodem
1269 2871 213 73 canone
1418 2871 235 73 obscura
1568 2871 149 73 quae-

50 2925 145 76 dam
133 2925 166 76 loca
237 2925 270 76 illustrat
444 2925 104 76 :
486 2925 187 76 cuius
610 2925 145 76 rei
693 2925 145 76 iam
776 2925 228 76 aliquot
942 2925 311 76 subijciemus
1191 2925 311 76 testimonia.
1440 2925 124 76 De
1481 2925 249 76 Baptismate
