2288 3632
492 284 203 120 dente
628 284 181 120 toto
741 284 249 120 populo,
922 284 249 120 Habemus
1103 284 136 120 ad
1171 284 271 120 dominum.
1374 284 181 120 Quid
1487 284 181 120 quod
1600 284 181 120 ipsa
1713 284 158 120 rei
1804 284 317 120 absurditas
2030 284 158 120 plane

498 366 234 91 euincit
668 366 234 91 gratiam
839 366 256 91 symbolis
1030 366 149 91 non
1116 366 298 91 contineri.
1350 366 128 91 Si
1414 366 170 91 enim
1520 366 149 91 per
1606 366 234 91 gratiam
1776 366 298 91 intelligis
1989 366 192 91 fauorem

508 417 110 96 &
552 417 374 96 beneuolentiam
860 417 154 96 dei
948 417 110 96 :
992 417 132 96 si
1058 417 352 96 indulgentiam
1344 417 374 96 peccatorumque
1651 417 242 96 ueniam,
1827 417 330 96 purgationem
2069 417 110 96 in-

506 474 169 110 quam
612 474 106 110 &
654 474 402 110 iustificationem
992 474 317 110 credentium:
1246 474 127 110 si
1309 474 169 110 dona
1415 474 233 110 denique
1584 474 106 110 &
1626 474 296 110 charismata
1859 474 275 110 spiritus,
2049 474 127 110 quid

507 530 268 93 absurdius
714 530 207 93 quaeso
858 530 186 93 fingi
982 530 248 93 poterat,
1168 530 165 93 quam
1271 530 145 93 res
1354 530 207 93 tantas
1499 530 248 93 inclusas
1684 530 268 93 contineri
1891 530 186 93 aqua,
2015 530 165 93 pane
2118 530 103 93 &

517 588 188 94 uino?
642 588 208 94 Signis
788 588 250 94 profecto
976 588 188 94 nulla
1101 588 167 94 opus
1205 588 146 94 est
1289 588 229 94 gratia,
1455 588 188 94 nulla
1580 588 313 94 indulgentia
1831 588 104 94 &
1872 588 188 94 uenia
1977 588 208 94 peccato-

518 639 169 97 rum.
623 639 127 97 Ad
687 639 169 97 quid
792 639 169 97 ergo
898 639 338 97 contineretur
1172 639 211 97 gratia
1320 639 127 97 in
1383 639 338 97 sacramentis.
1657 639 169 97 Quis
1763 639 148 97 oro
1847 639 232 97 fructus
2016 639 127 97 ad
2058 639 127 97 homi

514 702 142 93 nes
595 702 244 93 redibit?
778 702 142 93 Aut
859 702 163 93 quis
961 702 224 93 ignorat
1124 702 183 93 omnia
1246 702 142 93 dei
1327 702 264 93 instituta
1530 702 122 93 ad
1591 702 285 93 utilitatem
1815 702 224 93 hominis
1978 702 163 93 esse
2059 702 122 93 ordi

512 758 191 87 nata?
639 758 127 87 An
702 758 169 87 uero
808 758 233 87 dicemus
977 758 233 87 gratiam
1147 758 169 87 ideo
1253 758 254 87 inclusam
1443 758 212 87 teneri
1591 758 339 87 sacramentis,
1867 758 127 87 ut
1930 758 169 87 inde
2036 758 127 87 in
2078 758 106 87 nos

514 811 353 88 transfundatur
805 811 228 88 tanquam
971 811 145 88 per
1054 811 249 88 canales?
1241 811 125 88 At
1303 811 145 88 non
1386 811 145 88 ita
1469 811 249 88 loquitur
1656 811 291 88 scriptura.
1884 811 208 88 Gratia
2030 811 187 88 enim,

525 866 158 96 quod
624 866 178 96 saepe
742 866 138 96 iam
821 866 276 96 repetitur,
1039 866 138 96 est
1118 866 178 96 fauor
1236 866 99 96 &
1276 866 316 96 beneuolentia
1532 866 158 96 dei,
1631 866 138 96 qua
1710 866 158 96 ille
1809 866 118 96 in
1868 866 138 96 nos
1947 866 138 96 non
2026 866 138 96 per
2085 866 99 96 sen

534 921 230 101 libilia,
706 921 134 101 sed
783 921 191 101 suapte
916 921 287 101 propensione
1146 921 230 101 potentia
1318 921 96 101 &
1356 921 210 101 uirtute
1509 921 210 101 fertur.
1663 921 287 101 Spiritualia
1892 921 153 101 haec
1988 921 172 101 sunt:
2083 921 96 101 er-

521 978 127 104 go
584 978 253 104 spiritus
774 978 211 104 munere
922 978 105 104 &
964 978 359 104 interuentione
1259 978 359 104 perficiuntur.
1554 978 232 104 Spiritu
1723 978 148 104 suo
1807 978 316 104 coniungitur
2039 978 148 104 nobis

532 1043 178 87 deus,
651 1043 138 87 nos
730 1043 158 87 illi
828 1043 178 87 fide,
947 1043 237 87 spiritus
1124 1043 158 87 dono
1223 1043 276 87 copulamur:
1440 1043 118 87 id
1499 1043 158 87 quod
1598 1043 118 87 in
1657 1043 296 87 euangelicis
1874 1043 316 87 apostolicisque

524 1107 230 80 literis
691 1107 230 80 nuspiam
859 1107 146 80 non
942 1107 209 80 obuium
1068 1107 125 80 est.

614 1145 248 89 Proinde
795 1145 203 89 uerba
930 1145 248 89 Canonis
1110 1145 203 89 Cons.
1245 1145 248 89 Niceni,
1426 1145 270 89 Baptisma
1629 1145 248 89 nostrum
1809 1145 158 89 non
1876 1145 316 89 sensibilibus

533 1204 231 101 oculis,
701 1204 147 101 sed
785 1204 294 101 mentalibus
1016 1204 357 101 considerandum
1310 1204 168 101 est.
1415 1204 189 101 Aquam
1541 1204 210 101 uides,
1688 1204 273 101 considera
1898 1204 231 101 diuinam
2066 1204 168 101 uim,

526 1272 160 75 quae
626 1272 120 75 in
686 1272 181 75 aquis
807 1272 181 75 latet
927 1272 140 75 &c,
1007 1272 140 75 non
1088 1272 140 75 ita
1168 1272 201 75 crasse
1308 1272 100 75 &
1348 1272 221 75 ruditer
1509 1272 321 75 intelligenda
1770 1272 181 75 sunt.
1890 1272 140 75 Nam
1970 1272 201 75 oratio
2091 1272 100 75 sym

524 1317 212 98 bolica
672 1317 169 98 est,
778 1317 169 98 quam
884 1317 169 98 nemo
990 1317 148 98 non
1074 1317 127 98 eo
1138 1317 212 98 quidem
1286 1317 233 98 tempore
1456 1317 360 98 intelligebat:
1752 1317 212 98 sicuti
1900 1317 106 98 &
1943 1317 191 98 nobis
2049 1317 148 98 hodie

525 1377 176 81 nouum
643 1377 98 81 &
682 1377 254 81 difficile
877 1377 137 81 non
955 1377 156 81 est,
1053 1377 117 81 si
1112 1377 156 81 quis
1209 1377 176 81 dicat
1326 1377 117 81 in
1385 1377 215 81 sigillo
1541 1377 156 81 esse
1639 1377 176 81 fidem
1756 1377 98 81 &
1795 1377 274 81 ueritatem:
2010 1377 117 81 in
2049 1377 137 81 annu-

530 1435 130 83 lo
595 1435 281 83 coniugali
811 1435 194 83 fidem
941 1435 108 83 &
984 1435 216 83 amorem
1135 1435 302 83 coniugalem
1373 1435 108 83 :
1416 1435 130 83 in
1481 1435 238 83 sceptro
1654 1435 108 83 &
1697 1435 216 83 corona
1848 1435 216 83 regiam
1978 1435 216 83 potesta-

528 1491 180 83 tem.
641 1491 158 83 Nam
731 1491 180 83 nemo
844 1491 158 83 tam
934 1491 248 83 ineptus
1115 1491 180 83 est,
1227 1491 135 83 ut
1295 1491 248 83 propter
1475 1491 293 83 huiusmodi
1701 1491 338 83 loquutionem
1949 1491 248 83 contendat

532 1552 141 83 res
612 1552 181 83 ipsas
733 1552 120 83 in
793 1552 201 83 signis
933 1552 261 83 contineri
1134 1552 261 83 inclusas:
1335 1552 301 83 loquutionis
1576 1552 181 83 genus
1696 1552 100 83 &
1736 1552 341 83 consuetudinem
2017 1552 221 83 quisque

511 1622 242 81 agnoscit.

632 1655 150 87 Huc
717 1655 150 87 iam
803 1655 258 87 pertinet
997 1655 172 87 quod
1104 1655 236 87 Ioannes
1276 1655 258 87 Baptista
1469 1655 129 87 in
1533 1655 236 87 lordane
1705 1655 258 87 flumine,
1898 1655 172 87 quod
1984 1655 215 87 apostoli

549 1717 223 80 denique
711 1717 162 80 ipsi
812 1717 304 80 baptisarunt
1055 1717 162 80 aqua
1157 1717 142 80 non
1238 1717 284 80 consecrata
1461 1717 243 80 parataue
1643 1717 182 80 ullis
1764 1717 405 80 excantationibus,
2089 1717 101 80 in-

539 1768 371 89 suffationibus
845 1768 109 89 &
888 1768 393 89 characteribus,
1215 1768 131 89 ad
1281 1768 327 89 recipiendam
1543 1768 109 89 &
1586 1768 393 89 transfundendam
1913 1768 153 89 dei
2001 1768 240 89 gratiam

545 1820 131 88 in
611 1820 349 88 baptizandos.
894 1820 196 88 Vidit
1025 1820 261 88 Aethiops
1221 1820 131 88 in
1286 1820 196 88 Actis
1417 1820 327 88 apostolorum
1678 1820 240 88 fontem,
1852 1820 196 88 nullo
1961 1820 240 88 delibutum

541 1876 178 93 oleo,
660 1876 138 93 nec
739 1876 178 93 ullis
857 1876 296 93 consecratum
1094 1876 276 93 carminibus
1311 1876 217 93 sacris,
1469 1876 197 93 nullis
1607 1876 217 93 denique
1765 1876 395 93 exufflationibus,
2081 1876 118 93 cere

546 1929 171 93 orum
652 1929 320 93 immissione,
908 1929 107 93 &
951 1929 235 93 crucium
1122 1929 256 93 picturis
1314 1929 277 93 formatum,
1527 1929 213 93 nihilo
1676 1929 192 93 minus
1804 1929 256 93 Philippo
1975 1929 213 93 apostolo

545 1986 201 91 dicit,
686 1986 161 91 Ecce
786 1986 181 91 aqua,
907 1986 161 91 quid
1008 1986 181 91 uetat
1128 1986 141 91 quo
1209 1986 181 91 minus
1330 1986 262 91 baptizer?
1531 1986 121 91 At
1591 1986 262 91 Philippus
1793 1986 181 91 fidem
1913 1986 282 91 requisiuit
2115 1986 80 91 in

534 2041 237 94 dominum
707 2041 216 94 Iesum,
858 2041 108 94 &
901 2041 324 94 confitentem
1160 2041 259 94 protinus
1354 2041 324 94 baptizauit,
1613 2041 194 94 nulla
1743 2041 216 94 fontis
1872 2041 324 94 consecratione

539 2096 298 103 praemissa,
773 2096 149 103 qua
858 2096 276 103 uidelicet
1070 2096 234 103 gratiam
1240 2096 255 103 spiritus
1432 2096 213 103 sancti
1580 2096 106 103 &
1623 2096 149 103 uim
1708 2096 340 103 regenerantem
1984 2096 128 103 in
2048 2096 191 103 aquam

546 2171 287 94 deuocaret,
772 2171 308 94 protinusque
1018 2171 246 94 Aethiopi
1203 2171 123 94 ad
1264 2171 369 94 purificationem
1551 2171 267 94 affunderet.

631 2202 166 107 Quod
735 2202 124 107 si
797 2202 332 107 perrexerimus
1066 2202 269 107 elementis
1274 2202 207 107 indere
1419 2202 186 107 ipsam
1543 2202 145 107 dei
1626 2202 249 107 gratiam,
1812 2202 104 107 &
1854 2202 145 107 res
1937 2202 186 107 ipsas
2040 2202 166 107 signis

549 2270 393 79 repraesentatas,
880 2270 166 79 quis
984 2270 145 79 non
1067 2270 228 79 uideat,
1232 2270 207 79 quanto
1377 2270 145 79 cum
1460 2270 269 79 periculo,
1667 2270 166 79 apud
1770 2270 269 79 simplices
1977 2270 228 79 maxime,
2122 2270 83 79 id

541 2322 218 88 facturi
700 2322 198 88 simus?
838 2322 139 88 His
918 2322 159 88 enim
1017 2322 357 88 suppeditabitur
1314 2322 218 88 occasio
1473 2322 337 88 idololatriae,
1750 2322 337 88 inhaerendique
2008 2322 198 88 sensibi-

541 2376 207 91 libus:
686 2376 104 91 a
728 2376 207 91 quibus
873 2376 186 91 etiam
997 2376 269 91 requirent
1204 2376 104 91 &
1246 2376 332 91 postulabunt,
1515 2376 166 91 quae
1619 2376 249 91 eleuatis
1805 2376 124 91 in
1867 2376 207 91 coelum
1992 2376 207 91 mentibus

536 2438 133 87 ab
602 2438 244 87 authore
780 2438 200 87 omnis
913 2438 178 87 boni
1024 2438 155 87 Deo
1113 2438 244 87 fuerant
1291 2438 266 87 petenda.
1491 2438 178 87 Quod
1602 2438 178 87 enim
1713 2438 289 87 obiicitur
1935 2438 222 87 diuina
2068 2438 133 87 qua-

542 2491 138 90 dam
621 2491 237 90 pactione
799 2491 138 90 sic
879 2491 297 90 constitutum
1116 2491 158 90 esse
1215 2491 277 90 diuinitus,
1432 2491 119 90 ut
1492 2491 119 90 in
1551 2491 119 90 se
1611 2491 218 90 habeant
1769 2491 277 90 sacramenta
1986 2491 257 90 gratiam,.

551 2548 97 93 &
589 2548 117 93 ex
648 2548 117 93 se
706 2548 175 93 ipsis
823 2548 195 93 ueluti
959 2548 214 93 canales
1115 2548 175 93 aquam
1232 2548 214 93 gratiae
1388 2548 311 93 transfundant
1641 2548 117 93 in
1699 2548 273 93 sitientes,
1913 2548 156 93 sine
1991 2548 214 93 scriptura

540 2603 149 98 rum
625 2603 319 98 authoritate
880 2603 106 98 &
923 2603 213 98 contra
1072 2603 192 98 ueram
1200 2603 298 98 religionem
1434 2603 256 98 dicitur.
1626 2603 128 98 Id
1690 2603 170 98 quod
1796 2603 128 98 ex
1860 2603 298 98 disputatis
2073 2603 128 98 huc-

530 2669 198 74 susque
669 2669 178 74 satis
788 2669 198 74 patere
927 2669 297 74 arbitramur.
1165 2669 198 74 Quibus
1303 2669 99 74 &
1343 2669 159 74 illa
1422 2669 258 74 subijcimus,

619 2713 196 88 Sancti
756 2713 98 88 &
795 2713 196 88 electi
932 2713 137 88 dei
1010 2713 137 88 non
1089 2713 137 88 tum
1167 2713 196 88 primum
1304 2713 196 88 gratia
1441 2713 137 88 dei
1519 2713 235 88 donisque
1695 2713 293 88 coelestibus
1929 2713 313 88 participant,

531 2768 108 92 i
575 2768 151 92 cum
661 2768 302 92 sacramenta
898 2768 324 92 percipiunt.
1157 2768 216 92 Etenim
1308 2768 194 92 rebus
1438 2768 194 92 prius
1567 2768 173 92 quam
1675 2768 216 92 signis
1826 2768 345 92 participant.
2107 2768 151 92 Nam

534 2823 205 97 aperte
677 2823 246 97 traditur
861 2823 205 97 nobis,
1005 2823 164 97 quod
1107 2823 225 97 Abraham
1271 2823 184 97 pater
1394 2823 205 97 noster
1538 2823 184 97 prius
1661 2823 205 97 fuerit
1804 2823 348 97 iustificatus,
2091 2823 164 97 quam

540 2886 329 87 circumcisus.
808 2886 164 87 Inde
910 2886 164 87 uero
1013 2886 164 87 quis
1116 2886 144 87 non
1198 2886 267 87 colligat,
1404 2886 370 87 circumcisionis
1712 2886 288 87 sacramento
1938 2886 164 87 ipsi
2041 2886 144 87 non
2102 2886 103 87 col

537 2949 186 88 latam
661 2949 103 88 &
703 2949 269 88 exhibitam
909 2949 165 88 esse
1013 2949 413 88 iustificationem,
1364 2949 145 88 sed
1446 2949 145 88 eam
1529 2949 165 88 quam
1632 2949 165 88 fide
1736 2949 186 88 prius
1860 2949 289 88 possidebat
2066 2949 145 88 obsi
