2288 3632
464 320 285 74 mandatis,
683 320 153 74 ait
771 320 263 74 dominus,
968 320 241 74 pendent
1144 320 153 74 lex
1231 320 110 74 &
1275 320 307 74 prophetae.

552 373 330 81 Dilectione
812 373 165 81 dei
906 373 189 81 deum
1025 373 260 81 amamus,
1213 373 165 81 deo
1308 373 260 81 tanquam
1497 373 212 81 unico
1638 373 212 81 summo
1780 373 118 81 &
1827 373 260 81 aeterno
1992 373 142 81 bono

468 450 327 56 adhaeremus,
730 450 131 56 in
795 450 174 56 ipso
904 450 152 56 nos
991 450 305 56 oblectamur
1230 450 109 56 &
1274 450 370 56 acquiescimus,
1579 450 218 56 nosque
1731 450 131 56 ad
1797 450 305 56 uoluntatem
2014 450 131 56 eius

479 493 306 78 componimus,
724 493 123 78 in
785 493 225 78 omnibus
948 493 245 78 dilectum
1132 493 327 78 respicientes
1398 493 184 78 atque
1520 493 347 78 desiderantes.
1806 493 225 78 Plurima
1970 493 143 78 hic
2031 493 102 78 si-

471 554 157 63 mul
560 554 179 63 sunt
672 554 291 63 proposita
896 554 179 63 quae
1008 554 314 63 sigillatim
1255 554 112 63 &
1300 554 157 63 per
1389 554 224 63 partes
1546 554 291 63 copiosius
1770 554 202 63 paulo
1882 554 247 63 exponemus

467 608 225 70 Amamus
624 608 315 70 dilectione
871 608 202 70 deum.
1006 608 225 70 Amamus
1164 608 202 70 autem
1299 608 202 70 chara
1434 608 112 70 &
1479 608 180 70 quae
1591 608 270 70 uidentur
1794 608 202 70 nobis
1929 608 180 70 esse
2019 608 112 70 ex-

479 661 319 81 petibilia,
730 661 114 81 &
775 661 228 81 amamus
935 661 228 81 quidem
1094 661 182 81 illa
1208 661 159 81 non
1299 661 159 81 tam
1390 661 251 81 propter
1573 661 205 81 bonum
1709 661 273 81 nostrum,
1914 661 182 81 quam
2005 661 137 81 quod

480 726 143 64 nos
561 726 184 64 ipsos
684 726 184 64 totos
807 726 246 64 adamatis
991 726 307 64 coniungere,
1237 726 102 64 &
1278 726 184 64 quasi
1401 726 246 64 perpetuo
1585 726 287 64 consecrare
1810 726 307 64 dedicareque
2036 726 102 64 de-

479 776 291 65 sideramus.
708 776 145 65 Ita
791 776 187 65 certe
916 776 229 65 cupimus
1082 776 145 65 cum
1165 776 145 65 deo
1248 776 249 65 aeternum
1435 776 270 65 coniungi,
1643 776 229 65 adeoque
1809 776 104 65 &
1851 776 270 65 charitate
2038 776 104 65 con

469 828 249 74 iungimur
656 828 145 74 cum
739 828 166 74 deo:
842 828 186 74 iuxta
966 828 186 74 illud
1091 828 269 74 apostoli,
1298 828 166 74 Deus
1401 828 249 74 charitas
1588 828 166 74 est,
1691 828 104 74 &
1733 828 145 74 qui
1816 828 186 74 manet
1940 828 124 74 in
1981 828 166 74 chari-

478 898 192 57 tate,
605 898 128 57 in
669 898 149 57 deo
755 898 213 57 manet,
904 898 106 57 &
946 898 170 57 deus
1053 898 128 57 in
1117 898 149 57 eo.
1202 898 149 57 Sic
1287 898 192 57 autem
1415 898 298 57 adhaeremus
1649 898 149 57 deo
1734 898 234 57 tanquam
1905 898 192 57 unico
2011 898 128 57 sum-

470 946 127 66 mo
533 946 106 66 &
576 946 233 66 aeterno
745 946 191 66 bono,
872 946 127 66 in
936 946 148 66 quo
1020 946 191 66 etiam
1148 946 148 66 nos
1232 946 297 66 oblectamur
1465 946 148 66 non
1550 946 318 66 uulgariter.
1804 946 127 66 In
1868 946 127 66 eo
1910 946 233 66 acquiesci

469 1000 170 62 mus,
575 1000 297 62 sentientes
809 1000 191 62 extra
936 1000 170 62 hunc
1042 1000 149 62 non
1127 1000 170 62 esse
1234 1000 191 62 bonum
1361 1000 212 62 ullum:
1510 1000 106 62 &
1552 1000 127 62 in
1616 1000 149 62 hoc
1701 1000 212 62 rursus
1850 1000 255 62 inueniri
2020 1000 127 62 bona

479 1052 215 66 omnia.
629 1052 237 66 Proinde
801 1052 151 66 non
887 1052 194 66 aliud
1016 1052 194 66 bonum
1145 1052 194 66 extra
1274 1052 172 66 deum
1382 1052 237 66 amamus.
1554 1052 129 66 Ac
1618 1052 172 66 prae
1726 1052 237 66 dilecto
1898 1052 215 66 facile
2027 1052 108 66 fa-

479 1108 256 65 stidimus
670 1108 106 65 &
713 1108 256 65 calcamus
905 1108 170 65 alia
1011 1108 128 65 in
1075 1108 170 65 orbe
1182 1108 170 65 quae
1288 1108 256 65 uidentur
1480 1108 170 65 bona
1586 1108 213 65 omnia:
1735 1108 149 65 imo
1821 1108 234 65 superat
1991 1108 128 65 in
2034 1108 106 65 no-

463 1172 146 56 bis
547 1172 146 56 dei
630 1172 251 56 dilectio
818 1172 125 56 ea
881 1172 209 56 quoque
1027 1172 167 56 mala
1132 1172 167 56 quae
1236 1172 251 56 alioquin
1424 1172 251 56 uidentur
1613 1172 251 56 inuicta.
1801 1172 209 56 Paulum
1926 1172 209 56 audiamus

458 1220 98 76 s
498 1220 157 76 haec
596 1220 177 76 magno
714 1220 216 76 spiritu
871 1220 275 76 perorantem
1088 1220 177 76 atque
1206 1220 256 76 dicentem,
1402 1220 157 76 Quis
1501 1220 138 76 nos
1579 1220 256 76 separabit
1776 1220 98 76 a
1815 1220 275 76 dilectione
2012 1220 118 76 dei-

477 1287 151 59 num
564 1287 302 59 afflictio:
801 1287 151 59 num
887 1287 281 59 angustia:
1103 1287 151 59 num
1190 1287 345 59 persequutio:
1470 1287 151 59 num
1556 1287 237 59 fames?:
1729 1287 151 59 num
1815 1287 237 59 nuditas
1988 1287 108 59 ?
2031 1287 151 59 num

476 1341 306 66 periculum:
717 1341 153 66 num
804 1341 262 66 gladius.
1001 1341 328 66 Quemadmodum
1263 1341 262 66 scriptum
1460 1341 175 66 est,
1569 1341 241 66 Propter
1744 1341 131 66 te
1810 1341 262 66 tradimur
1985 1341 153 66 morti

475 1404 163 51 tota
576 1404 163 51 die:
678 1404 203 51 habiti
820 1404 183 51 sumus
942 1404 203 51 ueluti
1085 1404 163 51 oues
1186 1404 285 51 destinatae
1410 1404 305 51 mactationi.
1654 1404 183 51 Verum
1776 1404 122 51 in
1837 1404 142 51 his
1918 1404 224 51 omnibus
2061 1404 81 51 su

481 1441 241 79 peramus
656 1441 153 79 per
744 1441 153 79 eum
831 1441 153 79 qui
918 1441 241 79 dilexit
1093 1441 175 79 nos.
1203 1441 153 79 Nam
1290 1441 175 79 mihi
1400 1441 284 79 persuasum
1618 1441 219 79 habeo,
1771 1441 175 79 quod
1881 1441 197 79 neque
1990 1441 153 79 mors,

471 1511 163 62 neque
579 1511 163 62 uita,
688 1511 163 62 neque
796 1511 199 62 angeli,
941 1511 163 62 neque
1049 1511 289 62 principatus,
1284 1511 163 62 neque
1392 1511 271 62 potestates,
1609 1511 163 62 neque
1717 1511 253 62 instantia,
1916 1511 163 62 neque
2007 1511 126 62 futu-

478 1553 129 76 ra,
551 1553 166 76 neque
662 1553 240 76 altitudo,
846 1553 166 76 neque
957 1553 295 76 profunditas,
1197 1553 166 76 neque
1307 1553 148 76 ulla
1399 1553 221 76 creatura
1565 1553 148 76 alia
1658 1553 203 76 poterit
1805 1553 129 76 nos
1879 1553 221 76 separare
2045 1553 92 76 a
2063 1553 74 76 di

472 1620 253 59 lectione
662 1620 148 59 dei
746 1620 169 59 quae
852 1620 148 59 est
936 1620 127 59 in
1000 1620 232 59 Christo
1169 1620 169 59 Iesu
1274 1620 211 59 domino
1422 1620 232 59 nostro.
1591 1620 253 59 Hactenus
1781 1620 317 59 recensuimus
2013 1620 127 59 uer-

465 1669 130 68 ba
530 1669 217 68 Pauli.

566 1718 253 73 Dilectio
756 1718 148 73 dei
840 1718 232 73 efficit
1009 1718 126 73 ut
1072 1718 148 73 nos
1156 1718 190 73 totos
1283 1718 295 73 componamus
1515 1718 126 73 ad
1578 1718 169 73 eius
1683 1718 295 73 uoluntatem
1915 1718 105 73 &
1936 1718 211 73 institu-

458 1776 107 65 e
500 1776 150 65 ta,
586 1776 171 65 quem
693 1776 278 65 diligimus
906 1776 128 65 ex
970 1776 214 65 animo.
1120 1776 150 65 Imo
1205 1776 256 65 iucundum
1398 1776 107 65 &
1440 1776 320 65 suauissimum
1697 1776 150 65 est
1782 1776 278 65 diligenti
1996 1776 171 65 deum

477 1834 200 69 facere
617 1834 160 69 quod
717 1834 281 69 intelligit
938 1834 200 69 gratum
1078 1834 160 69 esse
1178 1834 140 69 deo
1258 1834 120 69 si
1319 1834 180 69 fiat,
1439 1834 260 69 Reueretur
1639 1834 240 69 dilectum
1819 1834 200 69 animus
1940 1834 200 69 diligen-

466 1903 169 59 tis.
571 1903 232 59 Nuspiam
740 1903 211 59 amouet
887 1903 211 59 oculos
1035 1903 105 59 a
1077 1903 253 59 dilecto.
1267 1903 274 59 Desiderat
1478 1903 211 59 semper
1625 1903 105 59 &
1667 1903 126 59 in
1731 1903 232 59 omnibus
1899 1903 274 59 dilectum,

467 1940 224 61 Gaudet
623 1940 224 61 omnino
780 1940 313 61 frequenter
1026 1940 268 61 colloqui
1227 1940 157 61 cum
1317 1940 179 61 deo,
1428 1940 112 61 &
1473 1940 268 61 uicissim
1674 1940 224 61 audire
1831 1940 201 61 uerba
1943 1940 201 61 loquen-

469 1995 139 69 tis
548 1995 119 69 in
608 1995 257 69 scriptura
806 1995 158 69 dei.
905 1995 218 69 Dominus
1063 1995 158 69 enim
1162 1995 119 69 in
1222 1995 257 69 euangelio
1420 1995 198 69 dicit,
1559 1995 119 69 Si
1618 1995 158 69 quis
1717 1995 218 69 diligit
1876 1995 139 69 me,
1935 1995 198 69 sermonem

468 2056 174 68 meum
577 2056 283 68 seruabit.
794 2056 152 68 Qui
881 2056 152 68 non
968 2056 239 68 diligit
1142 2056 152 68 me,
1229 2056 261 68 sermones
1425 2056 174 68 meos
1533 2056 152 68 non
1620 2056 239 68 seruat.
1794 2056 196 68 Item,
1925 2056 217 68 Manete
2055 2056 87 68 in

474 2115 277 67 dilectione
692 2115 158 67 mea.
790 2115 119 67 Si
850 2115 237 67 precepta
1027 2115 138 67 mea
1107 2115 336 67 seruaueritis,
1383 2115 257 67 manebitis
1581 2115 119 67 in
1640 2115 277 67 dilectione
1857 2115 158 67 mea,
1956 2115 178 67 sicut
2075 2115 99 67 &

470 2166 138 72 ego
549 2166 257 72 praecepta
747 2166 197 72 patris
885 2166 138 72 mei
964 2166 237 72 seruaui,
1141 2166 99 72 &
1181 2166 178 72 maneo
1299 2166 118 72 in
1358 2166 158 72 eius
1457 2166 296 72 dilectione,
1694 2166 217 72 Rursus,
1852 2166 118 72 Si
1911 2166 158 72 quis
1990 2166 138 72 dili-

465 2227 151 71 git
552 2227 151 71 me,
638 2227 259 71 sermonem
832 2227 173 71 meum
940 2227 280 71 seruabit,
1156 2227 108 71 &
1199 2227 194 71 pater
1328 2227 173 71 meus
1436 2227 237 71 diliget
1608 2227 173 71 eum:
1716 2227 108 71 &
1759 2227 129 71 ad
1824 2227 151 71 eum
1889 2227 237 71 ueniemus,

475 2278 120 79 &
523 2278 313 79 mansionem
764 2278 193 79 apud
884 2278 168 79 eum
956 2278 265 79 faciemus,

561 2332 153 65 Sed
649 2332 263 65 audiamus
846 2332 197 65 porro
977 2332 197 65 ipsum
1109 2332 197 65 Mosen
1240 2332 153 65 dei
1328 2332 241 65 seruum,
1503 2332 329 65 explicantem
1766 2332 197 65 atque
1898 2332 285 65 tradentem

476 2396 179 59 nobis
595 2396 179 59 modum
714 2396 99 59 &
754 2396 238 59 rationem
933 2396 298 59 dilectionis
1171 2396 159 59 dei,
1270 2396 199 59 quanta
1409 2396 238 59 scilicet
1588 2396 159 59 esse
1687 2396 199 59 debeat
1826 2396 119 59 in
1886 2396 238 59 electis.
2045 2396 79 59 Di

465 2450 186 68 liges
589 2450 228 68 dominum
755 2450 165 68 deum
858 2450 186 68 tuum,
982 2450 165 68 ait,
1086 2450 165 68 toto
1189 2450 186 68 corde
1313 2450 165 68 tuo,
1417 2450 103 68 &
1458 2450 165 68 tota
1562 2450 186 68 anima
1686 2450 165 68 tua,
1789 2450 124 68 ac
1851 2450 165 68 tota
1934 2450 186 68 uirtute

467 2500 162 73 tua.
568 2500 182 73 Eadem
689 2500 182 73 prope
810 2500 182 73 uerba
931 2500 242 73 repetijt
1113 2500 121 73 in
1174 2500 263 73 euangelio
1376 2500 222 73 dominus
1537 2500 202 73 noster
1679 2500 121 73 ac
1739 2500 202 73 dixit,
1881 2500 222 73 Diliges
2022 2500 101 73 do-

465 2557 182 71 minum
586 2557 161 71 deum
687 2557 161 71 tuum
788 2557 121 71 ex
848 2557 161 71 toto
949 2557 182 71 corde
1070 2557 161 71 tuo,
1171 2557 101 71 &
1211 2557 121 71 ex
1272 2557 161 71 tota
1373 2557 182 71 anima
1494 2557 161 71 tua,
1595 2557 101 71 &
1635 2557 121 71 ex
1695 2557 182 71 totis
1816 2557 222 71 uiribus
1978 2557 182 71 tuis,

469 2615 107 62 &
511 2615 128 62 ex
575 2615 171 62 tota
682 2615 192 62 mente
810 2615 171 62 tua.
916 2615 341 62 Intelligimus
1194 2615 128 62 ex
1258 2615 149 62 his
1343 2615 213 62 omnium
1492 2615 235 62 maximam
1663 2615 107 62 a
1706 2615 192 62 nobis
1833 2615 235 62 requiri
1983 2615 149 62 dile-

458 2676 236 68 ctionem
629 2676 172 68 dei:
736 2676 215 68 quippe
887 2676 172 68 quae
994 2676 172 68 sibi
1101 2676 193 68 totum
1230 2676 236 68 hominem
1402 2676 236 68 quantus
1573 2676 236 68 quantus
1745 2676 172 68 est,
1852 2676 107 68 &
1895 2676 193 68 omnes
2002 2676 129 68 par-

468 2726 141 63 tes
548 2726 161 63 eius
649 2726 262 63 uindicat.
851 2726 181 63 Mente
972 2726 161 63 homo
1072 2726 302 63 intelligit.
1314 2726 121 63 In
1375 2726 181 63 corde
1495 2726 141 63 est
1576 2726 181 63 sedes
1697 2726 262 63 affectuum
1898 2726 101 63 &
1919 2726 201 63 uolunta-

467 2781 159 65 tis.
567 2781 179 65 Vires
686 2781 219 65 hominis
845 2781 159 65 sunt
944 2781 179 65 omnes
1063 2781 278 65 facultates
1282 2781 239 65 hominis,
1461 2781 159 65 ipsa
1560 2781 199 65 inquam
1700 2781 199 65 dicta,
1839 2781 199 65 facta,
1958 2781 159 65 consi-

460 2836 160 64 lia,
560 2836 180 64 opes,
680 2836 100 64 &
720 2836 160 64 tota
820 2836 300 64 substantia.
1061 2836 180 64 Anima
1181 2836 220 64 denique
1341 2836 160 64 uita
1441 2836 160 64 est.
1541 2836 160 64 Haec
1641 2836 180 64 autem
1762 2836 180 64 omnia
1882 2836 120 64 ad
1922 2836 200 64 diligen-

460 2900 149 60 dum
545 2900 171 60 deum
652 2900 299 60 conuertere
887 2900 256 60 iubemur,
1079 2900 149 60 dum
1164 2900 320 60 praecipitur
1420 2900 171 60 deus
1527 2900 299 60 diligendus
1762 2900 171 60 esse
1869 2900 128 60 ex
1933 2900 171 60 tota
2018 2900 107 60 ani

466 2952 139 76 ma,
545 2952 119 76 ex
605 2952 178 76 totis
724 2952 238 76 uiribus,
902 2952 119 76 ex
961 2952 158 76 tota
1060 2952 198 76 mente,
1199 2952 119 76 ex
1258 2952 158 76 toto
1358 2952 198 76 corde.
1496 2952 178 76 Nihil
1615 2952 119 76 in
1674 2952 139 76 his
1754 2952 257 76 omittitur
1952 2952 158 76 quod
2031 2952 99 76 non
