2288 3632
478 287 282 113 obsignatio
700 287 101 113 :
740 287 141 113 cum
821 287 161 113 uero
922 287 282 113 praecessit
1143 287 182 113 fides
1264 287 242 113 spiritus
1446 287 202 113 sancti
1587 287 202 113 donum,
1728 287 282 113 firmissima
1950 287 141 113 est
2011 287 161 113 sacra-

477 381 246 64 mentorum
661 381 307 64 obsignatio,
907 381 184 64 Recte
1030 381 164 64 alij
1132 381 225 64 quoque.
1296 381 123 64 Si
1357 381 184 64 desit
1480 381 266 64 mentibus,
1685 381 266 64 inquiunt,
1890 381 246 64 spiritus
2054 381 123 64 san-

476 420 172 90 ctus,
591 420 191 90 nihilo
725 420 153 90 plus
820 420 153 90 ipsa
916 420 249 90 praestant
1107 420 153 90 quam
1203 420 191 90 caecis
1337 420 191 90 oculis
1470 420 172 90 iubar
1585 420 172 90 solis
1700 420 344 90 illustrissimum
1987 420 191 90 licet.
2102 420 77 90 Si

478 485 159 75 uero
578 485 159 75 isti
677 485 140 75 per
757 485 239 75 spiritus
936 485 359 75 illuminationem
1235 485 239 75 pateant,
1415 485 179 75 ualde
1534 485 299 75 afficiuntur
1773 485 199 75 diuino
1893 485 279 75 sacramentoum

476 527 309 91 spectaculo.
724 527 124 91 Et
786 527 268 91 &uinglius
992 527 124 91 in
1054 527 227 91 libello
1219 527 124 91 ad
1280 527 268 91 principes
1487 527 289 91 Germanies,
1713 527 144 91 Nos
1796 527 144 91 non
1878 527 268 91 offendit,
2064 527 103 91 in-

488 601 182 77 quit,
609 601 222 77 etiamsi
771 601 243 77 uniuersa
953 601 162 77 quae
1054 601 243 77 spiritus
1236 601 263 77 operatur,
1438 601 121 77 ad
1499 601 243 77 externum
1681 601 303 77 sacramentum
1903 601 263 77 referantur-

482 662 239 61 dummodo
656 662 282 61 symbolice
873 662 217 61 dicta,
1025 662 239 61 quomodo
1199 662 217 61 patres
1351 662 217 61 locuti
1503 662 195 61 sunt,
1633 662 369 61 intelligamus.
1937 662 174 61 Haec
2046 662 174 61 ille

568 710 123 67 Et
630 710 206 67 quauis
774 710 288 67 sacramenta
1000 710 288 67 incredulis
1227 710 144 67 non
1309 710 267 67 obsignent
1515 710 329 67 promisiones,
1782 710 206 67 quibus
1926 710 288 67 diffidunt,

483 766 210 73 nihilo
630 766 189 73 minus
756 766 189 73 tamen
882 766 294 73 sacramenta
1113 766 126 73 ut
1176 766 273 73 obsignent
1385 766 273 73 diuinitus
1595 766 273 73 instituta
1805 766 189 73 sunt.
1931 766 147 73 Non
1994 766 189 73 recipit

488 811 271 84 doctrinam
697 811 313 84 euangelicam
947 811 230 84 impius,
1114 811 167 84 ideo
1219 811 188 84 tamen
1344 811 167 84 nemo
1448 811 271 84 colligit,
1657 811 271 84 doctrinam
1866 811 104 84 a
1908 811 146 84 deo
1991 811 146 84 non
2054 811 125 84 esse

486 870 124 78 ad
548 870 248 78 docendum
734 870 310 78 institutam.
982 870 144 78 Est
1064 870 144 78 qui
1147 870 268 78 obsignato
1353 870 268 78 diplomati
1560 870 124 78 no
1622 870 227 78 credat:
1787 870 165 78 ideo
1890 870 186 78 tamen
2014 870 144 78 non
2076 870 103 78 se-

491 921 222 97 quitur,
652 921 222 97 diploma
814 921 242 97 signatum
995 921 182 97 fidei
1116 921 262 97 faciendae
1318 921 141 97 aut
1398 921 323 97 confirmandae
1661 921 141 97 non
1741 921 242 97 seruire.
1923 921 161 97 Ergo
2024 921 141 97 cum
2084 921 101 97 do-

486 988 217 79 ctrina
638 988 173 79 apud
746 988 260 79 rebellem
942 988 195 79 nihil
1072 988 260 79 efficit,
1267 988 152 79 cum
1353 988 303 79 sacramenta
1592 988 282 79 prophanum
1809 988 195 79 nihil
1939 988 217 79 mouent
2069 988 108 79 nec

494 1032 254 99 quicquam
684 1032 233 99 prosunt
853 1032 211 99 impio,
1001 1032 127 99 id
1065 1032 169 99 sane
1170 1032 148 99 non
1255 1032 359 99 instituentis,
1551 1032 148 99 aut
1635 1032 190 99 uerbi
1762 1032 402 99 sacramentorumue
2079 1032 106 99 cul

491 1099 110 87 pa
546 1099 147 87 fit,
637 1099 128 87 sed
711 1099 165 87 uitio
820 1099 256 87 increduli.
1022 1099 128 87 Per
1095 1099 110 87 se
1150 1099 202 87 interim
1297 1099 238 87 instituta
1480 1099 165 87 sunt,
1590 1099 110 87 ut
1645 1099 202 87 prosint
1791 1099 92 87 &
1828 1099 256 87 obsignent,
2011 1099 165 87 suumque

494 1148 130 90 in
559 1148 238 90 sanctis
732 1148 238 90 sanctum
905 1148 173 90 usum
1014 1148 108 90 &
1057 1148 195 90 finem
1187 1148 260 90 habeant.
1381 1148 173 90 Haec
1490 1148 173 90 aunt
1598 1148 260 90 hactenus
1793 1148 130 90 de
1857 1148 195 90 prima
1966 1148 216 90 sacramen

496 1216 192 80 torum
624 1216 235 80 uirtute
794 1216 298 80 attulimus,
1029 1216 171 80 quod
1135 1216 235 80 diuinae
1306 1216 298 80 ueritatis,
1540 1216 171 80 adde
1647 1216 107 80 &
1690 1216 362 80 beneuolentiae
1988 1216 171 80 erga
2073 1216 107 80 nos

500 1270 244 72 diuinae
677 1270 333 72 testimonia,
944 1270 111 72 &
988 1270 244 72 sigilla
1166 1270 178 72 sunt
1277 1270 377 72 euangelicarum
1588 1270 355 72 promissionum
1876 1270 244 72 omnium,
2032 1270 155 72 obsi-

500 1318 247 98 gnantia,
686 1318 186 98 fidem
810 1318 165 98 esse
913 1318 289 98 iustitiam,
1139 1318 103 98 &
1181 1318 186 98 omnia
1304 1318 227 98 Christi
1469 1318 165 98 bona
1572 1318 268 98 pertinere
1778 1318 124 98 ad
1820 1318 247 98 credentes.

579 1372 152 82 EST
666 1372 109 82 &
710 1372 196 82 alius
841 1372 261 82 signorum
1037 1372 392 82 sacramentalium
1363 1372 196 82 finis
1494 1372 109 82 &
1538 1372 196 82 usus,
1668 1372 174 82 quod
1777 1372 283 82 uidelicet
1973 1372 218 82 signifi-

501 1444 172 64 cant
609 1444 108 64 &
652 1444 345 64 significando
932 1444 388 64 repraesentant.
1256 1444 129 64 Id
1320 1444 172 64 quod
1428 1444 366 64 superuacaneum
1730 1444 194 64 esset
1859 1444 259 64 pluribus
2031 1444 151 64 appro

508 1488 166 80 bare
612 1488 332 80 testimonijs,
882 1488 145 80 cum
964 1488 145 80 hoc
1047 1488 228 80 omnibus
1213 1488 145 80 sit
1296 1488 415 80 manifestissimum,
1649 1488 207 80 saltem
1794 1488 124 80 ex
1835 1488 353 80 praecedentibus.

499 1556 142 67 Est
580 1556 183 67 autem
702 1556 325 67 significare,
966 1556 264 67 indicare,
1169 1556 244 67 notisque
1352 1556 102 67 &
1392 1556 203 67 signis
1534 1556 142 67 rem
1615 1556 264 67 declarare
1819 1556 142 67 aut
1900 1556 325 67 demonstrare.

497 1597 383 81 Repraesentare
813 1597 180 81 uero
926 1597 158 81 non
1016 1597 316 81 significat
1264 1597 158 81 rem
1354 1597 248 81 ablatam
1534 1597 248 81 quondam
1715 1597 180 81 nunc
1827 1597 225 81 rursus
1963 1597 225 81 corpora-

493 1653 195 83 liter,
630 1653 117 83 ut
689 1653 195 83 quidam
825 1653 254 83 nugantur,
1020 1653 273 83 praesentem
1235 1653 234 83 sistere,
1411 1653 156 83 dare
1508 1653 137 83 aut
1586 1653 215 83 facere,
1742 1653 137 83 sed
1820 1653 312 83 similitudine
2074 1653 98 83 &
2093 1653 98 83 imi

501 1719 235 77 tatione
672 1719 214 77 quadam
822 1719 257 77 referre,
1014 1719 214 77 eamque
1164 1719 214 77 rursus
1314 1719 257 77 reuocare
1506 1719 128 77 in
1570 1719 235 77 animum,
1742 1719 107 77 &
1784 1719 214 77 oculis
1934 1719 193 77 uelut
2041 1719 150 77 obii-

502 1775 190 66 cere.
629 1775 232 66 Dicimus
798 1775 169 66 enim
903 1775 211 66 filium
1051 1775 359 66 repraesentare
1347 1775 148 66 uel
1431 1775 232 66 referre
1600 1775 232 66 patrem,
1769 1775 148 66 cum
1854 1775 275 66 uidelicet
2044 1775 148 66 forma

497 1817 107 91 &
539 1817 193 91 morum
668 1817 343 91 similitudine
947 1817 215 91 patrem
1097 1817 279 91 exprimit:
1312 1817 150 91 ita
1398 1817 129 91 ut
1462 1817 150 91 qui
1548 1817 172 91 hunc
1655 1817 215 91 uidet,
1806 1817 193 91 putet
1934 1817 236 91 seipsum
2085 1817 107 91 pa-

503 1896 171 60 trem
609 1896 213 60 ueluti
759 1896 299 60 praesentem
972 1896 213 60 cernere.

585 1941 134 72 Et
652 1941 157 72 hac
741 1941 224 72 quidem
898 1941 246 72 ratione
1077 1941 268 72 excitant
1278 1941 112 72 &
1323 1941 268 72 adiuuant
1524 1941 313 72 sacramenta
1770 1941 201 72 fidem
1904 1941 268 72 nostram,
2083 1941 112 72 dum

505 1987 267 85 uidelicet
711 1987 185 85 foris
835 1987 267 85 obiicitur
1040 1987 206 85 nobis,
1184 1987 165 85 quod
1287 1987 206 85 animum
1431 1987 267 85 impellit,
1637 1987 226 85 excitat
1801 1987 103 85 &
1842 1987 329 85 comonefacit,
2089 1987 103 85 imo

508 2049 210 74 illud
648 2049 210 74 ipsum
788 2049 187 74 quod
905 2049 210 74 animo
1045 2049 281 74 iamdudum
1256 2049 351 74 coprehensum
1536 2049 187 74 est,
1653 2049 187 74 nunc
1770 2049 210 74 etiam
1910 2049 187 74 modo
2004 2049 187 74 quodam

502 2098 272 82 sensibus,
711 2098 126 82 in
774 2098 356 82 similitudine,
1067 2098 272 82 parabola,
1276 2098 146 82 aut
1360 2098 167 82 typo
1465 2098 146 82 seu
1548 2098 293 82 inuolucro,
1779 2098 356 82 contemplandum
2051 2098 146 82 uolu-

507 2175 250 65 tandumque
699 2175 192 65 mente,
833 2175 288 65 uisibiliter
1064 2175 250 65 offertur,
1256 2175 115 65 ut
1313 2175 134 65 iam
1390 2175 173 65 mutua
1506 2175 173 65 inter
1621 2175 115 65 se
1678 2175 173 65 opera
1794 2175 250 65 iuuentur.
1967 2175 230 65 Similitudo

515 2213 163 83 ergo
617 2213 143 83 seu
698 2213 245 83 analogia
882 2213 184 83 signi
1005 2213 123 83 ad
1066 2213 245 83 signatum
1250 2213 204 83 obiter
1393 2213 102 83 &
1434 2213 123 83 in
1495 2213 286 83 transcursu
1720 2213 143 83 hic
1802 2213 327 83 consideranda
2067 2213 163 83 est.

591 2268 177 83 Dixi
702 2268 266 83 superius
901 2268 288 83 Analogiam
1122 2268 177 83 esse
1233 2268 354 83 aptitudinem,
1521 2268 354 83 proportionem
1809 2268 111 83 &
1853 2268 376 83 conuenientiam

506 2326 223 93 quandam
668 2326 183 93 signi
790 2326 122 93 ad
851 2326 142 93 rem
932 2326 345 93 significatam:
1216 2326 142 93 ita
1297 2326 122 93 ut
1358 2326 162 93 haec
1459 2326 122 93 in
1520 2326 162 93 illo
1622 2326 183 93 quasi
1744 2326 122 93 in
1804 2326 223 93 speculo
1946 2326 244 93 perspicia-

511 2395 163 68 tur.
613 2395 245 68 Exemplis
797 2395 143 68 res
878 2395 163 68 fiet
981 2395 368 68 illustrissima,
1287 2395 225 68 Recipit
1450 2395 123 68 ex
1512 2395 163 68 mera
1614 2395 204 68 gratia
1757 2395 245 68 benignus
1941 2395 225 68 dominus
2084 2395 102 68 ge-

501 2436 163 83 nus
594 2436 303 83 mortalium
827 2436 140 83 in
896 2436 233 83 omnium
1059 2436 256 83 bonorum
1246 2436 233 83 suorum
1409 2436 349 83 comunionem,
1688 2436 116 83 &
1734 2436 256 83 adoptat
1921 2436 279 83 fideles,
2107 2436 93 83 ut

509 2489 134 91 iam
585 2489 134 91 non
662 2489 153 91 modo
757 2489 153 91 sint
852 2489 248 91 foederati
1043 2489 153 91 dei,
1139 2489 134 91 sed
1215 2489 172 91 etiam
1329 2489 172 91 filij
1444 2489 153 91 dei.
1539 2489 114 91 Id
1597 2489 153 91 quod
1692 2489 191 91 sancta
1825 2489 229 91 baptismi
1997 2489 229 91 actione,

508 2549 167 92 quae
612 2549 167 92 uice
717 2549 188 92 signi
842 2549 146 92 aut
925 2549 188 92 ipsum
1050 2549 209 92 signum
1196 2549 167 92 est,
1300 2549 354 92 euidentissime
1592 2549 209 92 omnium
1738 2549 209 92 oculis
1863 2549 334 92 repraesentando

502 2606 280 82 obiicitur.
722 2606 200 82 Adstat
862 2606 160 82 enim
962 2606 120 82 ad
1022 2606 200 82 fontem
1162 2606 200 82 sacrum
1302 2606 140 82 dei
1381 2606 260 82 minister,
1581 2606 140 82 cui
1661 2606 240 82 offertur
1841 2606 320 82 baptisandus,
2101 2606 140 82 qui

510 2670 127 72 ab
573 2670 169 72 ipso
679 2670 275 72 recipitur
891 2670 106 72 &
933 2670 296 72 baptizatur
1166 2670 127 72 in
1229 2670 190 72 nomen
1356 2670 148 72 uel
1441 2670 127 72 in
1505 2670 212 72 nomine
1653 2670 212 72 patris
1801 2670 106 72 &
1843 2670 190 72 filij
1970 2670 106 72 &
1991 2670 212 72 spiritus

508 2722 232 82 sancti.
677 2722 148 82 Nam
761 2722 253 82 utrunque
951 2722 148 82 est
1036 2722 274 82 inuenire,
1247 2722 127 82 in
1310 2722 190 82 nomen
1437 2722 106 82 &
1479 2722 127 82 in
1542 2722 232 82 nomine.
1711 2722 190 82 Porro
1838 2722 274 82 baptizari
2049 2722 127 82 in
2091 2722 106 82 no-

502 2777 150 83 men
587 2777 235 83 domini,
758 2777 150 83 est
844 2777 128 83 in
908 2777 256 83 uirtutem
1100 2777 107 83 &
1143 2777 278 83 potentiam
1357 2777 321 83 (significat
1613 2777 171 83 enim
1720 2777 192 83 nomen
1848 2777 150 83 dei
1934 2777 299 83 potentiam)

512 2831 123 89 in
574 2831 246 89 gratiam,
759 2831 370 89 misericordiam,
1067 2831 103 89 &
1108 2831 246 89 auxilium
1293 2831 144 89 dei
1375 2831 308 89 consignari,
1621 2831 144 89 imo
1703 2831 226 89 inseri,
1868 2831 103 89 &
1909 2831 144 89 deo
1991 2831 205 89 ueluti
2114 2831 82 89 ag

511 2899 277 83 glutinari,
729 2899 257 83 dedicari,
926 2899 99 83 &
966 2899 316 83 incorporari.
1222 2899 257 83 Baptizari
1420 2899 119 83 in
1479 2899 198 83 nomine
1617 2899 198 83 dmini,
1756 2899 138 83 est
1835 2899 237 83 iussione
2012 2899 138 83 aut
2072 2899 119 83 impe

509 2943 131 95 rio
584 2943 131 95 dei
659 2943 263 95 baptizari,
866 2943 113 95 ex
922 2943 263 95 comisione,
1128 2943 206 95 inquam,
1278 2943 131 95 dei
1353 2943 188 95 patris
1484 2943 113 95 et
1541 2943 169 95 filij
1653 2943 94 95 &
1691 2943 225 95 spiritus
1859 2943 206 95 sancti,
2009 2943 188 95 recipi
2122 2943 75 95 in
