2288 3632
69 285 278 84 consortium
287 285 238 84 filiorum
466 285 159 84 dei,
565 285 218 84 adeoque
724 285 99 84 &
764 285 258 84 accenseri
962 285 238 84 familiae
1141 285 159 84 dei,
1240 285 119 84 ut
1300 285 258 84 baptisati
1498 285 159 84 sint
1597 285 99 84 &
1617 285 139 84 dican

58 355 138 59 tur
137 355 296 59 Christiani,
374 355 335 59 nominenturque
650 355 197 59 nomine
788 355 158 59 dei,
886 355 256 59 appellati
1084 355 177 59 filij
1202 355 138 59 dei
1281 355 217 59 patris,
1439 355 138 59 &c,
1517 355 197 59 Refert
1636 355 118 59 ergo

66 403 223 73 locutio
228 403 203 73 illius
370 403 142 73 non
451 403 203 73 nihil,
594 403 162 73 quod
695 403 183 73 alibi
817 403 223 73 legimus
979 403 183 73 nomen
1101 403 142 73 dei
1182 403 244 73 inuocari
1365 403 183 73 super
1487 403 223 73 aliquo,
1629 403 122 73 quod

65 470 223 67 perinde
227 470 162 67 est,
328 470 121 67 ac
389 470 121 67 si
449 470 243 67 dicamus,
632 470 223 67 aliquem
794 470 202 67 nomine
935 470 142 67 dei
1016 470 223 67 uocari,
1178 470 121 67 id
1239 470 162 67 est,
1340 470 202 67 seruum
1482 470 101 67 &
1522 470 202 67 filium
1644 470 101 67 dei

65 530 261 69 appellari
265 530 160 69 Ergo
366 530 140 69 qui
446 530 180 69 antea
566 530 140 69 per
646 530 221 69 gratiam
807 530 341 69 inuisibiliter
1087 530 100 69 a
1128 530 140 69 deo
1208 530 221 69 recepti
1368 530 160 69 sunt
1468 530 120 69 in
1508 530 241 69 consortium

64 632 166 79 stro
168 632 166 79 dei:
272 632 187 79 atque
396 632 166 79 ideo
500 632 104 79 &
542 632 187 79 nomen
666 632 187 79 simul
791 632 291 79 accipiunt,
1019 632 125 79 ut
1082 632 208 79 semper
1227 632 291 79 meminerint
1456 632 125 79 se
1518 632 228 79 Christo
1663 632 104 79 no-

67 571 158 65 dei,
166 571 158 65 illi
265 571 158 65 idem
364 571 297 65 uisibiliter
602 571 139 65 iam
681 571 139 65 per
760 571 257 65 baptismum
958 571 178 65 eidem
1077 571 139 65 dei
1156 571 238 65 familiae
1334 571 317 65 inscribuntur
1592 571 99 65 a
1611 571 139 65 mini-

61 694 149 68 men
146 694 128 68 in
210 694 256 68 baptismo
401 694 256 68 dedisse,
593 694 256 68 uicissim
785 694 106 68 &
827 694 298 68 accepisse.
1062 694 128 68 Ad
1125 694 170 68 hunc
1232 694 192 68 modum
1360 694 213 68 refert
1509 694 149 68 per
1573 694 170 68 analo-

56 738 177 74 giam
166 738 465 74 accommodatissimam
565 738 199 74 ipsum
697 738 221 74 signum
852 738 155 74 rem
941 738 376 74 significatam.
1250 738 155 74 Fit
1339 738 243 74 denique
1494 738 243 74 Baptismus

65 812 159 67 per
156 812 204 67 aquam
292 812 181 67 Aqua
405 812 181 67 uero
518 812 136 67 in
586 812 204 67 rebus
722 812 249 67 humanis
903 812 272 67 duplicem
1107 812 204 67 habet
1243 812 204 67 usum.
1379 812 226 67 Purgat
1537 812 181 67 enim
1628 812 113 67 sor

72 864 163 59 des,
174 864 286 59 hominemque
398 864 204 59 ueluti
542 864 245 59 renouat:
725 864 143 59 sed
807 864 102 59 &
848 864 225 59 potatac
1011 864 286 59 refrigerat
1236 864 306 59 aestuantem.
1481 864 143 59 Sic
1563 864 184 59 autem
1665 864 82 59 re

61 908 273 69 presentat
271 908 231 69 gratiam
439 908 168 69 dei,
544 908 168 69 quum
649 908 231 69 fideles
817 908 168 69 suos
922 908 231 69 emundat
1090 908 105 69 a
1132 908 273 69 peccatis,
1342 908 273 69 regenerat
1552 908 105 69 &
1573 908 168 69 refri-

64 974 185 71 gerat
188 974 226 71 spiritu
352 974 164 71 suo.
455 974 185 71 Porro
578 974 226 71 aspergi
743 974 144 71 aut
825 974 247 71 affundit
1010 974 206 71 potius
1154 974 185 71 aquam
1277 974 247 71 minister
1462 974 247 71 Christi,
1647 974 144 71 aut

60 1029 250 65 immersos
248 1029 250 65 extrahit
435 1029 125 65 ex
498 1029 208 65 aquis:
644 1029 146 65 qua
727 1029 125 65 re
789 1029 333 65 significatur
1060 1029 167 65 deum
1165 1029 313 65 liberaliter
1415 1029 167 65 dona
1519 1029 146 65 sua
1581 1029 167 65 effun-

72 1080 158 59 dere
171 1080 119 59 in
230 1080 217 59 fideles
389 1080 178 59 suos:
507 1080 316 59 significatur
764 1080 217 59 denique
922 1080 138 59 nos
1001 1080 138 59 cum
1081 1080 217 59 Christo
1239 1080 237 59 sepeliri
1417 1080 119 59 in
1476 1080 198 59 mortem
1595 1080 138 59 eius.

64 1136 106 70 &
106 1136 149 70 cum
191 1136 191 70 eodem
318 1136 276 70 resurgere
531 1136 127 70 in
594 1136 255 70 nouitate
785 1136 212 70 uitae,
934 1136 255 70 Suffocat
1125 1136 191 70 sinus
1252 1136 255 70 erithrei
1443 1136 191 70 maris
1549 1136 191 70 Pharao-

56 1198 178 73 nem,
167 1198 334 73 transmittit
434 1198 200 73 autem
568 1198 245 73 populum
746 1198 178 73 dei.
857 1198 156 73 Nam
946 1198 200 73 uetus
1080 1198 178 73 Adam
1191 1198 267 73 submergi
1392 1198 134 73 ac
1459 1198 289 73 extingui,
1659 1198 89 73 no

64 1257 149 77 uus
149 1257 127 77 de
212 1257 149 77 die
297 1257 127 77 in
361 1257 170 77 diem
467 1257 319 77 reuiuiscere
722 1257 106 77 &
765 1257 255 77 emergere
956 1257 212 77 debet.
1105 1257 234 77 Pulchre
1275 1257 170 77 ergo
1381 1257 255 77 baptismo
1551 1257 191 77 reprae-

137 1357 157 65 lam
226 1357 135 65 in
294 1357 202 65 Coena
429 1357 225 65 domini
586 1357 202 65 Panis
721 1357 112 65 &
766 1357 202 65 Vinum
900 1357 382 65 repraesentant
1215 1357 202 65 ipsum
1350 1357 225 65 corpus
1507 1357 112 65 &
1552 1357 247 65 sangui

59 1300 245 72 sentatur
242 1300 327 72 mortificatio
508 1300 102 72 &
549 1300 306 72 uiuificatio
794 1300 368 72 Christianorum.

68 1417 137 71 nem
147 1417 235 71 Christi,
323 1417 176 71 Ratio
441 1417 176 71 huius
558 1417 157 71 haec
656 1417 157 71 est.
754 1417 118 71 Vt
813 1417 176 71 panis
930 1417 157 71 alit
1028 1417 98 71 &
1067 1417 215 71 roborat
1224 1417 235 71 hominem,
1400 1417 235 71 uiresque
1557 1417 196 71 sufficit

63 1474 131 64 ad
129 1474 327 64 laborandum:
390 1474 153 64 Sic
477 1474 240 64 Christi
652 1474 218 64 corpus
804 1474 153 64 per
892 1474 196 64 fidem
1023 1474 305 64 manducatum
1262 1474 196 64 cibat
1393 1474 109 64 &
1437 1474 218 64 satiat
1568 1474 174 64 animam

69 1527 249 81 hominis,
256 1527 249 81 totumque
442 1527 228 81 hominem
608 1527 124 81 ad
670 1527 187 81 omnia
795 1527 249 81 pietatis
981 1527 228 81 officia
1147 1527 269 81 instruit.
1354 1527 124 81 Vt
1416 1527 187 81 uinum
1541 1527 187 81 potat
1644 1527 104 81 si-

60 1589 217 67 tientes
218 1589 99 67 &
258 1589 277 67 laetificat
475 1589 178 67 corda
593 1589 237 67 hominum:
771 1589 138 67 Sic
850 1589 217 67 sanguis
1008 1589 198 67 domini
1147 1589 158 67 Iesu
1245 1589 217 67 haustus
1403 1589 158 67 fide
1502 1589 277 67 restinguit

72 1637 181 71 sitim
192 1637 281 71 aestuantis
413 1637 341 71 conscientiae,
695 1637 100 71 &
735 1637 201 71 gaudio
875 1637 281 71 ineffabili
1096 1637 261 71 perfundit
1297 1637 181 71 corda
1418 1637 261 71 fidelium.
1598 1637 141 71 Fran-

65 1703 193 69 gitur
193 1703 172 69 uero
301 1703 129 69 in
365 1703 236 69 Actione
537 1703 215 69 coenae
687 1703 193 69 panis
816 1703 215 69 domini
966 1703 107 69 :
1009 1703 258 69 funditur
1202 1703 215 69 uinum.
1353 1703 301 69 Confractum
1589 1703 193 69 enim,

55 1759 116 60 id
113 1759 136 60 est
190 1759 175 60 modis
307 1759 213 60 omnibus
462 1759 252 60 afflictum
656 1759 136 60 est
734 1759 194 60 corpus
869 1759 272 60 saluatoris
1083 1759 213 60 nostri,
1238 1759 233 60 cruorque
1413 1759 291 60 largissimus
1626 1759 97 60 per

64 1803 246 68 hiantia
242 1803 223 68 erupit
399 1803 112 68 &
443 1803 246 68 manauit
622 1803 268 68 uulnera.
823 1803 134 68 Ac
890 1803 156 68 nos
980 1803 179 68 ipsi
1091 1803 223 68 quidem
1248 1803 201 68 panem
1382 1803 223 68 domini
1516 1803 223 68 proprijs

55 1865 269 78 frangimus
262 1865 248 78 manibus.
448 1865 145 78 Nos
531 1865 166 78 enim
635 1865 166 78 ipsi
738 1865 124 78 in
800 1865 186 78 culpa
924 1865 207 78 sumus,
1069 1865 166 78 quod
1172 1865 166 78 ille
1276 1865 248 78 attritus
1462 1865 166 78 est.
1545 1865 186 78 Peccata

53 1915 200 77 nostra
193 1915 339 77 uulnerauerunt
472 1915 200 77 illum,
612 1915 100 77 &
652 1915 140 77 nos
732 1915 160 77 ipsi
832 1915 319 77 crucifiximus
1091 1915 160 77 eum:
1191 1915 120 77 id
1251 1915 160 77 est,
1351 1915 160 77 ille
1451 1915 220 77 propter
1610 1915 160 77 nos,

62 1973 123 71 ut
124 1973 185 71 morte
248 1973 144 71 sua
330 1973 144 71 nos
412 1973 103 71 a
453 1973 185 71 morte
577 1973 288 71 liberaret,
803 1973 288 71 crucifixus
1029 1973 165 71 est.
1132 1973 267 71 Praeterea
1338 1973 267 71 accipimus
1544 1973 123 71 in
1585 1973 144 71 manus

55 2038 231 75 nostras
223 2038 210 75 panem,
370 2038 273 75 accipimus
580 2038 126 75 in
643 2038 189 75 manus
769 2038 231 75 nostras
937 2038 273 75 similiter
1147 2038 105 75 &
1189 2038 252 75 poculum:
1378 2038 126 75 eo
1441 2038 168 75 quod
1546 2038 168 75 ille
1630 2038 105 75 di-

48 2090 161 59 xit,
148 2090 262 59 Accipite,
350 2090 201 59 edite.
491 2090 262 59 Accipite,
692 2090 101 59 &
732 2090 241 59 diuidite
913 2090 181 59 inter
1034 2090 161 59 uos:
1134 2090 141 59 nec
1215 2090 282 59 reponimus,
1436 2090 141 59 aut
1497 2090 241 59 recondimus

47 2147 180 76 illa:
167 2147 180 76 neque
287 2147 180 76 alijs
407 2147 160 76 modo
508 2147 300 76 porrigimus,
748 2147 140 76 sed
828 2147 220 76 accepta
988 2147 200 76 edimus
1128 2147 100 76 &
1168 2147 220 76 bibimus
1329 2147 120 76 in
1389 2147 200 76 nostra
1509 2147 220 76 traijcien

47 2208 147 67 tes
131 2208 252 67 corpora,
320 2208 210 67 deinde
467 2208 168 67 uero
572 2208 105 67 &
614 2208 189 67 alijs
740 2208 336 67 comunicantes
1012 2208 294 67 offerimus.
1243 2208 147 67 Qui
1327 2208 168 67 enim
1432 2208 252 67 legitime
1600 2208 126 67 coe-

45 2258 153 65 nam
132 2258 218 65 domini
285 2258 305 65 celebrant,
525 2258 153 65 non
612 2258 218 65 tantum
765 2258 240 65 credunt
939 2258 262 65 Christum
1135 2258 218 65 passum
1288 2258 196 65 esse,
1419 2258 153 65 aut
1506 2258 153 65 pro
1571 2258 153 65 alijs

56 2314 141 73 non
136 2314 141 73 pro
217 2314 121 73 se
277 2314 201 73 passum
418 2314 181 73 esse:
539 2314 141 73 sed
620 2314 221 73 credunt
781 2314 181 73 illum
902 2314 141 73 pro
982 2314 181 73 ipsis
1103 2314 161 73 esse
1204 2314 221 73 passum,
1365 2314 221 73 credunt
1526 2314 242 73 Christum

52 2361 196 87 omnia
183 2361 175 87 bona
292 2361 153 87 sua
379 2361 196 87 ipsis
510 2361 371 87 liberalissime
816 2361 349 87 communicare,
1099 2361 240 87 adeoque
1274 2361 109 87 &
1318 2361 371 87 communicasse.
1601 2361 131 87 Ergo

53 2421 196 84 sicut
184 2421 283 84 alimentum
402 2421 196 84 panis
532 2421 109 84 &
576 2421 174 84 uini
685 2421 283 84 traiectum
903 2421 131 84 in
968 2421 240 84 uiscera
1142 2421 240 84 mutatur
1316 2421 131 84 in
1382 2421 218 84 humani
1512 2421 218 84 corporis

51 2475 308 69 substantiam:
301 2475 135 69 ita
378 2475 231 69 Christus
551 2475 154 69 fide
647 2475 211 69 haustus
800 2475 96 69 a
839 2475 231 69 sanctis,
1012 2475 135 69 ijs
1089 2475 211 69 spiritu
1242 2475 135 69 suo
1319 2475 211 69 unitur,
1473 2475 115 69 ut
1531 2475 154 69 unum
1608 2475 115 69 sint

55 2534 147 65 cum
139 2534 252 65 Christo,
328 2534 105 65 &
370 2534 147 65 hic
454 2534 168 65 unus
558 2534 147 65 cum
642 2534 210 65 illis.
789 2534 126 65 Et
852 2534 126 65 ut
915 2534 189 65 cibus
1041 2534 273 65 splendide
1251 2534 273 65 apparatus
1460 2534 105 65 &
1481 2534 252 65 conspectus

52 2588 234 77 duntaxat
227 2588 117 77 in
285 2588 195 77 mensa,
421 2588 136 77 non
499 2588 214 77 satiat:
655 2588 136 77 ita
733 2588 117 77 si
791 2588 195 77 audias
928 2588 253 77 magnifice
1122 2588 156 77 tibi
1220 2588 273 77 praedicari
1434 2588 253 77 Christum,
1629 2588 136 77 non

45 2654 205 72 autem
182 2654 228 72 credas
342 2654 182 72 tuum
456 2654 182 72 esse
569 2654 274 72 Christum
775 2654 160 72 cum
866 2654 251 72 omnibus
1048 2654 228 72 bonis,
1208 2654 205 72 nihil
1344 2654 251 72 prodest
1504 2654 228 72 quantum-

60 2702 153 61 uis
148 2702 241 61 pulchre
323 2702 285 61 instructa
542 2702 153 61 sit
630 2702 219 61 oratio
783 2702 153 61 aut
871 2702 219 61 mensa.
1025 2702 197 61 Facit
1156 2702 110 61 &
1200 2702 132 61 ad
1266 2702 285 61 amicitiam
1463 2702 263 61 concilian-

54 2756 175 77 dam
154 2756 349 77 reparandam
428 2756 125 77 &
478 2756 424 77 conseruandam,
828 2756 200 77 quod
952 2756 150 77 de
1027 2756 175 77 uno
1127 2756 200 77 pane
1252 2756 424 77 participamus,
1576 2756 150 77 quod

49 2874 179 61 mus.
161 2874 157 61 Non
250 2874 179 61 enim
362 2874 202 61 aliam
497 2874 135 61 ob
564 2874 247 61 caussam
744 2874 269 61 uidentur
945 2874 247 61 ueteres
1125 2874 224 61 Coenam
1282 2874 314 61 appellasse
1506 2874 224 61 Synaxim.

57 2821 194 62 panem
187 2821 281 62 offerimus
403 2821 302 62 fratribus,
641 2821 238 62 quodque
814 2821 130 62 de
878 2821 173 62 manu
986 2821 238 62 fratrum
1159 2821 238 62 poculum
1332 2821 324 62 accipientes
1570 2821 151 62 bibi-

61 2924 198 92 Verum
193 2924 132 92 ea
259 2924 132 92 de
325 2924 132 92 re
390 2924 242 92 dicemus
566 2924 264 92 nonnihil
764 2924 220 92 alias.
917 2924 176 92 Ista
1027 2924 176 92 uero
1137 2924 242 92 exempli
1313 2924 220 92 gratia
1466 2924 132 92 de
1510 2924 220 92 Analogia
