2288 3632
64 261 228 108 spiritu
230 261 104 108 &
272 261 187 108 fide.
396 261 270 108 Ecclesiae
604 261 166 108 uero
708 261 145 108 aut
791 261 228 108 membris
957 261 228 108 Christi
1123 261 311 108 coniungimur
1372 261 145 108 per
1455 261 187 108 fidei
1559 261 166 108 spiri-

63 332 212 88 tusque
211 332 254 88 unitatem
402 332 106 88 &
444 332 254 88 uinculum
635 332 318 88 charitatis.
889 332 169 88 Quae
995 332 212 88 quidem
1143 332 191 88 omnia
1270 332 233 88 interna
1439 332 254 88 spiritus
1630 332 148 88 do¬

76 387 125 88 na
139 387 188 88 sunt,
264 387 167 88 quae
368 387 250 88 gratuito
556 387 188 88 nobis
681 387 146 88 per
765 387 188 88 solum
890 387 313 88 conseruntur
1141 387 250 88 dominum,
1328 387 146 88 non
1412 387 146 88 per
1495 387 188 88 ullas
1600 387 125 88 crea

77 440 206 84 turas,
221 440 144 84 non
304 440 144 84 per
386 440 165 84 ulla
489 440 267 84 elementa.
695 440 288 84 Sacramenta
921 440 206 84 itaque
1065 440 247 84 inserunt
1250 440 144 84 nos
1332 440 309 84 uisibiliter
1558 440 165 84 consor

63 495 142 88 tio
144 495 224 88 Christi
307 495 102 88 &
347 495 264 88 sanctorum
551 495 183 88 eius,
673 495 142 88 qui
754 495 346 88 inuisibiliter
1039 495 203 88 quidem
1182 495 142 88 per
1263 495 203 88 ipsius
1405 495 224 88 gratiam
1548 495 183 88 inserti

76 538 285 106 fueramus,
295 538 285 106 priusquam
514 538 328 106 sacramentis
777 538 394 106 participaremus
1105 538 109 106 :
1149 538 394 106 participatione
1477 538 197 106 autem
1587 538 131 106 nunc

74 608 256 90 aperimus
266 608 107 90 &
308 608 363 90 manifestamus,
607 608 192 90 cuius
735 608 256 90 corporis
927 608 213 90 membra
1076 608 192 90 simus
1204 608 192 90 atque
1332 608 171 90 esse
1439 608 256 90 uelimus,
1609 608 107 90 do-

64 664 166 95 mino
168 664 208 95 signis
313 664 145 95 aut
396 664 187 95 notis
521 664 166 95 suis
625 664 145 95 per
708 664 270 95 ministrum
915 664 145 95 nos
998 664 311 95 uisibiliter
1248 664 208 95 quoque
1393 664 145 95 pro
1476 664 145 95 sua
1538 664 187 95 familia

63 723 204 81 proque
205 723 143 81 suo
287 723 204 81 populo
430 723 265 81 signante.
634 723 122 81 Id
695 723 163 81 quod
797 723 286 81 scripturis
1021 723 143 81 iam
1103 723 224 81 plenius
1246 723 326 81 illustrabimus,

175 769 145 98 Qui
258 769 166 98 olim
362 769 125 98 ex
424 769 125 98 ui
487 769 270 98 foederis,
694 769 125 98 ex
756 769 228 98 gratia,
922 769 353 98 misericordia,
1213 769 104 98 &
1255 769 311 98 promissione
1504 769 166 98 dei,
1587 769 145 98 popu-

69 826 137 104 lus
148 826 137 104 dei
226 826 176 104 erat,
343 826 332 104 circuncisione
617 826 293 104 uisibiliter
851 826 313 104 colligebatur
1105 826 117 104 in
1164 826 156 104 unam
1262 826 254 104 ecclesiam
1457 826 98 104 &
1496 826 176 104 unius
1594 826 137 104 coras

55 893 212 87 poris
197 893 306 87 compagem.
433 893 306 87 Apostolus
668 893 189 87 enim
786 893 236 87 Paulus
951 893 141 87 ad
1022 893 306 87 Ephesios,
1258 893 330 87 Mementote,
1517 893 259 87 inquit,

65 948 182 83 quod
179 948 159 83 uos
270 948 251 83 quondam
452 948 228 83 gentes
612 948 137 83 in
680 948 205 83 carne
817 948 319 83 uocabamini
1067 948 342 83 praeputium,
1341 948 137 83 ab
1409 948 137 83 ea
1477 948 182 83 quae
1569 948 159 83 uoca-

66 1001 140 91 tur
146 1001 300 91 circuncisio
386 1001 120 91 in
446 1001 200 91 carne,
587 1001 160 91 quae
687 1001 300 91 circumcisio
927 1001 220 91 manibus
1087 1001 160 91 fit:
1187 1001 160 91 quod
1287 1001 200 91 inquam
1428 1001 200 91 eratis
1568 1001 120 91 in
1628 1001 140 91 tem

63 1060 157 91 pore
162 1060 157 91 illo
260 1060 157 91 sine
358 1060 236 91 Christo,
535 1060 275 91 abalienati
751 1060 98 91 a
790 1060 197 91 repub.
928 1060 255 91 lzraelis,
1124 1060 98 91 &
1164 1060 236 91 extranei
1341 1060 98 91 a
1380 1060 295 91 testamentis
1596 1060 118 91 pro-

62 1121 266 83 missionis
266 1121 143 83 &c.
348 1121 123 83 Ex
410 1121 205 83 quibus
553 1121 205 83 facile
696 1121 205 83 quoque
840 1121 348 83 intelligitur,
1126 1121 225 83 quomodo
1290 1121 348 83 circuncisione
1556 1121 164 83 segre-

64 1180 154 86 gati
160 1180 154 86 sint
256 1180 115 86 ab
314 1180 173 86 alijs
429 1180 308 86 religionibus
680 1180 96 86 &
718 1180 308 86 societatibus
968 1180 212 86 ludaei:
1122 1180 212 86 quodque
1276 1180 289 86 circumcisio
1507 1180 173 86 alibi
1604 1180 115 86 hanc

64 1231 129 81 ob
128 1231 236 81 caussam
300 1231 236 81 ponitur
471 1231 150 81 pro
557 1231 193 81 ipsis
686 1231 322 81 circumcisis
943 1231 107 81 :
986 1231 107 81 &
1029 1231 150 81 cur
1115 1231 343 81 Incircumcisi
1394 1231 279 81 uocabulum
1587 1231 129 81 pro-

54 1276 152 98 bro
141 1276 195 98 datum
271 1276 173 98 sit.
379 1276 303 98 Habebantur
618 1276 173 98 enim
726 1276 347 98 incircumcisi
1008 1276 152 98 pro
1095 1276 217 98 impijs
1246 1276 303 98 impurisque
1463 1276 260 98 hominibus,

53 1347 206 74 quibus
197 1347 206 74 nullum
341 1347 165 74 erat
444 1347 308 74 consortium,
691 1347 185 74 nulla
814 1347 165 74 pars
917 1347 144 74 aut
999 1347 288 74 haereditas
1226 1347 144 74 cum
1308 1347 144 74 deo
1390 1347 103 74 &
1431 1347 226 74 sanctis
1575 1347 144 74 eius.

54 1388 131 94 De
120 1388 262 94 Baptismo
316 1388 153 94 qui
403 1388 131 94 in
469 1388 196 94 locum
600 1388 393 94 Circumcisionis
927 1388 327 94 substitutus
1188 1388 175 94 est,
1298 1388 196 94 dicta
1428 1388 175 94 sunt
1516 1388 196 94 quaedam

47 1453 132 95 in
113 1453 418 95 praecedentibus.
465 1453 154 95 Sed
553 1453 110 95 &
597 1453 286 95 apostolus
817 1453 484 95 significantissime,
1234 1453 352 95 Quemadmodum,
1520 1453 242 95 inquit,

47 1512 224 89 corpus
203 1512 179 89 unum
315 1512 179 89 est,
427 1512 112 89 &
472 1512 224 89 membra
629 1512 201 89 habet
763 1512 224 89 multa:
920 1512 201 89 omnia
1054 1512 179 89 uero
1166 1512 224 89 membra
1322 1512 269 89 corporis
1524 1512 224 89 unius,

54 1569 189 80 multa
180 1569 147 80 cum
264 1569 189 80 sint,
390 1569 168 80 unum
494 1569 168 80 sunt
599 1569 231 80 corpus:
767 1569 147 80 sic
851 1569 105 80 &
893 1569 273 80 Christus.
1103 1569 210 80 Etenim
1250 1569 147 80 per
1333 1569 168 80 unum
1438 1569 252 80 spiritum
1606 1569 105 80 nos

49 1622 177 84 omnes
167 1622 118 84 in
227 1622 158 84 unum
325 1622 197 84 corpus
463 1622 256 84 baptizati
660 1622 197 84 sumus,
798 1622 158 84 siue
896 1622 217 84 ludaei,
1054 1622 158 84 siue
1152 1622 217 84 Graeci,
1310 1622 158 84 siue
1409 1622 197 84 serui,
1546 1622 158 84 siue
1625 1622 79 84 li

52 1669 196 92 beri:
183 1669 109 92 &
227 1669 196 92 omnes
358 1669 175 92 unum
467 1669 262 92 spiritum
663 1669 284 92 hausimus.
881 1669 349 92 Obstringimur
1165 1669 175 92 ergo
1274 1669 262 92 baptismi
1448 1669 262 92 sacramento

56 1726 122 93 in
117 1726 245 93 unitatem
300 1726 245 93 corporis
484 1726 245 93 Christi,
667 1726 143 93 ita
748 1726 122 93 ut
810 1726 143 93 hoc
891 1726 224 93 rupisse
1054 1726 245 93 uinculum
1237 1726 102 93 &
1278 1726 122 93 in
1339 1726 183 93 aliud
1441 1726 265 93 concessisse

53 1792 285 81 consortium
277 1792 285 81 religionis
501 1792 102 81 &
542 1792 306 81 societatis,
786 1792 306 81 sacrilegium
1031 1792 183 81 atque
1153 1792 245 81 proditio
1336 1792 163 81 rite
1438 1792 245 81 uocetur.
1601 1792 102 81 Huc

46 1844 295 82 respexisse
278 1844 232 82 uidetur
446 1844 295 82 apostolus,
678 1844 148 82 cum
763 1844 337 82 interrogaret
1037 1844 316 82 Corinthios,
1289 1844 190 82 Annon
1416 1844 126 82 in
1479 1844 232 82 Christi
1627 1844 84 82 no

47 1897 139 79 men
126 1897 258 79 baptisati
325 1897 198 79 estis?
463 1897 218 79 Innuens
622 1897 198 79 utique
761 1897 277 79 baptisatos
979 1897 119 79 in
1038 1897 178 79 nomen
1157 1897 218 79 Christi
1315 1897 178 79 palam
1434 1897 238 79 iurasse,
1593 1897 99 79 fi-

52 1957 206 81 demque
197 1957 165 81 suam
300 1957 186 81 coram
424 1957 227 81 Christi
589 1957 248 81 ecclesia
775 1957 351 81 obstrinxisse,
1063 1957 124 81 ut
1125 1957 144 81 iam
1208 1957 144 81 nec
1290 1957 227 81 possint
1455 1957 144 81 nec
1517 1957 186 81 debeant

46 2010 121 87 de
106 2010 161 87 ullo
207 2010 161 87 alio
308 2010 161 87 quam
409 2010 222 87 Christi
570 2010 202 87 nomine
712 2010 262 87 gloriari,
913 2010 121 87 in
974 2010 182 87 cuius
1095 2010 242 87 familiam
1276 2010 222 87 recepti
1438 2010 161 87 sint
1539 2010 141 87 per
1599 2010 101 87 ba-

46 2071 257 81 ptismum.
238 2071 150 81 Sic
324 2071 214 81 inquam
474 2071 257 81 baptismo
666 2071 278 81 separamur
880 2071 128 81 ab
944 2071 235 81 omnibus
1115 2071 193 81 alijs
1244 2071 342 81 religionibus
1522 2071 107 81 &
1543 2071 150 81 Chri-

47 2122 236 69 stianae
218 2122 258 69 duntaxat
390 2122 301 69 consecramur.

118 2176 233 89 Similis
288 2176 149 89 per
372 2176 191 89 omnia
500 2176 191 89 locus
627 2176 149 89 est
712 2176 127 89 de
776 2176 191 89 Coena
903 2176 212 89 domini
1051 2176 170 89 apud
1158 2176 212 89 eundem
1306 2176 127 89 in
1370 2176 127 89 1.
1433 2176 127 89 ad
1476 2176 212 89 Corinth.

39 2228 166 87 cap.
143 2228 146 87 19.
226 2228 146 87 Cum
310 2228 166 87 enim
414 2228 271 87 apostolus
622 2228 291 87 Corinthijs
851 2228 312 87 demonstrare
1101 2228 229 87 uellet,
1267 2228 125 87 ab
1329 2228 166 87 omni
1433 2228 229 87 pietate
1579 2228 125 87 alie

47 2293 150 96 num
132 2293 256 96 indignum
324 2293 107 96 &
367 2293 299 96 sacrilegum
602 2293 171 96 esse
709 2293 321 96 Christianos
965 2293 128 96 in
1030 2293 256 96 idolorum
1222 2293 235 96 templis
1393 2293 128 96 ad
1436 2293 256 96 idolothyta

34 2356 272 75 accumbere
244 2356 272 75 sacrisque
453 2356 314 75 gentilitijs
704 2356 335 75 communicare,
977 2356 105 75 a
1019 2356 230 75 ratione
1186 2356 105 75 &
1228 2356 209 75 natura
1375 2356 293 75 sacramenti
1584 2356 105 75 Coe

36 2391 150 103 nae
121 2391 279 103 dominicae
336 2391 343 103 argumentans,
615 2391 236 103 Fugite,
786 2391 236 103 inquit,
958 2391 107 103 a
1001 2391 365 103 simulachrorum
1301 2391 214 103 cultu.
1451 2391 129 103 Vt
1494 2391 193 103 pruden-

47 2456 188 90 tibus
173 2456 230 90 loquor:
340 2456 251 90 iudicate
528 2456 146 90 uos
612 2456 167 90 quod
717 2456 188 90 dico.
842 2456 230 90 Poculum
1009 2456 356 90 benedictionis
1302 2456 146 90 quo
1386 2456 335 90 benedicimus,

40 2517 206 86 nonne
178 2517 275 86 communio
384 2517 298 86 sanguinis
613 2517 252 86 Christi
796 2517 183 86 est?
911 2517 206 86 Panis
1048 2517 183 86 quem
1163 2517 321 86 frangimus,
1415 2517 206 86 nonne
1530 2517 160 86 commu

38 2570 150 90 nio
123 2570 258 90 corporis
317 2570 236 90 Christi
488 2570 172 90 est.
596 2570 236 90 Quoniam
768 2570 172 90 unus
875 2570 215 90 panis,
1025 2570 172 90 unum
1133 2570 236 90 corpus,
1304 2570 193 90 multi
1433 2570 215 90 sumus.
1584 2570 150 90 Nam

35 2627 212 87 omnes
177 2627 141 87 ex
247 2627 212 87 eodem
388 2627 188 87 pane
506 2627 400 87 participamus.
835 2627 235 87 Videte
999 2627 282 87 lzraelem
1211 2627 212 87 iuxta
1352 2627 259 87 carnem.
1516 2627 165 87 Nonne

47 2679 149 89 qui
132 2679 192 89 edunt
260 2679 256 89 uictimas
452 2679 277 89 consortes
665 2679 234 89 altaris
835 2679 192 89 sunt?
963 2679 171 89 Quid
1070 2679 171 89 ergo
1176 2679 192 89 dico,
1304 2679 171 89 quod
1411 2679 320 89 simulachrum

45 2740 222 88 aliquid
206 2740 161 88 sit:
307 2740 141 88 Aut
387 2740 161 88 quod
488 2740 262 88 immolatum
689 2740 302 88 simulachris
931 2740 222 88 aliquid
1092 2740 161 88 sit?
1193 2740 181 88 lllud
1314 2740 201 88 potius
1454 2740 181 88 dico,
1555 2740 121 88 quod

39 2799 180 82 quae
151 2799 270 82 immolant
353 2799 247 82 gentes,
533 2799 292 82 daemonijs
758 2799 270 82 immolant
960 2799 112 82 &
1005 2799 157 82 non
1095 2799 180 82 deo.
1207 2799 202 82 Nolim
1342 2799 202 82 autem
1477 2799 157 82 uos
1544 2799 135 82 con-

40 2842 219 95 sortes
194 2842 329 95 daemoniorum
457 2842 197 95 esse.
588 2842 154 95 Non
676 2842 263 95 potestis
873 2842 241 95 poculum
1049 2842 219 95 domini
1202 2842 241 95 bibere,
1378 2842 110 95 &
1422 2842 241 95 poculum
1575 2842 110 95 dae

31 2905 287 96 moniorum.
251 2905 154 96 Non
340 2905 265 96 potestis
538 2905 221 96 mensae
693 2905 221 96 domini
847 2905 309 96 participes
1090 2905 198 96 esse,
1222 2905 110 96 &
1266 2905 221 96 mensae
1398 2905 287 96 demoniorum,
