2288 3632
505 265 183 114 Atqui
626 265 142 114 non
708 265 203 114 credit
850 265 203 114 pater.
992 265 183 114 Esto.
1114 265 183 114 Neque
1235 265 162 114 uero
1337 265 122 114 id
1398 265 203 114 fraudi
1540 265 142 114 est
1621 265 284 114 insantulo.
1844 265 142 114 Nam
1925 265 122 114 in
1986 265 162 114 fide
2068 265 101 114 ec-

504 351 226 77 clesiae
669 351 246 77 affertur
853 351 123 77 ad
915 351 287 77 baptismum.
1140 351 205 77 Credit
1284 351 185 77 autem
1407 351 246 77 ecclesia
1592 351 246 77 insantes
1776 351 287 77 adducendos
2002 351 164 77 esse
2084 351 82 77 ad

508 409 226 75 dominum
673 409 103 75 :
714 409 205 75 credit
857 409 185 75 istos
981 409 164 75 esse
1083 409 123 75 de
1145 409 226 75 familia
1309 409 103 75 &
1350 409 205 75 populo
1494 409 164 75 dei,
1596 409 164 75 ergo
1699 409 246 75 initiari
1884 409 267 75 mysterijs
2068 409 103 75 iu-

511 470 149 79 bet
596 470 106 79 :
638 470 127 79 ut
702 470 212 79 rursus
851 470 127 79 in
914 470 255 79 baptismo
1105 470 297 79 paruulorum
1339 470 255 79 inuenias
1530 470 212 79 fidem.
1679 470 149 79 His
1764 470 191 79 addit
1891 470 234 79 sanctus
2040 470 127 79 Augu

516 517 200 85 stinus
656 517 120 85 de
716 517 280 85 peccatorum
936 517 220 85 meritis
1097 517 100 85 &
1137 517 280 85 remissione
1357 517 160 85 lib.
1457 517 120 85 5.
1517 517 160 85 cap.
1617 517 140 85 19.
1697 517 220 85 dicens.
1858 517 260 85 Propterea
2038 517 140 85 fide-

518 588 158 80 les
609 588 203 80 recte
744 588 270 80 dicuntur
946 588 225 80 pueri,
1104 588 248 80 quoniam
1284 588 203 80 fidem
1419 588 158 80 per
1509 588 203 80 uerba
1644 588 315 80 gestantium
1892 588 225 80 quodam
2027 588 135 80 modc

506 626 330 99 profitentur.
775 626 186 99 Plura
898 626 124 99 is
960 626 186 99 eadem
1084 626 124 99 de
1146 626 124 99 re
1208 626 248 99 disputat
1393 626 124 99 in
1455 626 248 99 epistola
1641 626 124 99 ad
1703 626 309 99 Bonifacium,
1950 626 165 99 quae
2033 626 144 99 ordi-

522 696 113 75 ne
579 696 132 75 est
654 696 132 75 23.
729 696 94 75 a
767 696 132 75 quo
842 696 132 75 qui
917 696 169 75 plura
1030 696 188 75 cupit,
1143 696 150 75 petat.

599 736 262 91 Caeterum
796 736 175 91 haec
905 736 218 91 omnia,
1058 736 284 91 inquiunt,
1276 736 153 91 non
1363 736 284 91 euincunt,
1582 736 262 91 insantes
1778 736 218 91 habere
1931 736 175 91 fide
2018 736 153 91 mpro-

512 814 200 78 priam.
652 814 140 78 Nam
732 814 200 78 aliena
872 814 180 78 fides
992 814 140 78 est
1072 814 180 78 fides
1192 814 260 78 parentum,
1393 814 300 78 gestantium,
1633 814 140 78 aut
1713 814 180 78 fides
1833 814 280 78 ecclesiae.
2033 814 140 78 Esto.

518 863 315 67 Certissimum
770 863 189 67 tamen
896 863 189 67 illud
1022 863 168 67 est,
1127 863 168 67 quod
1232 863 231 67 dominus
1401 863 294 67 insantulos
1632 863 189 67 inter
1758 863 189 67 suos,
1884 863 147 67 hoc
1968 863 147 67 est
2031 863 147 67 inter

514 922 227 68 fideles
680 922 227 68 numerat
845 922 103 68 :
886 922 124 68 ut
948 922 145 68 iam
1030 922 145 68 non
1113 922 206 68 tantum
1258 922 124 68 in
1320 922 206 68 aliena
1464 922 165 68 fide
1567 922 330 68 baptizentur,
1836 922 145 68 sed
1918 922 124 68 in
1960 922 206 68 propria-

513 971 173 84 quam
621 971 280 84 uidelicet
837 971 194 84 ipsis
966 971 237 84 imputat
1139 971 259 84 dominus,
1333 971 280 84 Praeterea
1549 971 237 84 alienum
1721 971 151 84 non
1807 971 173 84 est,
1915 971 173 84 quod
2023 971 194 84 eidem

520 1029 227 73 corpori
685 1029 206 73 comune
830 1029 165 73 est.
933 1029 124 73 At
995 1029 165 73 sunt
1098 1029 124 73 in
1160 1029 186 73 eodem
1283 1029 227 73 corpore
1448 1029 351 73 ecclesiastico
1737 1029 268 73 insantes,
1943 1029 165 73 unde
2026 1029 144 73 ipsis

516 1080 270 87 proprium
719 1080 158 87 non
809 1080 248 87 alienum
989 1080 180 87 est,
1102 1080 180 87 quod
1215 1080 293 87 ecclesiae
1440 1080 180 87 est.
1552 1080 203 87 Neque
1688 1080 180 87 uero
1800 1080 270 87 quisquam
1980 1080 203 87 hominum

525 1133 204 86 facile
668 1133 245 86 dixerit,
851 1133 163 86 quos
954 1133 266 86 praeterea
1158 1133 225 86 habeant
1321 1133 184 86 motus
1444 1133 245 86 spiritus
1628 1133 204 86 sancti
1771 1133 266 86 insantes,
1975 1133 143 86 &c.
2056 1133 163 86 Quia

523 1202 168 68 enim
628 1202 147 68 dei
712 1202 189 68 sunt,
837 1202 252 68 spiritum
1026 1202 147 68 dei
1110 1202 231 68 habent:
1278 1202 168 68 quem
1382 1202 147 68 qui
1466 1202 147 68 non
1550 1202 231 68 habent,
1718 1202 147 68 dei
1802 1202 147 68 non
1886 1202 189 68 sunt,
2011 1202 168 68 Rom.
2095 1202 84 68 8.

610 1263 124 59 Vt
672 1263 185 59 autem
796 1263 124 59 in
858 1263 268 59 sinistram
1064 1263 206 59 nimium
1208 1263 288 59 declinant,
1434 1263 206 59 quibus
1579 1263 185 59 uisum
1702 1263 165 59 est,
1805 1263 288 59 sacramenta
2032 1263 185 59 etiam

517 1308 169 74 sine
622 1308 169 74 fide
728 1308 253 74 prodesse
917 1308 316 74 sumentibus:
1170 1308 148 74 ita
1255 1308 126 74 in
1318 1308 232 74 dextram
1486 1308 211 74 nimium
1634 1308 274 74 recedunt,
1845 1308 148 74 qui
1929 1308 232 74 putant,
2077 1308 105 74 ea-

529 1362 144 75 dem
612 1362 186 75 fidem
736 1362 289 75 habentibus
962 1362 165 75 esse
1066 1362 351 75 superuacanea.
1354 1362 206 75 Fides,
1499 1362 268 75 inquiunt,
1705 1362 186 75 plene
1828 1362 247 75 absoluit
2014 1362 165 75 nos,
2097 1362 82 75 ut

534 1420 155 72 post
631 1420 175 72 illam
747 1420 175 72 nihil
864 1420 214 72 possint
1019 1420 194 72 addere
1155 1420 292 72 sacramenta,
1389 1420 214 72 iccirco
1544 1420 214 72 necesse
1700 1420 136 72 est
1777 1420 155 72 ipsa
1874 1420 155 72 esse
1952 1420 214 72 inutilia-

534 1469 189 82 Tales
660 1469 231 82 quondam
828 1469 210 82 fuisse
976 1469 252 82 leguntur
1165 1469 315 82 Messaliani,
1417 1469 147 82 qui
1501 1469 105 82 &
1543 1469 252 82 Euchitae
1732 1469 105 82 &
1775 1469 315 82 6ysootoes&e
2006 1469 168 82 appel-

526 1528 219 77 lantur,
685 1528 219 77 diuini,
845 1528 120 77 si
905 1528 159 77 dijs
1004 1528 219 77 placet,
1164 1528 100 77 &
1204 1528 219 77 afflati
1363 1528 219 77 numine.
1522 1528 319 77 Contendebant
1781 1528 159 77 enim
1881 1528 259 77 fidelibus
2060 1528 120 77 post

526 1591 252 85 spiritum
715 1591 231 85 sanctum
882 1591 273 85 acceptum,
1092 1591 210 85 nullis
1239 1591 168 85 opus
1344 1591 168 85 esse
1448 1591 335 85 sacramentis.
1721 1591 252 85 Caeterum
1910 1591 168 85 sunt
2014 1591 168 85 isti
2098 1591 84 85 in

518 1642 164 85 deum
620 1642 184 85 ipsum
742 1642 245 85 iniurij,
926 1642 143 85 qui
1008 1642 266 85 uidelicet
1212 1642 286 85 sacramenta
1437 1642 266 85 instituit
1642 1642 286 85 fidelibus,
1866 1642 143 85 non
1948 1642 164 85 sine
2030 1642 143 85 magna

524 1698 209 72 causa,
671 1698 147 72 nec
754 1698 314 72 inutiliter.
1006 1698 126 72 Et
1069 1698 230 72 Abraham
1236 1698 209 72 quidem
1383 1698 251 72 credidit
1571 1698 168 72 deo,
1676 1698 126 72 id
1739 1698 168 72 quod
1844 1698 168 72 ipsi
1949 1698 272 72 imputatum

522 1754 132 80 est
598 1754 132 80 pro
673 1754 245 80 iustitia,
861 1754 245 80 amicusque
1050 1754 132 80 dei
1125 1754 188 80 iustus
1257 1754 94 80 &
1295 1754 226 80 sanctus,
1464 1754 132 80 non
1539 1754 188 80 utique
1671 1754 151 80 sine
1766 1754 207 80 spiritu
1916 1754 207 80 sancto,
2048 1754 132 80 habi-

515 1809 138 82 tus
594 1809 157 82 est:
692 1809 118 82 at
751 1809 157 82 idem
849 1809 157 82 ille
947 1809 354 82 circumcisionem
1242 1809 236 82 accepit,
1419 1809 275 82 signaculum
1635 1809 255 82 iustitiae
1831 1809 177 82 fidei
1949 1809 157 82 quae
2028 1809 157 82 fuerat

526 1862 127 78 in
589 1862 297 78 praeputio.
823 1862 191 78 Eidem
950 1862 234 78 Abrahae
1120 1862 255 78 dicitur,
1311 1862 255 78 Masculus
1503 1862 191 78 cuius
1630 1862 276 78 praeputij
1842 1862 170 78 caro
1927 1862 255 78 circumcisa

508 1926 146 70 non
591 1926 229 70 fuerit,
758 1926 271 70 delebitur
966 1926 187 70 anima
1091 1926 167 70 illa
1195 1926 125 70 de
1258 1926 208 70 populo
1404 1926 167 70 suo:
1508 1926 167 70 quia
1612 1926 208 70 pactum
1758 1926 167 70 meum
1862 1926 229 70 irritum
2007 1926 167 70 fecit.

516 1984 199 62 Certe
648 1984 243 62 angelus
825 1984 221 62 domini
980 1984 221 62 caedem
1135 1984 287 62 intentans
1355 1984 221 62 iminet
1510 1984 199 62 Mosi,
1643 1984 177 62 quod
1753 1984 398 62 circumcisionem
2063 1984 110 62 iu-

518 2036 176 76 stius
636 2036 195 76 aequo,
772 2036 137 76 uel
850 2036 137 76 sua
928 2036 312 76 negligentia,
1182 2036 137 76 uel
1260 2036 312 76 Madianiticae
1514 2036 195 76 uxoris
1650 2036 195 76 culpa,
1787 2036 117 76 in
1845 2036 215 76 liberis
2001 2036 156 76 suis
2079 2036 98 76 di-

519 2097 286 65 stulisset.
743 2097 123 65 An
805 2097 164 65 uero
907 2097 245 65 quisquam
1091 2097 225 65 iustior
1254 2097 102 65 &
1295 2097 245 65 sanctior
1479 2097 286 65 inuenietur
1704 2097 143 65 dei
1786 2097 184 65 filio
1908 2097 102 65 ?
1949 2097 204 65 utpote
2072 2097 102 65 qui

524 2142 294 92 plenitudine
760 2142 236 92 spiritus
937 2142 236 92 accepta,
1113 2142 118 92 ut
1172 2142 196 92 caput,
1309 2142 118 92 de
1368 2142 157 92 illa
1466 2142 118 92 in
1525 2142 137 92 sua
1604 2142 196 92 membra
1741 2142 236 92 diffudit
1898 2142 275 92 liberalissi-

512 2202 154 77 me:
600 2202 241 77 attamen
775 2202 154 77 hic
863 2202 197 77 uenit
995 2202 132 77 ad
1060 2202 307 77 Baptistam,
1302 2202 110 77 &
1346 2202 263 77 postulat
1543 2202 132 77 ab
1609 2202 132 77 eo
1675 2202 285 77 baptizari
1894 2202 132 77 in
1960 2202 263 77 Iordane:

528 2262 201 74 cumque
669 2262 121 74 is
729 2262 383 74 tergiuersaretur
1051 2262 121 74 ac
1112 2262 242 74 diceret,
1293 2262 161 74 Mihi
1394 2262 161 74 opus
1494 2262 141 74 est
1575 2262 141 74 abs
1655 2262 121 74 te
1716 2262 282 74 baptizari,
1937 2262 101 74 &
1978 2262 141 74 ego
2038 2262 141 74 teba-

523 2309 276 93 ptizarem:
735 2309 212 93 audit,
884 2309 170 93 Sine
990 2309 191 93 modo,
1118 2309 149 93 sic
1203 2309 234 93 oportet
1373 2309 149 93 nos
1458 2309 191 93 omnem
1585 2309 234 93 implere
1755 2309 297 93 iustitiam.
1968 2309 212 93 lustitia

516 2368 178 77 certe
635 2368 198 77 cuique
774 2368 159 77 suum
873 2368 238 77 tribuit.
1052 2368 178 77 Fides
1171 2368 159 77 ergo
1270 2368 159 77 quae
1369 2368 337 77 Christianorum
1647 2368 238 77 iustitia
1825 2368 159 77 est,
1924 2368 218 77 tribuit
2063 2368 119 77 glo-

514 2419 166 83 riam
618 2419 166 83 deo,
722 2419 270 83 creditque
930 2419 166 83 hunc
1034 2419 187 83 summe
1159 2419 270 83 sapientem
1367 2419 166 83 bene
1471 2419 187 83 uelle
1596 2419 291 83 hominibus,
1824 2419 187 83 atque
1949 2419 166 83 ideo
2032 2419 146 83 nihil

518 2483 288 72 inutiliter
745 2483 329 72 instituisse,
1012 2483 144 72 sed
1094 2483 185 72 omnia
1217 2483 123 72 in
1279 2483 226 72 salutem
1443 2483 206 72 suorum
1587 2483 247 72 fidelium
1772 2483 103 72 :
1813 2483 206 72 utitur
1957 2483 164 72 ergo
2039 2483 144 72 omni-

514 2533 144 92 bus
597 2533 144 92 dei
679 2533 289 92 institutis
906 2533 165 92 homo
1009 2533 227 92 fidelis
1174 2533 206 92 absque
1319 2533 330 92 disputatione
1587 2533 124 92 ac
1649 2533 392 92 contradictione.
1979 2533 144 92 Nec
2041 2533 144 92 quis-

522 2595 164 89 quam
624 2595 164 89 hic,
726 2595 225 89 opinor,
890 2595 225 89 dixerit
1054 2595 184 89 nihil
1176 2595 123 89 ad
1238 2595 123 89 se
1299 2595 266 89 pertinere
1504 2595 205 89 factum
1647 2595 246 89 Christi,
1831 2595 143 89 quo
1913 2595 205 89 utique
2036 2595 143 89 nobis

520 2655 256 72 exemplum
711 2655 298 72 praetulit,
946 2655 170 72 quod
1052 2655 320 72 imitaremur.
1308 2655 149 72 Imo
1393 2655 170 72 quod
1500 2655 170 72 ipse
1607 2655 213 72 fecit,
1756 2655 192 72 alios
1884 2655 213 72 quoque
2012 2655 170 72 facere

515 2703 236 79 iussit,
686 2703 150 79 dum
772 2703 301 79 discipulos
1009 2703 279 79 amandaret
1223 2703 107 79 &
1266 2703 258 79 diceret,
1460 2703 150 79 Ite
1546 2703 129 79 in
1610 2703 193 79 orbem
1739 2703 301 79 uniuersum,
1975 2703 107 79 &
1997 2703 193 79 praedi-

529 2762 167 78 cate
634 2762 292 78 euangelium
863 2762 167 78 omni
968 2762 292 78 creaturae,
1197 2762 313 78 baptisantes
1448 2762 146 78 eos
1532 2762 125 78 in
1594 2762 209 78 nomine
1740 2762 230 78 patris,
1908 2762 146 78 &c.
1991 2762 146 78 Qui
2054 2762 125 78 enim

501 2824 95 68 o
539 2824 286 68 crediderit,
767 2824 95 68 &
806 2824 266 68 baptisatus
1015 2824 209 68 fuerit,
1167 2824 190 68 saluus
1300 2824 152 68 erit
1396 2824 95 68 :
1434 2824 266 68 coniungens
1643 2824 190 68 utique
1776 2824 95 68 &
1814 2824 171 68 fidem
1929 2824 95 68 &
1948 2824 228 68 baptismum,

499 2869 103 90 n
541 2869 165 90 quod
644 2869 165 90 haud
747 2869 186 90 dubie
871 2869 144 90 non
953 2869 268 90 fecisset,
1159 2869 124 90 si
1221 2869 289 90 sacramenta
1448 2869 330 90 superuacanea
1716 2869 227 90 essent,
1881 2869 144 90 ubi
1964 2869 186 90 fides
2067 2869 103 90 est

532 2924 139 97 Vbi
612 2924 258 97 manifeste
810 2924 199 97 claret
950 2924 99 97 &
989 2924 179 97 illos
1109 2924 199 97 errare
1248 2924 159 97 toto
1347 2924 199 97 coelo,
1486 2924 139 97 qui
1566 2924 298 97 arbitrantur
1804 2924 278 97 sacramenta
2023 2924 159 97 esse
2102 2924 80 97 in
