2288 3632
75 299 403 75 comprehendatur.
414 299 170 75 Toti
521 299 191 75 sumus
648 299 170 75 dei,
754 299 170 75 toti
860 299 170 75 ergo
966 299 276 75 diligamus
1179 299 191 75 deum.
1306 299 191 75 Nihil
1433 299 149 75 sit
1518 299 127 75 in
1582 299 170 75 toto
1667 299 106 75 hoc

100 372 157 76 orbe
199 372 157 76 quod
297 372 138 76 deo
376 372 138 76 sit
454 372 236 76 charius,
631 372 177 76 nihil
749 372 138 76 sit
828 372 118 76 in
887 372 216 76 omnibus
1044 372 177 76 rebus
1162 372 216 76 nostris
1320 372 138 76 uel
1398 372 295 76 charissimis
1634 372 98 76 &
1654 372 118 76 prae

103 419 362 75 stantissimis,
401 419 149 75 cui
486 419 255 75 parcamus
677 419 234 75 propter
848 419 192 75 deum,
975 419 170 75 quod
1082 419 149 75 non
1167 419 234 75 propter
1337 419 170 75 deum
1444 419 106 75 &
1486 419 192 75 iuxta
1614 419 128 75 os
1657 419 106 75 do-

98 481 177 70 mini
208 481 354 70 relinquamus,
496 481 331 70 expendamus,
761 481 155 70 aut
849 481 331 70 disponamus.
1114 481 155 70 Sic
1203 481 177 70 enim
1313 481 287 70 diligimus
1534 481 177 70 deum
1622 481 133 70 ante

105 529 108 71 &
149 529 195 71 super
279 529 217 71 omnia.
430 529 173 71 Soli
539 529 195 71 autem
668 529 303 71 adhaerere,
907 529 195 71 solum
1037 529 282 71 complecti
1253 529 260 71 iubemur.
1448 529 152 71 Cui
1535 529 173 71 enim
1621 529 152 71 omnia

99 597 209 63 nostra
246 597 188 63 eaque
371 597 167 63 tota
476 597 251 63 debemus,
664 597 126 63 ei
727 597 188 63 omnia
852 597 209 63 nostra
999 597 105 63 &
1041 597 167 63 tota
1145 597 209 63 quidem
1292 597 230 63 syncere
1459 597 314 63 simpliciter
1710 597 105 63 &

104 655 202 67 plene
238 655 180 67 sunt
350 655 337 67 praestanda.
620 655 292 67 Damnantur
844 655 157 67 hic
934 655 292 67 quicunque
1158 655 112 67 &
1203 655 180 67 deum
1315 655 224 67 amare,
1472 655 202 67 simul
1607 655 112 67 &
1629 655 135 67 mun-

105 710 153 68 dum
193 710 218 68 quoque
345 710 218 68 uolunt
498 710 284 68 diligere.
717 710 197 68 Totum
848 710 262 68 requirit
1044 710 153 68 cor
1132 710 262 68 dominus,
1328 710 197 68 totam
1459 710 240 68 mentem,
1612 710 153 68 totam

99 767 239 71 animam,
273 767 109 71 &
317 767 196 71 omnes
447 767 217 71 uires,
599 767 239 71 denique
773 767 261 71 quicquid
968 767 196 71 sumus
1099 767 109 71 &
1142 767 326 71 possidemus:
1403 767 196 71 nihil
1533 767 282 71 relinquit

98 821 162 70 ergo
199 821 162 70 tibi
300 821 162 70 quod
401 821 242 70 impendas
583 821 202 70 alijs.
724 821 141 70 Quo
805 821 162 70 ergo
906 821 162 70 iure
1007 821 182 70 dabis
1128 821 202 70 carni,
1269 821 242 70 diabolo,
1451 821 162 70 dijs
1552 821 182 70 alijs
1653 821 101 70 uel

96 873 197 71 mundo
227 873 175 71 quod
337 873 219 71 solius
490 873 153 71 dei
578 873 153 71 est
665 873 285 71 peculium?
884 873 131 71 Ac
950 873 197 71 solus
1081 873 219 71 quidem
1235 873 175 71 deus
1344 873 241 71 summus,
1519 873 285 71 aeternus,

96 924 240 75 maximus,
276 924 360 75 potentissimus,
576 924 240 75 creator,
756 924 280 75 liberator,
976 924 320 75 conseruator,
1236 924 380 75 clementissimus,
1536 924 220 75 iustissi-

89 989 143 65 mus
170 989 102 65 &
211 989 224 65 optimus
374 989 163 65 est.
476 989 184 65 Solus
598 989 245 65 praestat
782 989 286 65 praestitit
1006 989 102 65 &
1047 989 265 65 praestare
1251 989 204 65 potest
1394 989 265 65 hominibus
1577 989 184 65 quaecun

103 1044 146 75 que
187 1044 125 75 ad
249 1044 354 75 incolumitatem
541 1044 250 75 corporis
728 1044 104 75 &
770 1044 208 75 animae
916 1044 292 75 pertinent.
1145 1044 188 75 Solus
1270 1044 250 75 sufficit
1457 1044 208 75 homini
1603 1044 125 75 ad
1645 1044 104 75 bea

102 1098 126 73 te
165 1098 105 73 &
207 1098 169 73 bene
313 1098 253 73 uiuendum
502 1098 169 73 deus
608 1098 105 73 :
650 1098 190 73 solus
776 1098 169 73 ergo
882 1098 211 73 diligi
1029 1098 232 73 meretur
1198 1098 190 73 deus,
1324 1098 105 73 &
1367 1098 211 73 diligi
1514 1098 211 73 quidem
1641 1098 126 73 ante

102 1150 110 72 &
146 1150 198 72 supra
278 1150 220 72 omnia.
433 1150 176 72 Haec
543 1150 264 72 dilectio
741 1150 154 72 dei
829 1150 287 72 benedicit
1050 1150 242 72 omnibus
1226 1150 242 72 hominum
1402 1150 242 72 casibus
1579 1150 110 72 &
1601 1150 154 72 euen-

95 1208 205 64 tibus,
238 1208 123 64 ut
299 1208 143 64 eis
381 1208 246 64 prosint,
565 1208 184 64 iuxta
688 1208 205 64 illud,
831 1208 328 64 Diligentibus
1098 1208 164 64 deum
1200 1208 184 64 omnia
1323 1208 307 64 cooperantur
1568 1208 123 64 in
1609 1208 164 64 bonum.

99 1260 174 72 Haec
208 1260 262 72 dilectio
404 1260 153 72 dei
492 1260 327 72 coprehendit
753 1260 109 72 &
797 1260 174 72 hoc,
906 1260 131 72 ne
971 1260 174 72 quem
1080 1260 283 72 adoremus,
1298 1260 262 72 colamus,
1494 1260 305 72 ueneremur,

100 1320 278 74 timeamus,
313 1320 299 74 inuocemus,
549 1320 128 74 ne
613 1320 150 74 cui
698 1320 257 74 fidamus,
891 1320 299 74 obediamus,
1126 1320 107 74 &
1169 1320 342 74 adhaereamus,
1447 1320 171 74 nisi
1554 1320 150 74 uni
1639 1320 107 74 &
1660 1320 86 74 so

95 1370 118 73 li
154 1370 158 73 deo,
253 1370 138 73 cui
332 1370 217 73 debetur
490 1370 178 73 omnis
588 1370 178 73 gloria.

171 1418 274 92 Priusquam
382 1418 169 92 uero
487 1418 232 92 dicamus
655 1418 126 92 de
719 1418 295 92 dilectione
950 1418 253 92 proximi,
1140 1418 316 92 praemittere
1393 1418 232 92 necesse
1561 1418 147 92 est
1646 1418 169 92 quis

98 1475 150 84 sit
183 1475 279 84 proximus,
398 1475 129 84 de
462 1475 150 84 quo
548 1475 193 84 uideo
677 1475 236 84 quosdam
849 1475 301 84 addubitare
1085 1475 107 84 &
1128 1475 236 84 haerere
1300 1475 301 84 ancipites.
1536 1475 172 84 Sunt
1643 1475 172 84 enim

91 1541 146 73 qui
174 1541 312 73 arbitrentur
424 1541 250 73 proximos
611 1541 166 73 esse
715 1541 375 73 consanguineos.
1028 1541 166 73 Alij
1132 1541 208 73 putant
1277 1541 333 73 benefactores
1548 1541 166 73 suos
1631 1541 125 73 esse

89 1601 275 72 proximos,
300 1601 232 72 alienos
469 1601 253 72 iudicant
659 1601 275 72 quicunque
870 1601 338 72 malefaciunt.
1145 1601 127 72 At
1208 1601 232 72 dominus
1377 1601 211 72 noster
1525 1601 190 72 Iesus
1630 1601 127 72 Chri

88 1653 164 72 stus
191 1653 246 72 ostendit
376 1653 267 72 quemlibet
581 1653 185 72 etiam
704 1653 246 72 inimicum
889 1653 226 72 nostrum
1053 1653 144 72 qui
1135 1653 205 72 nostro
1279 1653 246 72 consilio
1464 1653 103 72 &
1505 1653 226 72 auxilio
1648 1653 103 72 in-

83 1707 198 72 diget
215 1707 264 72 proximum
413 1707 198 72 esse.
545 1707 220 72 Fingit
699 1707 176 72 enim
809 1707 242 72 hominem
985 1707 242 72 ludaeum
1161 1707 308 72 incidissei
1403 1707 286 72 latrones,
1601 1707 154 72 semi-

93 1767 255 60 uiuumque
284 1767 106 60 &
326 1767 297 60 uulneribu,
560 1767 340 60 tuberibusque
836 1767 255 60 oppletum
1028 1767 255 60 iacuisse
1219 1767 127 60 in
1283 1767 255 60 itinere,
1474 1767 106 60 &
1516 1767 276 60 neglectum

95 1822 202 72 quidem
236 1822 202 72 fuisse
378 1822 101 72 a
418 1822 162 72 suae
519 1822 202 72 gentis
660 1822 263 72 hominibus
862 1822 202 72 Leuita
1004 1822 121 72 ac
1064 1822 263 72 sacerdote
1266 1822 404 72 praetereuntibus,
1589 1822 162 72 tandem

93 1883 174 62 uero
202 1883 261 62 receptum
398 1883 131 62 in
464 1883 196 62 curam
594 1883 109 62 a
638 1883 327 62 Samaritano.
899 1883 174 62 Erat
1008 1883 196 62 autem
1139 1883 196 62 odium
1270 1883 240 62 maximum
1444 1883 196 62 inter
1553 1883 196 62 ludaeos

97 1928 103 79 &
139 1928 331 79 Samaritanos:
407 1928 310 79 nihilominus
655 1928 186 79 tamen
779 1928 269 79 benefacit
986 1928 145 79 hic
1068 1928 186 79 isti,
1192 1928 165 79 quod
1296 1928 227 79 uideret
1461 1928 145 79 ita
1543 1928 145 79 res
1626 1928 103 79 &
1647 1928 103 79 ne-

91 1996 283 68 cessitatem
313 1996 243 68 afflicti
495 1996 283 68 postulare.
718 1996 121 68 Ea
778 1996 162 68 uero
879 1996 263 68 applicans
1082 1996 142 68 suo
1163 1996 263 68 instituto
1365 1996 222 68 dominus
1506 1996 243 68 interrogat

82 2042 206 73 illum,
226 2042 144 73 qui
309 2042 247 73 cupiebat
493 2042 226 73 erudiri
658 2042 226 73 quisnam
822 2042 185 73 esset
946 2042 247 73 proximus
1131 2042 185 73 suus,
1254 2042 103 73 &
1295 2042 164 73 ait,
1398 2042 164 73 Quis
1500 2042 185 73 horum
1603 2042 144 73 trium

94 2094 216 71 uidetur
252 2094 157 71 tibi
350 2094 197 71 fuisse
487 2094 236 71 proximus
664 2094 177 71 illi?
782 2094 275 71 Respondit.
998 2094 138 71 Qui
1077 2094 177 71 fecit
1195 2094 354 71 misericordiam.
1490 2094 138 71 Ait
1548 2094 197 71 dominus,

96 2152 170 77 Vade
202 2152 106 77 &
244 2152 149 77 fac
329 2152 127 77 tu
393 2152 297 77 similiter.
626 2152 191 77 Quasi
754 2152 212 77 dicat,
902 2152 318 77 quemadmodum
1157 2152 318 77 Samaritanus
1411 2152 276 77 iudicauit
1602 2152 149 77 etiam

81 2203 221 76 hostem
235 2203 176 76 suum
346 2203 176 76 esse
456 2203 265 76 proximum
654 2203 110 76 &
698 2203 287 76 indigenti
919 2203 287 76 beneficio
1140 2203 309 76 beneficium
1382 2203 287 76 contulit:
1603 2203 154 76 ita
1669 2203 88 76 tu

81 2270 222 49 quoque
236 2270 267 49 reputato
436 2270 289 49 quemlibet
658 2270 156 49 tua
747 2270 311 49 indigentem
992 2270 200 49 opera
1125 2270 178 49 tuum
1236 2270 178 49 esse
1347 2270 289 49 proximum,
1569 2270 111 49 &
1591 2270 156 49 bene-

85 2315 148 62 fac
169 2315 190 62 illi.
296 2315 169 62 Ergo
401 2315 253 62 secundum
591 2315 295 62 scripturam
823 2315 253 62 iudicans
1013 2315 211 62 Aurel.
1161 2315 295 62 Augustinus
1393 2315 211 62 dixit,
1541 2315 148 62 Eum
1625 2315 190 62 proxi

89 2379 141 72 mum
169 2379 161 72 esse
270 2379 342 72 intelligimus,
551 2379 141 72 cui
632 2379 141 72 uel
712 2379 282 72 exhibendum
934 2379 141 72 est
1014 2379 241 72 officium
1195 2379 342 72 misericordiae
1477 2379 121 72 si
1537 2379 241 72 indiget,

92 2434 149 70 uel
177 2434 298 70 exhibendum
411 2434 191 70 esset
538 2434 128 70 si
602 2434 298 70 indigeret.
836 2434 255 70 Heluetij
1027 2434 340 70 proprijssime
1304 2434 149 70 hoc
1389 2434 319 70 exprimimus,
1644 2434 149 70 cum

100 2485 253 70 Proximum
290 2485 232 70 nostrum
458 2485 295 70 appellamus
690 2485 148 70 den
774 2485 274 70 natdesten
985 2485 253 70 mensqen,
1175 2485 126 70 id
1238 2485 148 70 est
1322 2485 274 70 quemlibet
1512 2485 232 70 indiscri-

89 2548 237 56 minatim
261 2548 172 56 quem
368 2548 194 56 nobis
497 2548 172 56 sors
604 2548 301 56 obtulerit.
841 2548 280 56 Praeterea
1056 2548 301 56 nuncupamus
1293 2548 258 56 proximum
1486 2548 129 56 in
1529 2548 215 56 nostrate

92 2599 201 62 lingua
233 2599 141 62 der
313 2599 161 62 aben
414 2599 181 62 menso
534 2599 101 62 (
575 2599 241 62 namlique
756 2599 141 62 ein
836 2599 181 62 peoet
957 2599 141 62 oer
1037 2599 121 62 so
1097 2599 141 62 mol
1178 2599 141 62 ein
1258 2599 221 62 mensque
1419 2599 141 62 ist
1500 2599 141 62 ale
1580 2599 141 62 ir.
1640 2599 101 62 Si-

98 2655 305 71 gnificantes
341 2655 264 71 quemlibet
544 2655 223 71 hominem
707 2655 162 71 siue
808 2655 122 71 is
869 2655 142 71 sit
950 2655 203 71 amicus
1092 2655 162 71 siue
1194 2655 223 71 hostis.
1356 2655 142 71 Huc
1438 2655 244 71 pertinet
1600 2655 142 71 illud

90 2715 265 72 Lactantij
293 2715 163 72 lib.
395 2715 122 72 6.
456 2715 163 72 cap.
558 2715 122 72 1.
619 2715 163 72 Quid
721 2715 245 72 personas
905 2715 224 72 eligis.
1068 2715 163 72 Quid
1170 2715 204 72 membra
1312 2715 265 72 inspicis?
1516 2715 143 72 Pro
1577 2715 163 72 homine

98 2771 160 72 tibi
198 2771 240 72 habendus
378 2771 140 72 est
457 2771 240 72 quisquis
637 2771 260 72 precatur,
837 2771 160 72 ideo
936 2771 160 72 quia
1036 2771 120 72 te
1096 2771 220 72 hominem
1256 2771 200 72 putet.
1396 2771 220 72 Largire
1555 2771 220 72 caecis,

90 2824 272 63 debilibus,
303 2824 233 63 claudis,
478 2824 292 63 destitutis,
712 2824 194 63 quibus
848 2824 156 63 nisi
945 2824 233 63 largiare
1120 2824 253 63 moriendum
1314 2824 156 63 est.
1412 2824 175 63 Item.
1509 2824 233 63 Conseruan-

91 2878 126 79 da
154 2878 147 79 est
238 2878 294 79 humanitas,
469 2878 126 79 si
533 2878 231 79 homines
701 2878 189 79 recte
827 2878 168 79 dici
932 2878 252 79 uelimus.
1121 2878 294 79 Conseruare
1353 2878 189 79 autem
1479 2878 315 79 humanitatem

93 2937 177 69 quid
203 2937 199 69 aliud
336 2937 177 69 est,
446 2937 177 69 quam
557 2937 265 69 diligere
756 2937 243 69 hominem
932 2937 177 69 quia
1043 2937 177 69 homo
1153 2937 155 69 sit
1242 2937 110 69 &
1286 2937 177 69 idem
1396 2937 177 69 quod
1507 2937 155 69 nos
1573 2937 177 69 sumus?
