2288 3632
76 290 140 100 na
146 290 327 100 paruulorum
403 290 327 100 damnatorum
660 290 257 100 propter
847 290 304 100 baptismum
1080 290 164 100 non
1174 290 327 100 susceptum,
1431 290 280 100 definire
1618 290 140 100 tre-

73 378 192 73 pidat
201 378 150 73 nec
286 378 171 73 quid
393 378 192 73 certo
521 378 214 73 dicat,
671 378 214 73 habet.
821 378 128 73 De
885 378 192 73 Anima
1013 378 107 73 &
1056 378 171 73 eius
1163 378 235 73 origine
1334 378 171 73 lib.
1440 378 128 73 5.
1505 378 171 73 cap.
1611 378 128 73 9.
1654 378 107 73 Non

79 428 309 84 baptisatis
322 428 287 84 paruulis,
543 428 221 84 inquit
697 428 177 84 nemo
808 428 287 84 promittat
1028 428 199 84 inter
1161 428 331 84 damnationem
1426 428 287 84 regnumque
1625 428 132 84 coe-

78 473 184 91 lorum
200 473 225 91 quietis
364 473 143 91 uel
446 473 307 91 felicitatis
692 473 287 91 cuiuslibet
918 473 184 91 atque
1041 473 246 91 ubilibet
1225 473 184 91 quasi
1348 473 205 91 medium
1492 473 205 91 locum.
1635 473 123 91 At
1676 473 82 91 ea

71 542 284 77 sententia
290 542 197 77 hodie
421 542 153 77 est
508 542 240 77 recepta
683 542 175 77 fere
792 542 131 77 ab
857 542 240 77 omnibus
1032 542 109 77 :
1076 542 175 77 unde
1185 542 109 77 &
1229 542 197 77 medio
1360 542 218 77 quodam
1513 542 175 77 loco
1600 542 153 77 inter

78 594 306 80 prophanum
314 594 118 80 &
361 594 235 80 sacrum
525 594 353 80 sepeliuntur
807 594 141 80 in
878 594 329 80 coemiterio
1137 594 353 80 innocentum,
1419 594 235 80 Rursus
1583 594 212 80 autem

76 654 167 78 idem
180 654 167 78 ille
285 654 230 78 August,
452 654 209 78 contra
598 654 250 78 lulianum
786 654 292 78 Pelagianum
1015 654 167 78 lib.
1120 654 125 78 5.
1182 654 167 78 cap.
1287 654 125 78 8.
1349 654 230 78 scribit
1496 654 250 78 insantulos

68 708 196 83 illos
199 708 131 83 in
265 708 305 83 damnatione
505 708 218 83 omnium
657 708 284 83 leuissima
875 708 262 83 futuros.
1072 708 131 83 Ac
1137 708 153 83 mox
1224 708 305 83 subiungit,
1464 708 196 83 quae,
1573 708 175 83 qualis

78 758 110 79 &
122 758 219 79 quanta
275 758 197 79 erit,
407 758 241 79 quamuis
583 758 263 79 definire
780 758 154 79 non
868 758 241 79 possim,
1043 758 154 79 non
1131 758 197 79 tamen
1262 758 197 79 audeo
1394 758 219 79 dicere
1548 758 175 79 quod
1635 758 110 79 eis

78 812 122 89 ut
139 812 182 89 nulli
260 812 223 89 essent,
422 812 162 89 quam
524 812 122 89 ut
585 812 142 89 ibi
666 812 203 89 essent
808 812 203 89 potius
949 812 284 89 expediret.
1172 812 122 89 Et
1233 812 203 89 iterum
1375 812 122 89 in
1436 812 243 89 epistola
1618 812 122 89 ad
1659 812 81 89 S-

60 870 328 86 Hieronymum
317 870 164 86 28.
411 870 164 86 Cum
505 870 141 86 ad
575 870 234 86 poenas
739 870 234 86 uentum
903 870 164 86 est
997 870 352 86 paruulorum,
1278 870 258 86 inquit,
1466 870 234 86 magnis
1606 870 141 86 mihi

75 937 197 71 crede
206 937 241 71 coartor
381 937 306 71 angustijs,
622 937 153 71 nec
710 937 175 71 quid
819 937 306 71 respondeam
1060 937 241 71 prorsus
1235 937 263 71 inuenio.
1432 937 153 71 His
1519 937 263 71 accedit,

69 991 172 67 quod
177 991 172 67 lib.
285 991 194 67 cont.
414 991 302 67 Donatistas
652 991 129 67 4.
716 991 172 67 cap.
824 991 151 67 22.
910 991 108 67 &
953 991 151 67 23.
1040 991 129 67 de
1104 991 237 67 latrone
1277 991 151 67 cum
1363 991 237 67 Christo
1514 991 237 67 crucifixo

77 1045 287 80 disputans,
303 1045 185 80 inter
426 1045 164 80 alia
529 1045 205 80 dicit,
673 1045 164 80 tunc
775 1045 226 80 impleri
940 1045 267 80 baptismum
1145 1045 164 80 inui
1247 1045 287 80 sibiliter,
1473 1045 144 80 cum
1555 1045 144 80 non
1617 1045 123 80 con-

72 1103 221 71 temptus
233 1103 301 71 religionis,
474 1103 141 71 sed
554 1103 261 71 articulus
755 1103 342 71 necessitatis,
1037 1103 100 71 a
1077 1103 241 71 uisibili
1258 1103 241 71 baptismo
1439 1103 241 71 excludit
1619 1103 100 71 :
1640 1103 100 71 cur

65 1166 183 71 ergo
180 1166 160 71 non
271 1166 275 71 credamus
477 1166 114 71 &
523 1166 137 71 in
592 1166 320 71 insantibus
843 1166 343 71 praepropera
1118 1166 206 71 morte
1255 1166 366 71 decedentibus
1530 1166 206 71 baptis-

55 1213 150 63 mum
140 1213 364 63 inuisibiliter
440 1213 257 63 perfici,
632 1213 214 63 quando
782 1213 150 63 non
868 1213 300 63 contemptus
1103 1213 321 63 religionis,
1360 1213 150 63 sed
1445 1213 278 63 articulus
1638 1213 107 63 ne-

63 1270 280 62 cessitatis
283 1270 140 62 eos
363 1270 100 62 a
403 1270 240 62 uisibili
582 1270 240 62 baptismo
762 1270 260 62 excludit?
962 1270 120 62 Et
1022 1270 140 62 cum
1102 1270 240 62 plerique
1282 1270 180 62 hodie
1401 1270 280 62 concedant,
1601 1270 140 62 quem-

67 1328 143 69 uis
148 1328 225 69 adultae
312 1328 225 69 aetatis
476 1328 225 69 hominem
640 1328 184 69 citra
763 1328 266 69 baptismum
968 1328 123 69 in
1030 1328 246 69 articulo
1214 1328 328 69 necessitatis
1481 1328 205 69 saluum
1604 1328 143 69 fieri

58 1384 215 77 posse,
209 1384 172 77 modo
317 1384 194 77 adsit
446 1384 258 77 baptismi
640 1384 323 77 desiderium:
898 1384 151 77 cur
984 1384 172 77 ergo
1091 1384 258 77 insantes
1285 1384 151 77 iam
1371 1384 215 77 recens
1522 1384 194 77 natos
1629 1384 108 77 pia

57 1439 271 61 parentum
261 1439 181 61 uota
374 1439 113 61 a
419 1439 204 61 reatu
555 1439 158 61 non
645 1439 317 61 eximerent?
894 1439 158 61 Sed
985 1439 181 61 haec
1075 1439 249 61 hactenus,

123 1489 129 78 De
187 1489 129 78 eo
251 1489 215 78 quoque
402 1489 107 78 &
445 1489 172 78 olim
552 1489 107 78 &
595 1489 215 78 nostra
745 1489 215 78 aetate
896 1489 236 78 rixatum
1068 1489 150 78 est
1154 1489 258 78 acriter,
1347 1489 150 78 qui
1433 1489 150 78 nam
1497 1489 258 78 baptisandi

48 1540 199 89 sint.
181 1540 244 89 Negauit
358 1540 177 89 olim
469 1540 266 89 Pelagius
668 1540 266 89 paruulos
867 1540 177 89 esse
978 1540 354 89 baptisandos.
1266 1540 133 89 Id
1332 1540 177 89 quod
1443 1540 177 89 modo
1554 1540 244 89 audiui

66 1609 173 71 mus.
174 1609 237 71 Negauit
347 1609 151 71 eos
433 1609 324 71 baptisandos
692 1609 173 71 esse
800 1609 173 71 ante
908 1609 259 71 Pelagium
1102 1609 281 71 Auxentius
1318 1609 237 71 Arianus
1491 1609 151 71 cum
1577 1609 194 71 suis,

57 1652 261 79 Negarunt
253 1652 218 79 quidam
405 1652 239 79 tempore
580 1652 196 79 beati
710 1652 283 79 Bernardi,
928 1652 131 79 ut
993 1652 131 79 ex
1058 1652 174 79 eius
1167 1652 261 79 scriptis
1363 1652 283 79 colligere
1559 1652 174 79 licet.

63 1711 225 79 Negant
221 1711 203 79 hodie
356 1711 383 79 Anabaptistae,
671 1711 203 79 genus
806 1711 248 79 hominum
986 1711 135 79 in
1054 1711 293 79 perniciem
1279 1711 293 79 euangelij
1504 1711 113 79 a
1526 1711 203 79 sathana

64 1777 291 76 excitatum.
293 1777 125 76 At
356 1777 229 76 ueritas
522 1777 271 76 catholica
730 1777 125 76 in
793 1777 291 76 scripturis
1021 1777 229 76 sanctis
1188 1777 187 76 nobis
1313 1777 229 76 tradita
1458 1777 271 76 simpliciter

52 1825 336 86 pronunciat,
321 1825 202 86 omnes
455 1825 157 86 eos
545 1825 179 86 esse
657 1825 336 86 baptisandos
926 1825 179 86 quos
1038 1825 179 86 deus
1150 1825 269 86 agnoscit
1352 1825 157 86 pro
1442 1825 157 86 suo
1531 1825 247 86 populo,

64 1890 350 63 participesque
353 1890 309 63 purgationis
600 1890 144 63 uel
682 1890 412 63 sanctificationis
1033 1890 350 63 remissionisue
1321 1890 288 63 peccatorum
1527 1890 206 63 iudicat.

60 1939 153 65 Nam
148 1939 175 65 tota
257 1939 153 65 hac
345 1939 329 65 tractatione
608 1939 131 65 de
673 1939 329 65 Sacramentis
936 1939 241 65 ostendi
1112 1939 110 65 &
1155 1939 307 65 demonstro,
1396 1939 285 65 baptismum
1594 1939 131 65 esse

57 1991 233 85 signum
220 1991 233 85 populi
383 1991 163 85 dei
476 1991 116 85 &
523 1991 280 85 symbolum
732 1991 349 85 purgationis
1012 1991 256 85 nostrae
1198 1991 163 85 per
1291 1991 303 85 Christum.
1524 1991 186 85 Ergo
1618 1991 116 85 cum

55 2050 247 80 insantes
240 2050 247 80 fidelium
425 2050 164 80 sint
528 2050 123 80 in
590 2050 206 80 numero
734 2050 144 80 uel
816 2050 185 80 censu
939 2050 206 80 populi
1083 2050 144 80 dei
1165 2050 349 80 participesque
1432 2050 288 80 promissionis

57 2102 127 73 de
120 2102 359 73 purificatione
415 2102 148 73 per
500 2102 253 73 Christum
690 2102 105 73 :
732 2102 295 73 necessario
964 2102 253 73 sequitur
1154 2102 148 73 eos
1238 2102 169 73 esse
1343 2102 232 73 perinde
1491 2102 232 73 baptizan-

59 2159 146 66 dos
142 2159 187 66 sicut
267 2159 229 66 adultos
434 2159 187 66 fidem
538 2159 291 66 profitentes.

105 2213 323 70 lnstituitur
364 2213 215 70 quidem
514 2213 301 70 disputatio
751 2213 194 70 acuta
880 2213 129 70 de
945 2213 129 70 eo
1009 2213 151 70 qui
1095 2213 151 70 nam
1181 2213 172 70 sint
1289 2213 237 70 populus
1461 2213 151 70 dei
1547 2213 108 70 &
1569 2213 172 70 parti-

48 2280 193 75 cipes
176 2280 322 75 remissionis
434 2280 300 75 peccatorum
670 2280 150 75 per
755 2280 279 75 Christum.
970 2280 300 75 Disseritur
1206 2280 172 75 ergo
1313 2280 129 75 de
1377 2280 214 75 arcana
1528 2280 172 75 illa
1613 2280 129 75 deii

49 2337 291 73 electione,
278 2337 104 73 &
319 2337 125 73 de
381 2337 187 73 alijs
506 2337 166 73 huic
610 2337 145 73 rei
693 2337 291 73 coniunctis
921 2337 353 73 difficillimis
1212 2337 374 73 quaestionibus.
1523 2337 187 73 Verum
1627 2337 104 73 bre

50 2391 182 82 uius
164 2391 113 82 &
209 2391 318 82 simplicius
459 2391 159 82 hic
550 2391 159 82 nos
640 2391 272 82 expedire
845 2391 295 82 possumus.
1072 2391 250 82 Dicimus
1253 2391 250 82 populum
1435 2391 159 82 dei
1503 2391 227 82 agnosci,

59 2455 142 64 uel
140 2455 122 64 ex
201 2455 305 64 confessione
445 2455 183 64 fidei
567 2455 244 64 hominum,
750 2455 142 64 uel
832 2455 122 64 ex
893 2455 244 64 liberali
1076 2455 305 64 promissione
1320 2455 163 64 dei.
1422 2455 122 64 Ex
1463 2455 264 64 contessione

54 2509 217 54 quidem
206 2509 260 54 hominum.
401 2509 152 54 Nam
487 2509 152 54 eos
574 2509 152 54 pro
661 2509 217 54 filijs
812 2509 152 54 dei
899 2509 325 54 agnoscimus,
1159 2509 152 54 qui
1246 2509 152 54 iam
1332 2509 217 54 adulti
1484 2509 195 54 palam
1592 2509 130 54 con-

45 2553 261 85 fitentur
241 2553 174 85 deum
349 2553 217 85 uerum,
501 2553 174 85 deum
610 2553 174 85 esse
718 2553 195 85 suum,
849 2553 109 85 &
892 2553 195 85 Iesum
1022 2553 261 85 Christum
1218 2553 304 85 saluatorem
1456 2553 174 85 esse
1565 2553 195 85 suum.

45 2613 248 69 Caeterum
231 2613 124 69 ea
293 2613 268 69 confessio
499 2613 144 69 uel
582 2613 186 69 uere,
705 2613 144 69 uel
788 2613 186 69 ficte
912 2613 165 69 fit.
1015 2613 186 69 Vere,
1139 2613 124 69 ut
1200 2613 144 69 cum
1283 2613 124 69 S.
1345 2613 206 69 Petrus
1489 2613 165 69 ait,
1592 2613 124 69 Tu
1634 2613 83 69 es

57 2667 249 74 Christus
244 2667 187 74 filij
368 2667 145 74 dei
451 2667 166 74 uiui
555 2667 104 74 :
597 2667 145 74 cum
680 2667 249 74 Eunuchus
866 2667 207 74 dicit,
1012 2667 187 74 Credo
1136 2667 207 74 filium
1281 2667 145 74 dei
1364 2667 166 74 esse
1468 2667 187 74 Iesum
1572 2667 145 74 Chri-

52 2724 193 67 stum.
180 2724 193 67 Ficte
308 2724 193 67 uero,
437 2724 128 67 ut
501 2724 150 67 cum
587 2724 193 67 Simon
715 2724 193 67 Magus
843 2724 128 67 in
908 2724 193 67 Actis
1036 2724 321 67 apostolorum
1293 2724 193 67 dicit
1421 2724 128 67 se
1486 2724 235 67 credere
1635 2724 86 67 in

45 2778 186 78 Iesum
169 2778 268 78 Christum.
376 2778 165 78 Siue
479 2778 165 78 uero
582 2778 186 78 uere,
706 2778 165 78 siue
809 2778 186 78 ficte
933 2778 165 78 quis
1037 2778 227 78 credat,
1202 2778 207 78 quando
1346 2778 186 78 fidem
1470 2778 124 78 in
1512 2778 207 78 Christum

50 2840 181 64 palam
171 2840 282 64 confitetur
392 2840 222 64 (sanimi
554 2840 282 64 penetralia
775 2840 181 64 solus
896 2840 242 64 inspicit
1077 2840 181 64 deus:
1198 2840 141 64 hic
1279 2840 161 64 enim
1380 2840 181 64 solus
1500 2840 181 64 recte
1601 2840 121 64 cre-

55 2899 195 77 ditur
185 2899 238 77 cordium
359 2899 173 77 esse
467 2899 303 77 scrutator)
705 2899 238 77 nostrum
878 2899 152 77 non
965 2899 152 77 est
1052 2899 195 77 recte
1182 2899 325 77 confitentem
1441 2899 260 77 separare
1615 2899 108 77 uel

38 2954 289 85 abijcere
255 2954 121 85 a
303 2954 241 85 populo
472 2954 193 85 dei.
593 2954 169 85 Nam
689 2954 121 85 &
737 2954 314 85 Philippus
978 2954 265 85 Simonem
1171 2954 217 85 magum
1316 2954 169 85 non
1412 2954 289 85 repulit,
1605 2954 121 85 sed
