2288 3632
39 336 356 77 receptoribus
328 336 178 77 quod
439 336 356 77 prophetarum.
728 336 222 77 Addit.
883 336 156 77 Qui
972 336 200 77 autem
1106 336 311 77 offenderit
1350 336 178 77 unum
1461 336 133 77 de
1506 336 222 77 pusillis

46 388 203 75 istis,
188 388 142 75 qui
269 388 122 75 in
330 388 122 75 me
390 388 243 75 credunt.
573 388 264 75 Manifeste
776 388 243 75 paruulos
958 388 203 75 nondum
1100 388 264 75 confiteri
1303 388 264 75 potentes,
1506 388 264 75 credentes

50 456 227 64 uocat,
209 456 136 64 eo
277 456 181 64 quod
390 456 136 64 ex
458 456 227 64 gratia
617 456 159 64 eos
708 456 159 64 pro
798 456 340 64 credentibus
1071 456 272 64 reputet.
1275 456 159 64 Nec
1365 456 204 64 mirum
1501 456 159 64 aut
1569 456 159 64 nouum

48 499 140 86 hoc
128 499 160 86 est,
228 499 140 86 cum
308 499 160 86 deus
408 499 180 86 ipsis
528 499 180 86 etiam
648 499 220 86 adultis
808 499 180 86 fidem
929 499 220 86 imputet
1089 499 140 86 pro
1169 499 260 86 iustitia.
1369 499 260 86 Vtrobique
1549 499 160 86 iusti-

50 561 153 70 tia,
146 561 287 70 acceptatio,
375 561 134 70 aut
452 561 345 70 sanctificatio,
739 561 134 70 est
816 561 230 70 gratuita
988 561 115 70 et
1046 561 287 70 imputatiua,
1276 561 115 70 ut
1333 561 230 70 laudetur
1505 561 192 70 gloria
1620 561 96 70 gra

51 619 161 70 tiae
151 619 181 70 suoe.
272 619 261 70 Praeterea
472 619 141 70 non
553 619 161 70 uult
653 619 261 70 contemni,
854 619 181 70 multo
974 619 181 70 minus
1095 619 201 70 reijci
1235 619 100 70 e
1275 619 201 70 numero
1416 619 261 70 sanctorum
1597 619 120 70 par-

52 674 208 64 uulos.
198 674 229 64 Quinimo
364 674 229 64 angelos
530 674 145 64 his
613 674 229 64 additos
780 674 270 64 asseuerat
988 674 270 64 custodes,
1195 674 145 64 qui
1279 674 229 64 tametsi
1445 674 166 64 sint
1528 674 187 64 diuinae

41 728 270 59 maiestatis
253 728 250 59 ministri,
445 728 193 59 eosdem
580 728 173 59 tamem
696 728 173 59 illos
811 728 154 59 suos
908 728 270 59 stipatores
1120 728 231 59 paruulis
1293 728 154 59 esse
1389 728 193 59 datos,
1524 728 154 59 siue
1601 728 116 59 con-

40 784 209 72 cessos
186 784 104 72 :
228 784 125 72 ut
291 784 146 72 uel
374 784 167 72 inde
479 784 293 72 aestimemus
709 784 209 72 quanti
855 784 209 72 faciat
1001 784 230 72 dominus
1169 784 313 72 insantulos,
1419 784 104 72 &
1461 784 125 72 ut
1503 784 209 72 discamus

46 837 187 68 illos
171 837 145 68 non
254 837 270 68 expungere
461 837 125 68 ex
524 837 166 68 albo
628 837 208 68 populi
773 837 166 68 dei,
877 837 145 68 cui
960 837 228 68 debetur
1126 837 187 68 uitae
1250 837 311 68 haereditas.
1499 837 187 68 Nihil
1603 837 104 68 hic

35 893 262 76 tribuimus
236 893 222 76 carnali
398 893 302 76 natiuitati,
640 893 141 76 sed
720 893 181 76 omnia
841 893 222 76 diuines
1002 893 222 76 gratiae
1164 893 101 76 &
1204 893 323 76 promissioni.
1466 893 202 76 Claret
1607 893 141 76 iam

41 954 121 70 ex
101 954 141 70 his
182 954 242 70 omnibus,
363 954 101 70 &
403 954 242 70 insantes
584 954 262 70 fidelium,
786 954 101 70 &
826 954 221 70 adultos
987 954 181 70 fidem
1108 954 302 70 consitentes
1350 954 161 70 esse
1430 954 282 70 baptizandos.

106 1002 133 81 Ex
172 1002 244 81 aduerso
350 1002 199 81 autem
482 1002 354 81 anabaptistae
770 1002 332 81 contendunt,
1036 1002 244 81 neminem
1213 1002 177 81 esse
1324 1002 354 81 baptizandum,
1590 1002 133 81 nisi

37 1064 146 66 eum
120 1064 187 66 solum
245 1064 146 66 qui
329 1064 104 66 &
370 1064 208 66 doceri
516 1064 104 66 &
557 1064 250 66 credere,
745 1064 167 66 adde
849 1064 104 66 &
891 1064 187 66 fidem
1015 1064 271 66 profiteri
1224 1064 229 66 possit.
1390 1064 187 66 Atque
1515 1064 125 66 in
1577 1064 187 66 huius

35 1121 150 69 rei
120 1121 385 69 confirmationem
441 1121 256 69 adducunt
633 1121 192 69 illas
761 1121 299 69 saluatoris
996 1121 321 69 sententias.
1253 1121 128 69 Ex
1317 1121 214 69 Matth.
1467 1121 214 69 Euntes
1595 1121 128 69 ergo

38 1179 225 71 docete
195 1179 202 71 omnes
330 1179 247 71 gentes,
509 1179 337 71 baptizantes
779 1179 157 71 eos
869 1179 135 71 in
936 1179 225 71 nomine
1094 1179 225 71 patris
1251 1179 157 71 &c.
1341 1179 135 71 Ex
1408 1179 225 71 Marco,
1566 1179 157 71 Ite
1633 1179 90 71 in

45 1237 204 71 orbem
181 1237 295 71 uniuersum
408 1237 113 71 &
453 1237 317 71 praedicate
702 1237 317 71 euangelium
952 1237 181 71 omni
1065 1237 295 71 creaturae
1292 1237 113 71 :
1337 1237 159 71 qui
1427 1237 317 71 crediderit
1654 1237 68 71 &

38 1284 295 80 baptizatus
270 1284 232 80 fuerit,
438 1284 211 80 saluus
586 1284 169 80 erit
691 1284 148 80 &c.
776 1284 126 80 En
839 1284 253 80 doctrina
1029 1284 295 80 praecedit,
1260 1284 274 80 inquiunt,
1450 1284 253 80 baptismum.

46 1340 170 77 Ergo
152 1340 149 77 qui
237 1340 212 77 doceri
386 1340 149 77 non
471 1340 255 77 possunt,
662 1340 276 77 baptizari
874 1340 149 77 non
959 1340 234 77 debent.
1129 1340 276 77 Praeterea
1342 1340 212 77 praeit
1491 1340 255 77 credere,

39 1397 335 77 subiungitur
306 1397 312 77 baptizare.
552 1397 268 77 Insantes
753 1397 156 77 non
842 1397 245 77 credunt
1020 1397 112 77 :
1065 1397 178 77 ergo
1177 1397 312 77 baptizandi
1422 1397 156 77 non
1511 1397 201 77 sunt.
1623 1397 89 77 Ad

36 1451 173 71 haec
145 1451 216 71 omnia,
296 1451 303 71 coaceruant
534 1451 130 71 ex
599 1451 195 71 Actis
729 1451 324 71 apostolorum
988 1451 238 71 exempla
1161 1451 151 71 qua
1248 1451 238 71 probant
1421 1451 260 71 fideles,
1594 1451 108 71 hoc

32 1517 155 68 est
121 1517 200 68 fidem
254 1517 355 68 confitentes,
542 1517 178 68 esse
653 1517 311 68 baptizatos
898 1517 133 68 ab
964 1517 311 68 apostolis.
1208 1517 333 68 Commemorant
1475 1517 111 68 &
1497 1517 222 68 Catechu-

34 1575 186 70 menos
158 1575 248 70 ueterum:
344 1575 207 70 quibus
489 1575 207 70 nullus
634 1575 165 70 sane
737 1575 227 70 fuisset
902 1575 186 70 locus
1026 1575 207 70 datus,
1171 1575 269 70 inquiunt,
1377 1575 124 70 si
1419 1575 289 70 baptizassent

32 1620 278 68 insantes,
246 1620 300 68 Respondeo,
481 1620 128 68 Si
545 1620 257 68 uerborum
738 1620 171 68 ordo
845 1620 235 68 aliquid
1016 1620 193 68 facit
1145 1620 128 68 in
1209 1620 150 68 hac
1294 1620 235 68 caussa,
1466 1620 235 68 habemus
1637 1620 107 68 &

31 1682 153 73 nos
118 1682 175 73 quod
228 1682 153 73 pro
315 1682 218 73 caussa
468 1682 218 73 nostra
621 1682 240 73 faciat.
795 1682 153 73 Nam
883 1682 131 73 in
948 1682 196 73 Marco
1079 1682 153 73 sic
1166 1682 262 73 legimus,
1363 1682 306 73 Baptizabat
1581 1682 131 73 Ioan

26 1740 149 63 nes
111 1740 128 63 in
175 1740 255 63 deserto,
366 1740 298 63 praedicans
600 1740 276 63 baptismum
812 1740 361 63 poenitentiae.
1110 1740 149 63 Quo
1195 1740 170 63 loco
1301 1740 255 63 cernimus
1471 1740 234 63 baptizare

50 1785 317 75 praecedere,
304 1785 254 75 subsequi
494 1785 317 75 praedicare.
748 1785 148 75 Sed
833 1785 106 75 &
875 1785 190 75 illum
1002 1785 190 75 ipsum
1129 1785 190 75 locum
1256 1785 169 75 quem
1362 1785 169 75 illi
1467 1785 148 75 pro
1552 1785 127 75 se
1594 1785 106 75 ad-

36 1850 222 57 ducunt
191 1850 133 57 ex
257 1850 266 57 Matthaeo
457 1850 399 57 demonstrabimus
789 1850 222 57 sacere
944 1850 155 57 pro
1033 1850 222 57 nobis.
1188 1850 288 57 Matthaeus
1410 1850 177 57 enim
1521 1850 155 57 sic
1587 1850 111 57 ha-

28 1896 165 80 bet,
132 1896 165 80 Data
235 1896 145 80 est
317 1896 165 80 mihi
421 1896 186 80 omnis
545 1896 268 80 potestas,
751 1896 145 80 ait
834 1896 248 80 dominus,
1020 1896 124 80 in
1082 1896 186 80 coelo
1205 1896 103 80 &
1247 1896 124 80 in
1309 1896 207 80 terra:
1453 1896 207 80 euntes
1577 1896 124 80 ergo

37 1956 161 72 uesi,
145 1956 269 72 aetucroere,
360 1956 108 72 id
413 1956 125 72 est
485 1956 269 72 discipulate
700 1956 125 72 (ut
772 1956 125 72 sic
844 1956 179 72 dicam)
969 1956 108 72 id
1023 1956 125 72 est
1095 1956 251 72 discipulos
1292 1956 143 72 mihi
1381 1956 179 72 facite
1507 1956 125 72 uel
1561 1956 143 72 colli-

27 2021 186 70 gite
143 2021 210 70 omnes
283 2021 256 70 gentes.
470 2021 163 70 Sed
563 2021 117 70 &
609 2021 210 70 modum
749 2021 280 70 indicat,
959 2021 256 70 quomodo
1146 2021 303 70 colligant
1379 2021 140 70 ei
1449 2021 140 70 ex
1495 2021 210 70 omnibus

29 2077 275 62 gentibus,
241 2077 148 62 uel
325 2077 191 62 omnes
452 2077 233 62 gentes,
622 2077 318 62 discipulos.
876 2077 318 62 Baptizantes
1130 2077 148 62 eos
1215 2077 191 62 atque
1342 2077 275 62 docentes.
1533 2077 169 62 Bapti-

37 2134 199 56 zando
170 2134 111 56 &
214 2134 244 56 docendo
391 2134 355 56 comparabitis
680 2134 177 56 mihi
790 2134 310 56 ecclesiam.
1034 2134 133 56 Ac
1101 2134 266 56 utrumque
1300 2134 244 56 pulchre
1477 2134 111 56 &
1522 2134 222 56 breui

29 2188 134 69 ter
105 2188 268 69 sigillatim
316 2188 268 69 illustrat,
526 2188 210 69 dicens,
679 2188 287 69 Baptizantes
908 2188 134 69 eos
985 2188 115 69 in
1042 2188 172 69 nomen
1157 2188 210 69 patris,
1310 2188 96 69 &
1348 2188 191 69 filij,
1482 2188 96 69 &
1520 2188 229 69 spiritus

28 2231 233 76 sancti.
197 2231 254 76 Docentes
387 2231 148 76 eos
472 2231 233 76 seruare
641 2231 190 76 omnia
768 2231 296 76 quaecunque
1001 2231 254 76 praecepi
1191 2231 212 76 uobis.
1339 2231 148 76 Iam
1424 2231 169 76 ergo
1509 2231 190 76 baptis-

20 2293 159 83 mus
111 2293 228 83 praeit
271 2293 319 83 doctrinam.
521 2293 205 83 Verum
657 2293 159 83 nos
748 2293 182 83 inde
862 2293 159 83 non
953 2293 319 83 colligimus
1203 2293 250 83 gentes,
1385 2293 182 83 quae
1499 2293 250 83 nunquam

27 2355 252 63 quicquam
216 2355 189 63 prius
342 2355 126 63 de
405 2355 147 63 deo
490 2355 105 63 &
532 2355 189 63 filio
658 2355 147 63 dei
742 2355 126 63 ac
805 2355 231 63 spiritu
973 2355 210 63 sancto
1120 2355 273 63 audierunt
1331 2355 315 63 baptizandas
1562 2355 147 63 esse,

35 2417 194 67 neque
165 2417 173 67 uero
273 2417 130 67 id
338 2417 346 67 sustinerent:
619 2417 151 67 sed
705 2417 173 67 baec
813 2417 302 67 proferimus
1051 2417 130 67 ut
1116 2417 302 67 ostendamus
1353 2417 173 67 quam
1461 2417 151 67 non
1526 2417 173 67 solido

28 2456 325 70 fundamento
283 2456 325 70 innitantur
539 2456 395 70 Anabaptistae.
864 2456 256 70 Dicimus
1050 2456 209 70 autem
1190 2456 349 70 simpliciter
1469 2456 209 70 uerum
1585 2456 116 70 non

27 2524 171 64 esse
133 2524 171 64 quod
240 2524 171 64 isti
347 2524 256 64 fingunt,
539 2524 235 64 dominum
710 2524 256 64 iussisse
902 2524 149 64 eos
987 2524 256 64 duntaxat
1180 2524 256 64 tingere,
1372 2524 171 64 quos
1457 2524 235 64 docuerint

25 2578 273 72 apostoli.
235 2578 189 72 Neque
361 2578 168 72 uero
465 2578 147 72 hic
549 2578 252 72 designat
738 2578 147 72 qui
822 2578 294 72 baptizandi
1053 2578 168 72 sint
1158 2578 126 72 in
1221 2578 294 72 uniuersum,
1451 2578 147 72 sed
1535 2578 210 72 loqui

27 2634 143 70 tur
108 2634 122 70 de
169 2634 224 70 adultis
333 2634 265 70 primisque
537 2634 306 70 fundamentis
782 2634 184 70 fidei
904 2634 102 70 &
945 2634 265 70 ecclesiae
1149 2634 306 70 collocandis
1394 2634 184 70 inter
1516 2634 224 70 gentes,

23 2691 191 57 rudes
150 2691 191 57 adhuc
277 2691 106 57 &
319 2691 233 57 ignaras
489 2691 318 57 religionis.
743 2691 233 57 Adulti,
912 2691 148 57 non
997 2691 275 57 insantes,
1209 2691 381 57 praedicationem
1527 2691 148 57 uel
1590 2691 106 57 do-

31 2734 231 77 ctrinam
199 2734 231 77 audire,
367 2734 231 77 credere
536 2734 105 77 &
578 2734 273 77 confiteri
788 2734 252 77 possunt,
977 2734 252 77 insantes
1166 2734 147 77 non
1250 2734 189 77 item.
1377 2734 189 77 Nihil
1503 2734 168 77 ergo
1587 2734 105 77 hic

26 2796 272 64 loquitur
230 2796 136 64 de
298 2796 339 64 insantibus.
569 2796 204 64 Verum
705 2796 181 64 ideo
818 2796 158 64 non
909 2796 339 64 excluduntur
1181 2796 136 64 at
1248 2796 294 64 baptismo.
1452 2796 249 64 Generalis

36 2850 151 64 lex
123 2850 173 64 est,
231 2850 151 64 Qui
317 2850 151 64 non
403 2850 259 64 laborat,
597 2850 151 64 non
684 2850 281 64 manducet:
900 2850 194 64 uerum
1029 2850 173 64 quis
1137 2850 173 64 adeo
1245 2850 259 64 barbarus
1439 2850 129 64 ut
1504 2850 173 64 ideo
1590 2850 108 64 pu-

32 2914 149 75 tet
117 2914 255 75 insantes
308 2914 170 75 fame
414 2914 170 75 esse
521 2914 276 75 necandos?
733 2914 234 75 Dominus
903 2914 191 75 misit
1031 2914 276 75 apostolos
1244 2914 170 75 suos
1350 2914 128 75 ab
1414 2914 213 75 initio
1541 2914 149 75 propa

40 2971 245 65 gationis
224 2971 184 65 uerae
346 2971 286 65 religionis
571 2971 123 65 in
633 2971 184 65 omnes
755 2971 225 65 gentes,
919 2971 123 65 ad
980 2971 143 65 eos
1062 2971 143 65 qui
1144 2971 102 65 &
1185 2971 164 65 deum
1287 2971 286 65 ignorabant
1512 2971 102 65 &
1532 2971 164 65 alieni
