2288 3632
505 327 189 78 erant
631 327 105 78 a
673 327 316 78 testamentis
926 327 168 78 dei,
1031 327 147 78 hos
1115 327 189 78 certe
1242 327 147 78 non
1326 327 211 78 primum
1473 327 253 78 tingere,
1663 327 211 78 deinde
1810 327 211 78 docere
1936 327 232 78 oportuit.

499 401 159 58 sed
590 401 227 58 primum
749 401 227 58 docere
908 401 227 58 deinde
1067 401 272 58 tingere.
1271 401 136 58 Si
1339 401 204 58 hodie
1475 401 431 58 proficisceremur
1839 401 136 58 ad
1907 401 227 58 Turcas
2043 401 136 58 con-

510 456 302 56 uertendos
742 456 139 56 ad
812 456 209 56 fidem
951 456 279 56 Christi,
1160 456 232 56 primum
1323 456 209 56 certe
1462 456 325 56 doceremus,
1717 456 232 56 deinde
1857 456 325 56 baptizaremus

505 507 212 75 seruos
653 507 233 75 Christi
823 507 382 75 dedititiosque.
1141 507 149 75 Ita
1226 507 170 75 ipse
1332 507 212 75 quoque
1481 507 233 75 dominus
1651 507 233 75 quondam
1820 507 149 75 cum
1905 507 170 75 ipso
1990 507 191 75 Abraha-

500 554 135 69 mo
568 554 225 69 primum
726 554 293 69 reparauit
951 554 248 69 foedus,
1132 554 135 69 ac
1199 554 293 69 instituit
1425 554 406 69 circumcisionem
1763 554 383 69 obsignationem
2056 554 135 69 foe-

508 624 213 55 deris,
657 624 213 55 deinde
807 624 171 55 uero
913 624 235 55 Abraham
1084 624 320 55 circumcisus
1340 624 171 55 est.
1447 624 128 55 At
1511 624 171 55 idem
1618 624 171 55 ille
1724 624 149 55 cum
1810 624 363 55 intellexisset
2087 624 107 55 in-

514 674 212 69 santes
662 674 212 69 quoque
811 674 276 69 pertinere
1024 674 127 69 ad
1087 674 234 69 foedus,
1257 674 106 69 &
1300 674 382 69 circumcisionem
1618 674 170 69 esse
1725 674 255 69 foederis
1916 674 319 69 obsignatio¬

512 737 182 64 nem,
626 737 159 64 non
717 737 273 64 lsmaelem
921 737 273 64 duntaxat
1126 737 273 64 tredecim
1330 737 205 64 annos
1467 737 205 64 natum
1603 737 114 64 &
1649 737 318 64 uernaculos
1899 737 205 64 domus
2035 737 205 64 suae,

510 780 151 71 sed
597 780 108 71 &
640 780 280 71 insantes,
855 780 194 71 inter
984 780 172 71 quos
1092 780 108 71 &
1135 780 237 71 lsaacum
1308 780 302 71 numeramus,
1545 780 215 71 postea
1695 780 345 71 circumcidit.
1976 780 151 71 Ita
2040 780 151 71 fide-

514 844 155 67 les
602 844 155 67 qui
691 844 133 67 ex
757 844 310 67 gentilismo
1001 844 399 67 conuertebantur
1333 844 155 67 per
1422 844 399 67 praedicationem
1754 844 310 67 euangelij,
1998 844 111 67 &
2020 844 177 67 bapti-

518 899 246 67 zabantur
702 899 328 67 confitentes,
968 899 143 67 ubi
1050 899 369 67 intellexissent
1357 899 246 67 insantes
1542 899 164 67 suos
1644 899 246 67 reputari
1828 899 123 67 in
1890 899 205 67 populo
2033 899 164 67 dei,
2136 899 102 67 &

517 953 190 66 bapti
643 953 169 66 smum
749 953 169 66 esse
854 953 253 66 symbolum
1044 953 211 66 populi
1191 953 169 66 dei,
1296 953 190 66 etiam
1423 953 253 66 insantes
1612 953 169 66 suos
1718 953 274 66 baptizari
1928 953 316 66 curauerunt.

522 1008 360 79 Quemadmodum
810 1008 192 79 ergo
930 1008 288 79 scriptum
1146 1008 168 79 est
1242 1008 144 79 de
1314 1008 288 79 Abraham.
1531 1008 216 79 Omnes
1675 1008 216 79 mares
1819 1008 216 79 domus
1963 1008 192 79 suae
2059 1008 144 79 cir-

520 1065 285 73 cumcidit.
739 1065 153 73 Ita
827 1065 153 73 non
914 1065 175 73 raro
1024 1065 241 73 legimus
1199 1065 131 73 in
1265 1065 197 73 Actis
1396 1065 109 73 &
1440 1065 263 73 scriptis
1637 1065 328 73 apostolorum
1878 1065 328 73 patrefamilias

519 1128 276 65 conuerso
726 1128 207 65 totam
864 1128 184 65 eius
979 1128 207 65 domum
1117 1128 184 65 esse
1232 1128 345 65 baptizatam.
1509 1128 184 65 Quod
1624 1128 184 65 uero
1739 1128 138 65 ad
1808 1128 368 65 Catechumenos
2084 1128 115 65 at-

516 1176 214 69 tinet,
665 1176 299 69 accedebant
901 1176 171 69 apud
1007 1176 235 69 ueteres
1179 1176 128 69 ex
1243 1176 257 69 gentibus
1435 1176 257 69 quotidie
1628 1176 128 69 ad
1692 1176 299 69 ecelesiam,
1927 1176 171 69 quos
2034 1176 171 69 isti
2119 1176 86 69 in

520 1231 163 82 fide
621 1231 183 82 rudes
743 1231 325 82 instituebant
1008 1231 122 82 in
1069 1231 264 82 elementis
1272 1231 203 82 fidei,
1414 1231 203 82 deinde
1556 1231 163 82 uero
1658 1231 325 82 baptizabant.
1922 1231 142 82 Sed
2004 1231 163 82 illi
2085 1231 122 82 ipsi

519 1294 253 75 ueteres
703 1294 230 75 nihilo
865 1294 207 75 minus
1003 1294 115 75 &
1049 1294 277 75 fidelium
1256 1294 277 75 insantes
1464 1294 369 75 baptizabant.
1763 1294 138 75 Id
1832 1294 184 75 quod
1948 1294 161 75 mox
2017 1294 184 75 demon

486 1352 301 80 strabimus,

577 1405 149 70 Nec
662 1405 256 70 legitime
854 1405 278 70 colligunt
1068 1405 149 70 cum
1153 1405 149 70 ita
1238 1405 320 70 concludunt,
1495 1405 149 70 Qui
1580 1405 299 70 crediderit
1815 1405 107 70 &
1857 1405 299 70 baptisatus
2071 1405 128 70 fue-

519 1459 172 76 rit,
627 1459 215 76 saluus
778 1459 194 76 erit.
907 1459 194 76 Pueri
1036 1459 151 76 non
1122 1459 258 76 credunt,
1316 1459 172 76 ergo
1423 1459 151 76 non
1509 1459 172 76 sunt
1617 1459 323 76 baptisandi,
1875 1459 215 76 Rursus
2026 1459 172 76 enim
2112 1459 86 76 de

519 1512 266 70 adultis,
719 1512 200 70 sicut
852 1512 111 70 &
896 1512 178 70 apud
1007 1512 311 70 Matthaeum,
1251 1512 244 70 constat
1429 1512 178 70 esse
1540 1512 266 70 locutum.
1740 1512 244 70 Quoniam
1917 1512 178 70 uero
2028 1512 133 70 ab
2073 1512 133 70 adul

517 1575 147 73 tis
601 1575 210 73 fidem,
748 1575 252 73 fideique
937 1575 336 73 confessionem
1209 1575 273 73 requirit,
1419 1575 168 73 inde
1524 1575 147 73 non
1608 1575 147 73 est
1692 1575 294 73 consequens
1922 1575 168 73 quod
2027 1575 168 73 idem
2111 1575 105 73 re-

521 1626 211 69 quirat
669 1626 127 69 ab
732 1626 317 69 insantibus.
985 1626 148 69 Hos
1070 1626 169 69 enim
1175 1626 148 69 pro
1259 1626 169 69 suis
1365 1626 232 69 reputat
1534 1626 190 69 etiam
1660 1626 169 69 sine
1766 1626 338 69 confessione,
2040 1626 127 69 ex
2082 1626 127 69 mera

524 1680 155 72 sua
612 1680 221 72 gratia
767 1680 111 72 &
812 1680 221 72 libera
967 1680 354 72 promissione.
1254 1680 177 72 Vnde
1365 1680 155 72 nos
1453 1680 133 72 ex
1520 1680 243 72 aduerso
1697 1680 155 72 sic
1785 1680 376 72 argumentamur:
2073 1680 133 72 Cre-

529 1746 209 58 dentes
676 1746 167 58 sunt
780 1746 314 58 baptisandi.
1031 1746 126 58 Id
1094 1746 167 58 quod
1199 1746 167 58 ipsi
1303 1746 209 58 quoque
1450 1746 293 58 aduersarij
1680 1746 293 58 concedunt.
1910 1746 251 58 Insantes
2077 1746 126 58 sunt

531 1803 313 71 credentes.
776 1803 156 71 Nam
866 1803 179 71 deus
977 1803 246 71 reputat
1156 1803 156 71 eos
1245 1803 134 71 in
1312 1803 223 71 numero
1469 1803 290 71 fidelium.
1692 1803 134 71 Id
1759 1803 179 71 quod
1871 1803 268 71 superius
2050 1803 156 71 mani-

523 1850 190 74 feste
649 1850 253 74 probaui.
839 1850 232 74 Proinde
1007 1850 253 74 insantes
1197 1850 169 74 sunt
1281 1850 274 74 baptisandi.

588 1902 307 71 Obijiciunt
830 1902 264 71 insantes
1027 1902 285 71 mysterium
1247 1902 264 71 baptismi
1444 1902 154 71 non
1532 1902 351 71 intelligere,
1818 1902 132 71 ac
1884 1902 220 71 prinde
2037 1902 154 71 cum
2103 1902 110 71 ra-

525 1959 199 62 tione
657 1959 132 62 ac
724 1959 199 62 sensu
856 1959 243 62 communi
1032 1959 154 62 non
1121 1959 177 62 modo
1231 1959 154 62 cum
1319 1959 287 62 religione
1540 1959 265 62 pugnare,
1739 1959 287 62 baptizare
1959 1959 287 62 insantes,

521 2013 244 64 Perinde
698 2013 177 64 enim
809 2013 177 64 esse
920 2013 244 64 truncum
1098 2013 111 64 &
1142 2013 266 64 insantem
1342 2013 311 64 baptizare,
1586 2013 155 64 cum
1675 2013 244 64 neutrum
1852 2013 222 64 utatur
1985 2013 222 64 ratione.

532 2072 265 73 Caeterum
731 2072 221 73 laxant
885 2072 243 73 impuras
1062 2072 177 73 suas
1172 2072 243 73 linguas
1348 2072 221 73 impuri
1503 2072 287 73 nebulones
1724 2072 132 73 in
1790 2072 199 73 ipsam
1922 2072 154 73 dei
1988 2072 221 73 maiesta-

530 2129 171 76 tem.
637 2129 171 76 Deus
744 2129 214 76 iussit
894 2129 343 76 circumcidere
1172 2129 300 76 insantulos
1408 2129 107 76 :
1450 2129 107 76 &
1493 2129 321 76 circumcisio
1750 2129 236 76 grandia
1922 2129 278 76 continuit
2114 2129 86 76 my

526 2187 234 66 steria,
696 2187 170 66 quae
803 2187 277 66 insantuli
1015 2187 149 66 non
1101 2187 383 66 intellexerunt.
1420 2187 128 66 An
1484 2187 170 66 uero
1590 2187 170 66 deus
1697 2187 256 66 quicquam
1889 2187 277 66 instituit
2080 2187 128 66 con-

526 2244 167 64 tra
621 2244 286 64 rationem
836 2244 119 64 &
883 2244 238 64 sensum
1050 2244 309 64 communem?
1288 2244 214 64 Abite
1431 2244 167 64 quo
1526 2244 214 64 digni
1669 2244 214 64 estis
1811 2244 357 64 tenebriones
2097 2244 167 64 cum

531 2298 249 63 uestris
712 2298 362 63 blasphemijs.
1006 2298 362 63 lmpurissimum
1300 2298 181 63 uero
1413 2298 113 63 &
1459 2298 181 63 plus
1572 2298 181 63 quam
1685 2298 271 63 barbarum
1888 2298 181 63 est,
2001 2298 181 63 quod
2092 2298 113 63 in-

527 2354 205 75 santes
671 2354 144 75 cum
753 2354 226 75 truncis
917 2354 287 75 confertis.
1143 2354 205 75 Quanti
1286 2354 164 75 enim
1389 2354 205 75 faciat
1532 2354 164 75 deus
1635 2354 267 75 insantes,
1840 2354 144 75 iam
1922 2354 164 75 ante
2024 2354 123 75 ex
2065 2354 144 75 euan-

527 2413 205 70 gelio
664 2413 296 70 docuimus.
891 2413 273 70 Caeterum
1096 2413 410 70 diligentissime
1437 2413 114 70 &
1483 2413 228 70 sedulo
1642 2413 250 70 docendi
1824 2413 114 70 &
1847 2413 364 70 comonefaciendi

520 2464 165 75 sunt
623 2464 226 75 homines
788 2464 226 75 ratione
952 2464 165 75 sana
1055 2464 144 75 iam
1137 2464 144 75 uti
1220 2464 329 75 incipientes,
1487 2464 123 75 ut
1549 2464 288 75 meminerint
1775 2464 123 75 se
1837 2464 165 75 esse
1940 2464 309 75 baptisatos,

519 2529 112 68 &
563 2529 135 68 ut
631 2529 269 68 conentur
833 2529 157 68 dei
923 2529 269 68 inuocato
1125 2529 224 68 nomine
1282 2529 157 68 per
1371 2529 202 68 omnia
1506 2529 292 68 respodere
1731 2529 157 68 suo
1820 2529 180 68 uoto
1933 2529 112 68 &
1978 2529 180 68 suae
2067 2529 135 68 pro-

525 2580 274 77 fessioni.
736 2580 148 77 Ita
820 2580 169 77 uero
925 2580 232 77 Abraham
1094 2580 232 77 lsaacum
1263 2580 169 77 suum
1368 2580 295 77 instituit,
1600 2580 105 77 &
1642 2580 232 77 liberos
1811 2580 169 77 suos
1916 2580 211 77 sancti
2042 2580 169 77 patres

488 2648 233 71 omnes.

574 2692 139 79 Sed
654 2692 299 79 praeteritis
893 2692 259 79 furiosis,
1092 2692 259 79 rabiosis,
1291 2692 318 79 maledicisque
1549 2692 179 79 illis
1669 2692 318 79 rixatoribus,
1927 2692 199 79 quibus
2067 2692 179 79 nulla

526 2750 224 73 unquam
683 2750 202 73 uerba
817 2750 224 73 deesse
974 2750 314 73 audiuimus,
1221 2750 359 73 quantumlibet
1513 2750 202 73 saepe
1648 2750 112 73 &
1693 2750 202 73 serio
1827 2750 157 73 cum
1917 2750 157 73 eis
1985 2750 224 73 contule

533 2804 233 74 rimus,
696 2804 279 74 pergamus
905 2804 256 74 paucis,
1091 2804 163 74 sed
1184 2804 349 74 euidentibus
1463 2804 326 74 argumentis
1719 2804 349 74 demonstrare
1975 2804 233 74 paruulos

526 2861 168 68 esse
631 2861 335 68 baptisandos,
903 2861 230 68 adeoque
1071 2861 230 68 Christi
1238 2861 209 68 domini
1385 2861 272 68 apostolos
1594 2861 335 68 baptizauisse
1867 2861 272 68 insantes.
2055 2861 147 68 Domi-

525 2921 157 69 nus
614 2921 224 69 iussit
771 2921 291 69 baptizare
995 2921 202 69 omnes
1130 2921 224 69 gentes
1287 2921 112 69 :
1332 2921 179 69 ergo
1444 2921 112 69 &
1489 2921 291 69 insantes.
1713 2921 135 69 Hi
1780 2921 179 69 enim
1870 2921 336 69 comprehendun-

520 2981 156 77 tur
609 2981 156 77 sub
698 2981 222 77 omnium
853 2981 244 77 gentium
1031 2981 289 77 uocabulo.
1253 2981 200 77 Item,
1387 2981 311 77 Quoscumque
1631 2981 178 77 deus
1742 2981 200 77 inter
1876 2981 244 77 fideles
2031 2981 178 77 accen
