2288 3632
530 293 140 90 bus
610 293 160 90 sunt
710 293 280 90 instituta.
930 293 120 90 Vt
990 293 160 90 enim
1090 293 180 90 omnes
1210 293 180 90 alios
1330 293 300 90 praeteream,
1569 293 120 90 an
1629 293 140 90 non
1709 293 180 90 losue
1829 293 360 90 diligentissime
2109 293 80 90 cu

524 357 190 81 rabat
651 357 296 81 circuncidi
883 357 233 81 populum
1052 357 275 81 priusquam
1264 357 338 81 ingrederetur
1539 357 211 81 terram
1687 357 296 81 promissam?
1919 357 148 81 Cum
2004 357 190 81 autem
2109 357 85 81 fi

530 415 253 67 delissimi
724 415 214 67 fuerint
879 415 175 67 serui
996 415 155 67 Iesu
1093 415 214 67 Christi
1248 415 330 67 praedicatores
1520 415 175 67 orbis
1637 415 253 67 apostoli,
1831 415 136 67 cui
1909 415 214 67 posthac
2045 415 155 67 dubium

532 470 159 74 erit
631 470 178 74 ipsos
750 470 277 74 baptizasse
968 470 297 74 insantulos,
1206 470 139 74 cum
1285 470 258 74 baptismus
1483 470 238 74 subierit
1662 470 119 74 in
1721 470 178 74 locum
1820 470 337 74 circumcisionis?

615 521 195 71 Certe
745 521 260 71 apostoli
940 521 238 71 Christi
1114 521 195 71 omnia
1244 521 152 71 sua
1330 521 368 71 attemperarunt
1634 521 130 71 ad
1699 521 195 71 typos
1829 521 108 71 &
1872 521 238 71 figuras
2024 521 173 71 testa-

525 598 192 58 menti
653 598 256 58 ueteris,
844 598 170 58 ergo
951 598 107 58 &
994 598 277 58 baptismum
1207 598 341 58 attemperasse
1484 598 213 58 certum
1633 598 170 58 est,
1739 598 234 58 ideoque
1910 598 107 58 &
1931 598 256 58 insantulos

530 639 319 75 baptizasse.
785 639 234 75 Quoniam
955 639 128 75 hi
1019 639 234 75 fuerunt
1189 639 128 75 in
1253 639 170 75 typo
1359 639 276 75 baptismi.
1571 639 149 75 Nam
1657 639 234 75 populus
1827 639 276 75 lsraelis,
2039 639 106 75 &
2060 639 128 75 mare

530 708 238 67 rubrum,
703 708 108 67 &
747 708 216 67 alueum
898 708 259 67 lordanis
1092 708 259 67 transijt
1287 708 151 67 cum
1374 708 259 67 liberis.
1568 708 130 67 Et
1633 708 238 67 quamuis
1806 708 130 67 hi
1871 708 151 67 non
1957 708 216 67 semper
2087 708 108 67 ex-

531 752 294 79 primantur,
762 752 210 79 sicuti
909 752 147 79 nec
993 752 252 79 mulieres
1182 752 126 79 in
1245 752 294 79 scripturis
1475 752 252 79 sanctis,
1664 752 399 79 comprehenduntur
2000 752 189 79 tamen
2126 752 105 79 &

532 810 410 79 subintelliguntur
880 810 123 79 in
921 810 123 79 his.

608 856 139 77 His
688 856 219 77 accedit
847 856 159 77 quod
947 856 279 77 clarissime
1166 856 120 77 in
1226 856 279 77 scripturis
1445 856 259 77 traditur,
1644 856 259 77 apostolos
1843 856 179 77 totas
1963 856 179 77 domos
2062 856 120 77 siue

525 929 257 62 familias
717 929 321 62 baptizasse.
975 929 407 62 Comprehenduntur
1317 929 193 62 autem
1446 929 129 62 in
1510 929 236 62 domibus
1682 929 129 62 in
1746 929 214 62 primis
1896 929 236 62 liberi:
2046 929 150 62 utpo-

537 977 120 72 te
597 977 381 72 praestantissima
918 977 100 72 &
958 977 281 72 charissima
1179 977 181 72 domus
1299 977 181 72 pars.
1420 977 301 72 Baptizarunt
1660 977 160 72 ergo
1761 977 241 72 apostoli
1941 977 221 72 liberos
2082 977 100 72 si-

536 1039 136 70 ue
604 1039 294 70 paruulos,
831 1039 158 70 non
921 1039 226 70 tantum
1079 1039 272 70 adultos.
1283 1039 181 70 Quod
1396 1039 204 70 autem
1532 1039 204 70 domus
1668 1039 136 70 in
1736 1039 226 70 primis
1871 1039 317 70 comprehendat

525 1093 252 66 insantes
714 1093 147 66 uel
798 1093 273 66 paruulos,
1008 1093 189 66 nullo
1134 1093 231 66 negotio
1302 1093 315 66 demonstrari
1553 1093 231 66 potest.
1721 1093 210 66 Primum
1868 1093 210 66 quidem
2015 1093 126 66 ex
2057 1093 126 66 loco

529 1148 205 67 Gene.
666 1148 159 67 17.
757 1148 182 67 quem
871 1148 159 67 iam
962 1148 159 67 iam
1053 1148 319 67 adduximus.
1303 1148 228 67 Deinde
1462 1148 182 67 quod
1576 1148 228 67 Ioseph
1735 1148 250 67 Iacobum
1917 1148 228 67 patrem
2076 1148 159 67 cum

531 1211 252 71 uniuersa
720 1211 168 71 domo
825 1211 210 71 euocat
971 1211 126 71 ex
1034 1211 189 71 terra
1160 1211 231 71 Chanaam
1328 1211 126 71 in
1390 1211 210 71 terram
1537 1211 252 71 Aegypti,
1726 1211 126 71 ne
1789 1211 168 71 fame
1894 1211 273 71 uidelicet
2082 1211 105 71 do-

538 1262 141 69 mus
618 1262 161 69 eius
719 1262 261 69 intereat.
920 1262 221 69 Plurima
1081 1262 161 69 sunt
1181 1262 181 69 huius
1302 1262 221 69 generis
1463 1262 161 69 loca
1564 1262 121 69 in
1624 1262 161 69 lege
1724 1262 101 69 &
1765 1262 282 69 prophetis,
1986 1262 101 69 &
2026 1262 121 69 in
2066 1262 121 69 uni-

536 1305 183 77 uersa
658 1305 285 77 scriptura.
882 1305 183 77 Verum
1005 1305 163 77 esto
1106 1305 143 77 non
1188 1305 224 77 fuerint
1351 1305 245 77 insantes
1535 1305 183 77 (quod
1657 1305 265 77 rixatores
1861 1305 163 77 isti
1963 1305 265 77 obiiciunt

529 1367 127 70 in
592 1367 254 70 domibus,
783 1367 170 70 quas
889 1367 318 70 baptizarunt
1143 1367 276 70 apostoli,
1355 1367 318 70 nihilominus
1610 1367 191 70 tamen
1737 1367 127 70 ad
1800 1367 191 70 domum
1928 1367 297 70 pertinent,

543 1417 102 74 &
583 1417 122 74 in
644 1417 142 74 eam
726 1417 284 74 censentur,
949 1417 122 74 ut
1010 1417 122 74 si
1071 1417 244 74 fuissent
1254 1417 122 74 in
1315 1417 223 74 domibus
1477 1417 325 74 baptizassent
1741 1417 142 74 eos
1822 1417 223 74 utique.
1985 1417 163 74 Quod
2066 1417 122 74 ergo

533 1489 146 66 non
617 1489 292 66 baptisatos
846 1489 125 66 in
909 1489 250 66 familijs
1096 1489 188 66 illis
1221 1489 313 66 contendunt,
1472 1489 146 66 eam
1555 1489 209 66 quidem
1701 1489 209 66 culpam
1847 1489 146 66 nos
1931 1489 229 66 dicimus
2077 1489 104 66 nec

529 1535 116 82 in
587 1535 193 82 pueris
722 1535 231 82 haerere,
895 1535 174 82 quasi
1011 1535 212 82 indigni
1165 1535 212 82 fuerint
1319 1535 251 82 baptismo,
1512 1535 135 82 nec
1589 1535 116 82 in
1647 1535 270 82 apostolis,
1859 1535 116 82 ut
1917 1535 193 82 quinon
2033 1535 154 82 soliti

534 1604 227 57 fuerint
699 1604 206 57 pueros
844 1604 289 57 baptizare,
1071 1604 144 57 sed
1153 1604 124 57 in
1215 1604 144 57 eo,
1297 1604 165 57 quod
1400 1604 144 57 non
1483 1604 289 57 adfuerunt.
1710 1604 144 57 Nam
1792 1604 124 57 si
1854 1604 309 57 adfuissent,
2081 1604 103 57 ba-

537 1648 211 83 ptisati
690 1648 249 83 fuissent:
882 1648 115 83 eo
939 1648 153 83 quod
1035 1648 230 83 apostoli
1208 1648 172 83 totas
1323 1648 287 83 baptizarunt
1553 1648 192 83 domus,
1687 1648 115 83 ad
1744 1648 153 83 quas
1840 1648 192 83 liberi
1955 1648 230 83 pertinent.

608 1700 157 69 lam
697 1700 179 69 uero
809 1700 135 69 ex
877 1700 247 69 ueterum
1056 1700 269 69 scriptis
1258 1700 336 69 demonstrare
1527 1700 292 69 possumus,
1751 1700 292 69 insantium
1953 1700 247 69 baptismum

537 1763 263 66 durauisse
739 1763 121 66 ab
800 1763 304 66 apostolorum
1043 1763 283 66 temporibus
1266 1763 121 66 ad
1326 1763 142 66 nos
1407 1763 202 66 usque,
1549 1763 182 66 neque
1671 1763 182 66 ullis
1792 1763 263 66 concilijs
1995 1763 142 66 aut
2055 1763 142 66 Papae

542 1809 253 79 aliorumue
736 1809 214 79 hominum
892 1809 234 79 decretis
1067 1809 273 79 institutum
1281 1809 175 79 esse,
1398 1809 136 79 sed
1476 1809 117 79 ab
1534 1809 175 79 ipsis
1651 1809 253 79 apostolis
1846 1809 117 79 ex
1904 1809 253 79 scriptura
2079 1809 117 79 tra-

539 1869 191 67 ditum.
673 1869 230 67 Origenes
845 1869 153 67 lib,
941 1869 230 67 enarrat,
1113 1869 115 67 in
1170 1869 191 67 epist.
1304 1869 172 67 Pauli
1419 1869 115 67 ad
1476 1869 153 67 Rom.
1572 1869 115 67 5.
1629 1869 230 67 exponens
1801 1869 115 67 6.
1859 1869 153 67 cap.
1954 1869 172 67 dicit
2050 1869 134 67 eccle

541 1922 165 86 siam
644 1922 227 86 Christi
809 1922 289 86 paruulorum
1036 1922 268 86 baptismum
1242 1922 124 86 ab
1304 1922 186 86 ipsis
1428 1922 268 86 accepisse
1634 1922 289 86 apostolis.
1861 1922 124 86 S.
1923 1922 247 86 Hierony.
2088 1922 103 86 me-

543 1979 179 74 minit
663 1979 239 74 baptismi
842 1979 259 74 insantium
1041 1979 159 74 lib.
1140 1979 119 74 3.
1200 1979 199 74 contra
1339 1979 299 74 Pelagianos,
1578 1979 100 74 &
1618 1979 119 74 in
1678 1979 199 74 epist.
1817 1979 119 74 ad
1877 1979 219 74 Laetam.
2036 1979 119 74 S.
2076 1979 119 74 Augu

537 2036 193 86 stinus
672 2036 174 86 citat
788 2036 174 86 locum
904 2036 309 86 Chrysostomi,
1155 2036 135 86 imo
1232 2036 97 86 a
1271 2036 213 86 luliano
1425 2036 213 86 citatum
1580 2036 251 86 illustrat
1773 2036 155 86 lib.
1870 2036 193 86 contra
1986 2036 193 86 lulian.-

529 2090 166 75 cap.
633 2090 125 75 2.
695 2090 166 75 Idem
799 2090 125 75 ad
861 2090 125 75 S.
924 2090 249 75 Hierony.
1111 2090 208 75 epist.
1256 2090 145 75 28.
1339 2090 208 75 Beatus
1484 2090 270 75 Cyprianus
1692 2090 145 75 non
1775 2090 228 75 aliquod
1941 2090 249 75 decretum
2107 2090 83 75 no

528 2164 144 62 uum
611 2164 246 62 condens,
795 2164 164 62 ait,
898 2164 144 62 sed
980 2164 267 62 ecclesiae
1185 2164 185 62 fidem
1308 2164 287 62 firmissime
1534 2164 246 62 seruans,
1719 2164 144 62 mox
1801 2164 185 62 natum
1924 2164 164 62 rite
2006 2164 185 62 baptiza

525 2203 125 69 ri
588 2203 187 69 posse
712 2203 145 69 cum
795 2203 166 69 suis
899 2203 270 69 quibusdam
1107 2203 312 69 coepiscopis
1357 2203 249 69 censuit.
1544 2203 187 69 Locus
1668 2203 249 69 Cypriani
1855 2203 187 69 extat
1980 2203 125 69 in
2022 2203 166 69 epist.

533 2258 130 72 ad
598 2258 216 72 Fidum,
749 2258 216 72 sicuti
901 2258 194 72 supra
1030 2258 194 72 etiam
1160 2258 151 72 cum
1246 2258 130 72 de
1311 2258 238 72 tempore
1484 2258 259 72 baptismi
1678 2258 302 72 loqueremur
1894 2258 281 72 ostendimus,

535 2317 162 80 ldem
636 2317 223 80 August,
799 2317 203 80 contra
941 2317 284 80 Donatistas
1164 2317 162 80 lib.
1266 2317 122 80 4.
1326 2317 162 80 cap.
1428 2317 142 80 23.
1509 2317 102 80 &
1550 2317 142 80 24.
1631 2317 223 80 asserit
1793 2317 365 80 paedobaptismum
2078 2317 102 80 non

526 2371 126 71 ex
589 2371 315 71 authoritate
841 2371 231 71 hominum
1010 2371 147 71 aut
1094 2371 315 71 conciliorum
1346 2371 168 71 esse
1451 2371 252 71 petitum,
1640 2371 147 71 sed
1724 2371 126 71 ex
1788 2371 294 71 traditione
2019 2371 147 71 uel
2082 2371 105 71 do-

535 2443 206 55 ctrina
680 2443 330 55 apostolorum.
948 2443 247 55 Cyrillus
1133 2443 186 55 libro
1257 2443 124 55 in
1319 2443 206 55 Leuit.
1463 2443 124 55 8.
1525 2443 103 55 &
1566 2443 247 55 puerorum
1752 2443 268 55 baptismum
1958 2443 268 55 approbat,

536 2496 108 61 &
580 2496 324 61 iterationem
839 2496 259 61 baptismi
1033 2496 302 61 condemnat.
1270 2496 130 61 Id
1335 2496 173 61 quod
1443 2496 151 61 non
1529 2496 130 61 in
1594 2496 173 61 hunc
1702 2496 194 61 finem
1832 2496 237 61 profero
2004 2496 130 61 ut
2047 2496 130 61 huma

534 2540 146 84 nis
618 2540 229 84 imponam
784 2540 313 84 testimonijs
1035 2540 396 84 paedobaptismum,
1369 2540 146 84 sed
1452 2540 125 84 ut
1515 2540 209 84 doceam
1661 2540 229 84 diuinis
1827 2540 313 84 testimonijs
2057 2540 125 84 con-

520 2602 210 75 gruere
667 2602 231 75 humana,
835 2602 105 75 &
877 2602 294 75 uetustatis
1108 2602 273 75 ueritatem
1318 2602 189 75 stare
1443 2602 105 75 a
1485 2602 252 75 partibus
1674 2602 252 75 nostris,
1863 2602 252 75 mendacia
2052 2602 105 75 &
2073 2602 105 75 no-

529 2661 129 69 ua
593 2661 257 69 figmenta
786 2661 107 69 a
829 2661 257 69 partibus
1022 2661 300 69 effrontium
1257 2661 407 69 Anabaptistarum,
1600 2661 300 69 fingentium
1836 2661 171 69 paec
1922 2661 257 69 obaptismum

518 2714 110 86 a
562 2714 175 86 Papa
671 2714 175 86 esse
759 2714 285 86 praeceptum.

614 2741 223 97 Videtur
776 2741 182 97 autem
897 2741 344 97 operaepretium
1180 2741 182 97 esse,
1302 2741 121 97 ut
1362 2741 223 97 nonihil
1524 2741 223 97 dicamus
1686 2741 121 97 et
1747 2741 121 97 de
1808 2741 324 97 Anabaptismo.
2050 2741 142 97 Decij

528 2832 100 60 &
568 2832 180 60 Galli
688 2832 180 60 Caes:
808 2832 220 60 imperio
969 2832 200 60 exorta
1109 2832 140 60 est
1189 2832 120 60 in
1249 2832 220 60 Africae
1409 2832 240 60 partibus
1589 2832 240 60 quaestio
1769 2832 120 60 de
1830 2832 340 60 Rebaptisandis
2090 2832 100 60 hae

523 2882 248 73 reticis.
709 2882 228 73 Placuit
875 2882 186 73 autem
999 2882 124 73 S.
1061 2882 248 73 Cypriano
1247 2882 103 73 &
1289 2882 248 73 reliquis
1475 2882 269 73 episcopis
1682 2882 124 73 in
1744 2882 248 73 Concilio
1909 2882 269 73 Carihaginen

525 2951 332 65 congregatis
790 2951 376 65 anabaptismus.
1100 2951 177 65 Idem
1211 2951 265 65 Cornelio
1410 2951 177 65 Rom,
1520 2951 288 65 episcopo,
1742 2951 221 65 reuera
1896 2951 221 65 sancto
2051 2951 111 65 &
2073 2951 111 65 do
