2288 3632
478 360 175 63 rent
588 360 241 63 pascha,
763 360 153 63 iam
851 360 307 63 ingressuri
1092 360 219 63 terram
1245 360 241 63 Chanaan
1421 360 241 63 secundo
1596 360 307 63 solenniter
1815 360 351 63 cicumciduntur,

487 426 140 55 qui
567 426 240 55 hactenus
747 426 120 55 in
807 426 220 55 deserto
967 426 100 55 &
1007 426 360 55 profectionibus
1307 426 280 55 circuncisi
1527 426 140 55 non
1607 426 240 55 fuerant.
1787 426 180 55 Atque
1907 426 140 55 ita
1967 426 200 55 sequitur

490 477 141 58 mox
571 477 121 58 in
631 477 182 58 eodem
752 477 222 58 capite,
914 477 182 58 mares
1035 477 222 58 Aegypto
1197 477 263 58 egressos,
1399 477 121 58 in
1460 477 222 58 deserto
1621 477 222 58 mortuos
1783 477 162 58 esse
1884 477 202 58 omnes,
2005 477 162 58 filios

496 531 184 61 autem
618 531 184 61 horum
741 531 205 61 fuisse
885 531 369 61 incircumcisos,
1192 531 164 61 unde
1294 531 143 61 eos
1376 531 143 61 iam
1458 531 287 61 oportuerit
1683 531 123 61 ut
1745 531 225 61 quondam
1909 531 205 61 patres
2032 531 143 61 eorum

486 584 313 67 circumcidi.
736 584 209 67 Nullum
882 584 167 67 ergo
987 584 125 67 in
1049 584 146 67 hoc
1133 584 188 67 legis
1258 584 292 67 testimonio
1487 584 292 67 praesidium
1716 584 209 67 habent
1841 584 334 67 Anabaptistaes.

557 643 283 62 Posterius
775 643 152 62 pro
862 643 326 62 anabaptismo
1122 643 326 62 testimonium
1383 643 283 62 proferunt
1601 643 130 62 ex
1666 643 152 62 19.
1753 643 174 62 cap.
1862 643 217 62 Actuum
1992 643 174 62 aposto

492 691 216 73 lorum:
644 691 151 73 ubi
730 691 194 73 aiunt
859 691 259 73 duodecim
1054 691 194 73 illos
1183 691 194 73 uiros
1313 691 259 73 Ephesios
1507 691 194 73 aquae
1636 691 108 73 &
1680 691 237 73 Ioannis
1852 691 216 73 quidem
1982 691 194 73 baptis-

492 741 128 77 mo
556 741 192 77 semel
683 741 234 77 tinctos
854 741 128 77 ab
917 741 234 77 Apollo:
1088 741 149 77 sed
1173 741 213 77 eosdem
1322 741 149 77 mox
1407 741 341 77 rebaptisatos
1684 741 170 77 esse
1790 741 106 77 a
1832 741 192 77 Paulo
1960 741 128 77 in
2003 741 170 77 nomine

487 818 263 56 Christi,
684 818 328 56 Respondemus
947 818 263 56 duodecim
1144 818 197 56 illos
1275 818 153 56 non
1362 818 219 56 iterum
1516 818 175 56 aqua
1625 818 306 56 baptisatos
1866 818 175 56 esse
1975 818 109 56 a
1997 818 175 56 Paulo.

483 859 186 75 Semel
607 859 227 75 fuerunt
772 859 165 75 aqua
875 859 289 75 baptisati,
1102 859 124 75 id
1164 859 165 75 quod
1267 859 144 75 eis
1350 859 330 75 sufficiebat.
1618 859 186 75 Neque
1742 859 165 75 uero
1845 859 186 75 alium
1948 859 227 75 baptismum

492 929 197 60 aquae
624 929 285 60 potuisset
843 929 285 60 affundere
1062 929 241 60 Paulus,
1237 929 175 60 quam
1347 929 263 60 Ioannis.
1544 929 263 60 Docuimus
1741 929 175 60 enim
1850 929 110 60 &
1894 929 263 60 euicimus
2091 929 131 60 ab

490 967 224 79 initio
646 967 201 79 huius
780 967 291 79 Sermonis,
1004 967 268 79 Ioannis,
1205 967 246 79 Christi
1384 967 112 79 &
1429 967 335 79 apostolorum
1697 967 201 79 aquae
1832 967 291 79 baptismum
2033 967 134 79 unum

489 1037 171 60 esse
595 1037 192 60 atque
724 1037 235 60 eundem.
895 1037 214 60 lbidem
1044 1037 299 60 exposuimus
1279 1037 278 60 baptismum
1493 1037 192 60 ignis
1621 1037 150 60 uel
1707 1037 256 60 spiritus
1899 1037 235 60 Christo
2049 1037 128 60 esse

487 1093 310 67 peculiarem.
736 1093 166 67 Viri
839 1093 166 67 ergo
943 1093 166 67 illi
1046 1093 228 67 Ephesij
1212 1093 269 67 baptisati
1418 1093 207 67 quidem
1563 1093 228 67 fuerunt
1729 1093 248 67 baptismo
1915 1093 207 67 aquae,
2039 1093 145 67 sicut

483 1154 104 58 &
525 1154 292 58 Samaritani
754 1154 104 58 a
796 1154 271 58 Philippo:
1004 1154 146 58 sed
1087 1154 208 58 nondum
1233 1154 271 58 instituti
1442 1154 188 58 erant
1567 1154 188 58 plene
1692 1154 125 58 de
1754 1154 250 58 baptismo
1942 1154 208 58 ignis.
2067 1154 104 58 nec

485 1199 245 62 baptisati
674 1199 170 62 erant
787 1199 170 62 igne,
900 1199 132 62 imo
975 1199 226 62 fatentur
1145 1199 113 62 se
1202 1199 207 62 nescire
1352 1199 113 62 an
1409 1199 170 62 talis
1522 1199 132 62 sit
1598 1199 264 62 baptismus,
1805 1199 132 62 hoc
1880 1199 151 62 est,
1975 1199 113 62 an
2031 1199 132 62 sit
2088 1199 94 62 spi

486 1268 183 52 ritus
608 1268 244 52 sanctus,
790 1268 142 52 qui
871 1268 244 52 uisibili
1054 1268 203 52 specie
1196 1268 183 52 ignis
1318 1268 264 52 illabatur
1521 1268 284 52 hominibus.
1745 1268 244 52 Absolute
1927 1268 162 52 enim
2009 1268 162 52 ignora

489 1314 127 66 re
552 1314 148 66 non
637 1314 274 66 potuerunt
848 1314 169 66 esse
953 1314 253 66 spiritum
1143 1314 253 66 sanctum,
1333 1314 169 66 sine
1438 1314 148 66 quo
1523 1314 211 66 utique
1671 1314 148 66 non
1755 1314 338 66 crediderant,
2029 1314 148 66 imo
2093 1314 84 66 in

488 1370 128 64 in
552 1370 170 64 quem
658 1370 341 64 crediderant,
935 1370 256 64 siquidem
1127 1370 192 64 recte
1255 1370 320 64 crediderant
1510 1370 107 64 :
1553 1370 213 64 prinde
1702 1370 277 64 baptismum
1915 1370 192 64 illum
2022 1370 149 64 ignis

490 1429 292 58 duntaxat
709 1429 414 58 ignorauerunt.
1050 1429 366 58 Quemadmodum
1343 1429 195 58 ergo
1464 1429 244 58 Paulus
1635 1429 122 58 &
1684 1429 268 58 Ioannes
1854 1429 317 58 Samaritanis

486 1482 317 66 imposuerunt
739 1482 211 66 manus,
887 1482 190 66 atque
1014 1482 127 66 hi
1077 1482 254 66 protinus
1268 1482 296 66 acceperunt
1500 1482 254 66 spiritum
1690 1482 254 66 sanctum.
1880 1482 148 66 Ita
1965 1482 211 66 Paulus
2091 1482 85 66 E-

489 1525 236 84 phesijs
660 1525 236 84 imponit
832 1525 215 84 manus,
982 1525 107 84 &
1025 1525 279 84 accipiunt
1240 1525 258 84 spiritum
1433 1525 258 84 sanctum.
1626 1525 193 84 Lucas
1755 1525 193 84 enim,
1884 1525 150 84 His
1948 1525 215 84 auditis,

490 1597 160 63 ait,
590 1597 260 63 baptisati
790 1597 160 63 sunt
890 1597 120 63 in
950 1597 200 63 nomine
1090 1597 200 63 domini
1230 1597 180 63 Iesu.
1349 1597 120 63 Et
1409 1597 120 63 ne
1469 1597 160 63 quis
1569 1597 140 63 hoc
1649 1597 320 63 intelligeret
1909 1597 120 63 de
1969 1597 180 63 aquae
2069 1597 100 63 ba-

491 1636 241 86 ptismo,
667 1636 154 86 mox
754 1636 263 86 subijcit
952 1636 197 86 modum
1083 1636 110 86 &
1127 1636 329 86 expositonem
1390 1636 307 86 illustrem,
1632 1636 154 86 Cum
1719 1636 329 86 imposuisset
1983 1636 197 86 illis
2092 1636 88 86 ma

495 1712 146 57 nus
578 1712 229 57 Paulus,
745 1712 187 57 uenit
870 1712 250 57 spiritus
1057 1712 229 57 sanctus
1224 1712 187 57 super
1349 1712 167 57 eos.
1453 1712 146 57 Hoc
1536 1712 208 57 inquam
1682 1712 291 57 appellarat
1910 1712 271 57 baptizari
2098 1712 83 57 in

489 1762 209 58 nomine
635 1762 209 58 domini
781 1762 188 58 Iesu.
906 1762 250 58 Sequitur
1094 1762 188 58 enim,
1219 1762 125 58 Et
1281 1762 313 58 loquebantur
1532 1762 229 58 linguis
1698 1762 104 58 :
1740 1762 104 58 &
1782 1762 354 58 prophetabant.
2074 1762 146 58 Hic

491 1807 186 72 autem
616 1807 207 72 semper
761 1807 166 72 fuit
864 1807 228 72 fructus
1030 1807 104 72 &
1071 1807 249 72 effectus
1258 1807 249 72 baptismi
1444 1807 186 72 ignis
1568 1807 124 72 in
1630 1807 269 72 primitiua
1838 1807 269 72 ecclesia.
2024 1807 145 72 Sicut

489 1858 130 72 ab
554 1858 216 72 initio
706 1858 195 72 huius
836 1858 260 72 sermonis
1030 1858 325 72 ostendimus.
1290 1858 238 72 Proinde
1463 1858 151 72 non
1550 1858 216 72 habent
1701 1858 346 72 Anabaptistae
1982 1858 195 72 ullum
2090 1858 87 72 ex

492 1919 306 66 scripturis
732 1919 153 66 pro
820 1919 153 66 suo
907 1919 327 66 anabaptismo
1169 1919 349 66 testimonium.
1453 1919 306 66 Deserendos
1693 1919 175 66 ergo
1802 1919 109 66 &
1846 1919 284 66 fugiendos
2042 1919 131 66 esse

489 1980 193 71 bonis
617 1980 236 71 omnibus
789 1980 215 71 uident
940 1980 193 71 palam
1069 1980 193 71 omnes
1198 1980 172 71 sana
1305 1980 236 71 ratione
1477 1980 150 71 uti
1563 1980 279 71 uolentes.
1778 1980 193 71 Satis
1907 1980 193 71 autem
2015 1980 150 71 uide-

489 2031 148 76 tur
574 2031 148 76 cum
658 2031 148 76 his
743 2031 254 76 certatum
934 2031 106 76 :
976 2031 254 76 pergimus
1167 2031 170 76 modo
1273 2031 170 76 illa
1379 2031 170 76 quae
1485 2031 127 76 in
1548 2031 254 76 Baptismo
1739 2031 233 76 restant
1888 2031 276 76 explicanda,

489 2088 186 84 neque
613 2088 248 84 postrema
799 2088 186 84 sunt,
903 2088 227 84 exponere.

564 2149 126 66 De
627 2149 231 66 uirtute
795 2149 168 66 enim
900 2149 105 66 &
942 2149 231 66 effectu
1110 2149 252 66 baptismi
1299 2149 315 66 disserentes
1551 2149 189 66 illum
1677 2149 252 66 sequimur
1866 2149 252 66 ordinem,
2034 2149 126 66 quem

488 2202 343 68 adumbrauimus
766 2202 128 68 in
830 2202 343 68 descriptione
1109 2202 278 68 baptismi,
1323 2202 385 68 perstringentes
1644 2202 214 68 saltem
1794 2202 257 68 singula,
1987 2202 171 68 quod
2072 2202 86 68 co

490 2263 231 72 piosius
658 2263 126 72 de
721 2263 147 72 his
805 2263 231 72 diximus
972 2263 126 72 in
1035 2263 252 72 generali
1224 2263 378 72 consideratione
1539 2263 378 72 sacramentorum.
1853 2263 252 72 Praestat
2021 2263 147 72 tamen

484 2315 164 73 ante
587 2315 185 73 omnia
710 2315 226 73 nouisse
875 2315 164 73 quid
977 2315 205 73 hostes
1121 2315 267 73 ecclesiae
1326 2315 267 73 aliquando
1532 2315 267 73 senserint
1737 2315 123 73 de
1798 2315 226 73 uirtute
1942 2315 226 73 baptismi.

485 2374 300 64 Manichaei
716 2374 254 64 neminem
900 2374 231 64 suorum
1062 2374 415 64 baptizauerunt.
1408 2374 161 64 Nam
1500 2374 300 64 docuerunt
1731 2374 300 64 baptismum
1961 2374 208 64 nihil
2077 2374 92 64 sa

484 2424 183 66 lutis
606 2424 244 66 conferre
789 2424 387 66 percipientibus.
1115 2424 305 66 Seleuciani,
1359 2424 143 66 qui
1441 2424 102 66 &
1482 2424 265 66 Hermiani,
1685 2424 265 66 baptismum
1889 2424 265 66 similiter
2072 2424 102 66 re-

488 2476 260 77 spuerunt.
688 2476 299 77 Messaliani,
927 2476 140 77 qui
1007 2476 100 77 &
1047 2476 240 77 Euchetae
1227 2476 160 77 siue
1327 2476 279 77 precatores
1546 2476 100 77 (
1586 2476 180 77 sicut
1706 2476 100 77 &
1746 2476 120 77 in
1806 2476 160 77 sine
1886 2476 279 77 praecedentis

483 2537 269 67 Sermonis
684 2537 291 67 monuimus)
908 2537 112 67 &
953 2537 381 67 Enthusiastae,
1267 2537 224 67 numine
1424 2537 224 67 inquam
1580 2537 157 67 imo
1670 2537 224 67 furore
1827 2537 269 67 afflati,
2006 2537 157 67 nuncu

486 2607 234 66 pantur,
656 2607 276 66 senserunt
868 2607 276 66 baptismum
1081 2607 191 66 neque
1208 2607 276 66 prodesse,
1420 2607 191 66 neque
1548 2607 212 66 obesse
1697 2607 255 66 cuiquam.
1888 2607 149 66 Sic
1973 2607 170 66 enim
2058 2607 106 66 om-

481 2651 141 66 nia
561 2651 222 66 salutis
723 2651 242 66 spiritus
904 2651 282 66 operationi
1125 2651 262 66 internae,
1327 2651 141 66 imo
1408 2651 282 66 precationi
1629 2651 222 66 humanae
1790 2651 302 66 tribuebant,
2032 2651 121 66 ut
2072 2651 101 66 ex-

486 2709 201 71 terna
620 2709 201 71 omnia
754 2709 201 71 etiam
888 2709 290 71 doctrinam
1111 2709 246 71 tanquam
1290 2709 268 71 inutilem
1491 2709 112 71 &
1536 2709 335 71 inefficacem
1804 2709 357 71 fastidirent.
2072 2709 89 71 Id

486 2763 165 76 quod
590 2763 124 76 de
651 2763 144 76 eis
734 2763 289 76 commemorat
961 2763 310 76 Theodoretus
1209 2763 186 76 hist.
1333 2763 227 76 eccles.
1498 2763 165 76 lib.
1601 2763 124 76 4.
1663 2763 165 76 cap.
1766 2763 144 76 11.
1848 2763 186 76 Verum
1952 2763 206 76 scriptu-

480 2814 126 74 ra
543 2814 189 74 docet
669 2814 189 74 ablui
796 2814 147 74 nos
880 2814 253 74 baptismo
1069 2814 105 74 a
1111 2814 274 74 peccatis.
1322 2814 211 74 Etenim
1469 2814 274 74 baptismus
1680 2814 147 74 est
1764 2814 274 74 symbolum,
1953 2814 211 74 testimo-

490 2870 183 77 nium,
612 2870 122 77 ac
673 2870 284 77 obsignatio
896 2870 305 77 purgationis
1140 2870 244 77 nostrae.
1323 2870 163 77 Deus
1424 2870 163 77 enim
1526 2870 244 77 promisit
1709 2870 264 77 ecclesiae
1912 2870 163 77 suae
1993 2870 163 77 sancti

479 2934 299 71 ficationem,
719 2934 220 71 idemque
878 2934 140 71 pro
958 2934 240 71 ueritate
1138 2934 160 71 sua,
1238 2934 200 71 gratia
1377 2934 140 71 sua
1457 2934 140 71 per
1537 2934 260 71 sanguinem
1737 2934 180 71 filij
1857 2934 140 71 sui
1936 2934 200 71 purgat
2056 2934 100 71 ec-

482 2990 250 86 clesiam
664 2990 182 86 suam
778 2990 136 86 ab
846 2990 250 86 omnibus
1028 2990 295 86 peccatis,
1255 2990 114 86 &
1300 2990 250 86 spiritu
1482 2990 159 86 suo
1573 2990 295 86 regenerat
1800 2990 136 86 ac
1869 2990 250 86 mundat,
2028 2990 136 86 quae
