2288 3632
455 312 224 94 peries,
618 312 143 94 mox
699 312 265 94 celebrari
903 312 224 94 iubetur
1065 312 204 94 coena,
1208 312 122 94 ut
1269 312 143 94 hac
1350 312 183 94 uelut
1473 312 285 94 expiatione
1696 312 265 94 calamitas
1880 312 244 94 auferatur.

454 386 219 75 Rursus,
613 386 239 75 aegrotat
793 386 239 75 aliquis,
972 386 179 75 alius
1092 386 239 75 tabescit
1271 386 179 75 fame,
1391 386 100 75 &
1431 386 279 75 affligitur
1650 386 199 75 omnium
1789 386 179 75 rerum
1909 386 219 75 inopia,
2048 386 80 75 pe

456 443 147 76 tit
540 443 105 76 &
582 443 147 76 hic
667 443 105 76 a
709 443 274 76 sacerdote
919 443 126 76 ut
983 443 232 76 coenet,
1151 443 147 76 quo
1235 443 211 76 morbus
1383 443 147 76 hac
1467 443 147 76 ceu
1551 443 337 76 probatissima
1825 443 253 76 medicina
1994 443 147 76 cure-

456 490 157 80 tur,
555 490 118 80 ac
614 490 177 80 fames
732 490 98 80 &
771 490 216 80 egestas
929 490 256 80 tollatur.
1125 490 236 80 Caeterum
1303 490 157 80 haec
1401 490 138 80 non
1480 490 138 80 est
1558 490 236 80 legitima
1735 490 197 80 coenae
1873 490 295 80 celebratio,

464 555 150 69 sed
549 555 321 69 prophanatio
806 555 214 69 foeda.
956 555 150 69 Nam
1042 555 236 69 dominus
1213 555 150 69 non
1299 555 278 69 instituit
1513 555 300 69 piacularem
1749 555 236 69 hostiam
1920 555 214 69 contra
2048 555 86 69 om

458 606 144 74 nes
541 606 330 74 calamitates,
809 606 144 74 qua
892 606 227 74 placari
1057 606 227 74 uoluit,
1222 606 144 74 sed
1305 606 248 74 memoriam
1490 606 206 74 mortis
1635 606 186 74 suae,
1759 606 103 74 &
1800 606 227 74 debitam
1944 606 186 74 gratia-

461 671 344 66 rumactionem.
741 671 194 66 Neque
870 671 172 66 uero
978 671 129 66 ei
1042 671 258 66 quicquam
1236 671 280 66 offerimus
1451 671 301 66 coenantes,
1687 671 237 66 propter
1859 671 172 66 quod
1967 671 151 66 sit
2031 671 108 66 no-

467 711 143 85 bis
548 711 286 85 propitius,
773 711 123 85 ac
835 711 143 85 hoc
916 711 102 85 a
957 711 184 85 nobis
1080 711 184 85 malum
1203 711 245 85 auertat,
1387 711 184 85 bonum
1509 711 164 85 uero
1611 711 307 85 desideratum
1857 711 184 85 nobis
1959 711 184 85 largia-

473 768 160 84 tur,
573 768 180 84 uerum
693 768 140 84 pro
773 768 240 84 acceptis
952 768 280 84 beneficijs
1172 768 200 84 agimus
1312 768 240 84 gratias.
1492 768 180 84 Licet
1612 768 220 84 alioqui
1771 768 340 84 calamitatibus
2031 768 100 84 op-

457 826 213 98 pressis
611 826 174 98 uota,
728 826 116 98 id
786 826 135 98 est
863 826 213 98 preces,
1018 826 213 98 offerre
1173 826 213 98 domino,
1327 826 135 98 sed
1405 826 135 98 non
1482 826 174 98 licet
1598 826 213 98 mystica
1753 826 155 98 eius
1850 826 174 98 sacra
1966 826 116 98 in
2005 826 135 98 alium

466 886 300 83 conuertere
701 886 214 83 finem,
851 886 171 83 quam
958 886 171 83 ille
1065 886 300 83 instituit.
1300 886 150 83 Nec
1386 886 235 83 habemus
1557 886 171 83 ulla
1664 886 257 83 exempla,
1857 886 171 83 quae
1942 886 193 83 doceant

470 944 179 72 ullos
589 944 179 72 uiros
709 944 219 72 sanctos
868 944 139 72 sic
948 944 259 72 usurpasse
1146 944 199 72 unquam
1286 944 199 72 domini
1425 944 219 72 coenam,
1584 944 199 72 sicuti
1723 944 159 72 illi
1823 944 239 72 faciunt.
1982 944 159 72 Accepe

460 990 168 82 rant
565 990 189 82 filij
691 990 210 82 lsrael
838 990 210 82 epulum
985 990 168 82 agni
1090 990 273 82 paschalis
1300 990 126 82 in
1364 990 378 82 comemorationem
1679 990 336 82 liberationis
1952 990 126 82 ex
1994 990 147 82 Aegy-

466 1050 169 86 pto,
572 1050 106 86 &
614 1050 127 86 ut
677 1050 190 86 grati
804 1050 169 86 esse
910 1050 275 86 pergerent
1121 1050 254 86 benefico
1312 1050 233 86 domino:
1481 1050 233 86 quantum
1650 1050 169 86 uero
1755 1050 317 86 admisissent
1988 1050 148 86 piacu

465 1111 156 76 lum,
562 1111 117 76 si
620 1111 195 76 toties
757 1111 214 76 epulari
912 1111 350 76 instituissent,
1204 1111 214 76 quoties
1360 1111 331 76 calamitatibus
1633 1111 214 76 pressi,
1789 1111 312 76 liberationem
2022 1111 117 76 ambi

472 1167 242 77 uissent,
653 1167 101 77 &
694 1167 141 77 hoc
774 1167 202 77 quidem
916 1167 182 77 opere
1037 1167 242 77 perfecto
1218 1167 323 77 ambiuissent:
1480 1167 161 77 llli
1581 1167 161 77 ipsi
1682 1167 182 77 Arcam
1803 1167 242 77 foederis
1985 1167 101 77 a
2005 1167 141 77 domi-

470 1216 122 84 no
531 1216 285 84 acceperant
755 1216 122 84 in
816 1216 244 84 symbolum
999 1216 224 84 diuinae
1162 1216 305 84 praesentiae
1406 1216 102 84 &
1447 1216 183 84 certi
1569 1216 244 84 auxilij,
1752 1216 143 84 sed
1834 1216 143 84 cum
1915 1216 183 84 illam
2017 1216 122 84 con-

483 1277 133 77 tra
559 1277 171 77 finem
673 1277 266 77 institutum
882 1277 114 77 in
939 1277 190 77 castra
1072 1277 285 77 detulissent
1300 1277 114 77 in
1358 1277 133 77 hoc
1434 1277 114 77 ut
1491 1277 133 77 per
1567 1277 171 77 ipsam
1681 1277 304 77 consequerent
1909 1277 228 77 uictoriam,

474 1326 152 85 ipsi
569 1326 190 85 quidem
702 1326 190 85 fugati
835 1326 95 85 &
873 1326 171 85 caesi
987 1326 171 85 sunt,
1101 1326 95 85 &
1139 1326 152 85 arca
1234 1326 152 85 ipsa
1328 1326 209 85 abducta
1480 1326 133 85 est
1556 1326 95 85 a
1594 1326 285 85 Palaestinis
1822 1326 114 85 in
1860 1326 285 85 captiuitatem.

552 1387 214 75 Rursus,
707 1387 117 75 si
765 1387 175 75 coena
882 1387 194 75 domini
1018 1387 136 75 est
1095 1387 214 75 publica
1251 1387 194 75 totius
1387 1387 252 75 ecclesiae
1581 1387 117 75 in
1639 1387 155 75 unum
1736 1387 252 75 collectae
1930 1387 194 75 epulum
2047 1387 97 75 sa-

479 1454 172 62 crum,
593 1454 114 62 in
650 1454 133 62 quo
727 1454 172 62 debet
841 1454 229 62 fractio,
1013 1454 305 62 distributio,
1260 1454 229 62 comestio
1432 1454 95 62 &
1470 1454 210 62 potatio
1622 1454 191 62 fieri,
1756 1454 210 62 illaque
1908 1454 248 62 declarari
2080 1454 57 62 &

476 1497 276 85 obsignari
688 1497 254 85 communio
879 1497 254 85 corporis
1070 1497 106 85 &
1112 1497 276 85 sanguinis
1324 1497 254 85 Christi:
1515 1497 297 85 consequens
1748 1497 170 85 est,
1854 1497 212 85 coenam
1981 1497 170 85 domini

478 1554 191 78 nulli
605 1554 191 78 neque
733 1554 170 78 sano
839 1554 191 78 neque
966 1554 212 78 aegro,
1115 1554 340 78 decumbentiue
1391 1554 149 78 aut
1476 1554 276 78 moribundo
1688 1554 255 78 priuatim
1879 1554 149 78 uel
1964 1554 170 78 domi
2049 1554 106 78 uel

482 1617 126 69 in
545 1617 210 69 templo
692 1617 315 69 instruendam
944 1617 189 69 esse,
1070 1617 189 69 neque
1196 1617 168 69 pios
1301 1617 210 69 coenam
1449 1617 126 69 ad
1512 1617 189 69 tales
1638 1617 252 69 priuatos
1827 1617 168 69 usus
1911 1617 231 69 exposcere

474 1682 212 68 posse.
622 1682 148 68 Nam
707 1682 360 68 institutionem
1003 1682 233 68 Christi
1172 1682 212 68 domini
1320 1682 148 68 non
1405 1682 233 68 oportet
1574 1682 212 68 humana
1722 1682 317 68 authoritate
1976 1682 148 68 aut
2039 1682 106 68 con

477 1721 275 76 suetudine
688 1721 232 76 mutare.
857 1721 190 76 Certe
984 1721 211 76 Paulus
1131 1721 253 76 requirit
1321 1721 253 76 publicum
1512 1721 275 76 conuentum
1723 1721 296 76 ecclesiae,
1955 1721 106 76 &
1976 1721 169 76 uniuer

476 1770 197 83 salem
608 1770 219 83 quidem
761 1770 219 83 coetum
914 1770 132 83 ad
980 1770 219 83 coenam
1134 1770 197 83 recte
1265 1770 285 83 obeundam.
1484 1770 373 83 Couenientibus
1791 1770 219 83 uobis,
1945 1770 241 83 inquit,

481 1837 131 75 in
547 1837 197 75 unum,
678 1837 153 75 uel
766 1837 131 75 ad
831 1837 219 75 eundem
984 1837 219 75 locum,
1138 1837 153 75 aut
1225 1837 131 75 ad
1291 1837 197 75 idem,
1422 1837 153 75 non
1509 1837 153 75 est
1597 1837 219 75 coenam
1750 1837 219 75 domini
1903 1837 241 75 sumere,
2056 1837 88 75 id

477 1885 173 77 est,
586 1885 152 77 non
672 1885 217 77 editis
824 1885 217 77 coenam
975 1885 238 77 domini,
1149 1885 217 77 Ratio,
1300 1885 152 77 Nam
1387 1885 238 77 quisque
1560 1885 260 77 priuatam
1755 1885 152 77 uel
1842 1885 173 77 suam
1950 1885 152 77 aut
2015 1885 130 77 pro-

490 1942 193 73 priam
618 1942 322 73 praeoccupat
876 1942 129 73 in
940 1942 300 73 comedendo.
1176 1942 236 73 Proinde
1348 1942 150 73 non
1434 1942 172 73 uult
1541 1942 150 73 hic
1627 1942 236 73 priuati
1799 1942 258 73 quicquam
1970 1942 172 73 fieri.

484 2011 188 59 ldem
602 2011 188 59 enim
720 2011 141 59 in
790 2011 212 59 eodem
932 2011 188 59 loco
1049 2011 141 59 in
1120 2011 424 59 condemnationem
1473 2011 165 59 eos
1567 2011 306 59 conuenire
1802 2011 118 59 &
1849 2011 212 59 edere
1967 2011 188 59 coenam

482 2053 230 91 domini,
649 2053 167 91 ait,
754 2053 146 91 qui
838 2053 251 91 coenando
1026 2053 293 91 festinant,
1256 2053 146 91 non
1339 2053 272 91 expectata
1549 2053 272 91 ecclesia,
1758 2053 188 91 donec
1883 2053 188 91 omnes
1988 2053 167 91 conue-

481 2115 235 73 nerint,
651 2115 107 73 &
694 2115 149 73 tum
780 2115 192 73 demum
908 2115 192 73 simul
1036 2115 235 73 ederint
1207 2115 107 73 &
1249 2115 278 73 biberint.
1463 2115 192 73 Dicit
1591 2115 192 73 enim,
1719 2115 214 73 Itaque
1868 2115 235 73 fratres
2018 2115 128 73 mei,

484 2182 147 70 cum
568 2182 295 70 conuenitis
800 2182 126 70 ad
863 2182 316 70 comedendum,
1115 2182 189 70 alius
1241 2182 189 70 alium
1368 2182 295 70 expectate,
1599 2182 189 70 (quod
1725 2182 126 70 si
1788 2182 168 70 quis
1894 2182 231 70 esurit,
2041 2182 105 70 do-

488 2231 131 66 mi
554 2231 197 66 edat,
685 2231 241 66 nimirum
860 2231 131 66 ne
926 2231 241 66 propter
1101 2231 197 66 famem
1232 2231 350 66 praeoccupare
1516 2231 263 66 cogatur)
1713 2231 131 66 ne
1779 2231 131 66 ad
1845 2231 350 66 condemnatio

485 2282 143 73 nem
566 2282 327 73 conueniatis.
832 2282 164 73 Ergo
934 2282 184 73 coena
1057 2282 204 73 domini
1200 2282 143 73 non
1282 2282 143 73 est
1363 2282 245 73 priuata,
1547 2282 143 73 sed
1629 2282 225 73 publica
1793 2282 184 73 coena
1915 2282 184 73 nulli
2017 2282 123 73 pri-

480 2348 192 64 uatim
608 2348 214 64 danda.
757 2348 128 64 Et
821 2348 235 64 quoniam
992 2348 150 64 non
1078 2348 150 64 est
1163 2348 256 64 publicus
1356 2348 150 64 uel
1441 2348 278 64 generalis
1655 2348 235 64 coetus,
1826 2348 214 64 quando
1954 2348 192 64 quatuor

478 2390 145 83 uel
561 2390 227 83 quinque
726 2390 145 83 cum
809 2390 186 83 aegro
933 2390 331 83 communicant,
1202 2390 186 83 nihil
1326 2390 207 83 dicunt
1471 2390 145 83 qui
1553 2390 186 83 aiunt
1677 2390 165 83 apud
1781 2390 207 83 aegros
1926 2390 207 83 coenam
2050 2390 103 83 in-

489 2445 180 80 strui
609 2445 200 80 posse,
749 2445 120 80 si
808 2445 160 80 alij
908 2445 200 80 quoque
1048 2445 180 80 simul
1168 2445 240 80 coenent.
1347 2445 260 80 Praeterea
1547 2445 160 80 quis
1647 2445 180 80 neget
1767 2445 240 80 exemplum
1946 2445 220 80 Christi
2086 2445 60 80 &

488 2521 308 65 apostolorum
735 2521 144 65 hic
817 2521 247 65 perpetuo
1003 2521 165 65 esse
1105 2521 288 65 sequendum?
1332 2521 185 65 Atqui
1455 2521 185 65 satis
1578 2521 226 65 constat
1743 2521 247 65 Christum
1928 2521 123 65 in
1969 2521 185 65 publico

490 2558 263 76 coenaculo,
697 2558 113 76 in
754 2558 226 76 collecta
923 2558 113 76 ad
979 2558 169 76 se(ut
1092 2558 151 76 tunc
1186 2558 226 76 temporis
1356 2558 207 76 colligi
1506 2558 188 76 potuit
1638 2558 245 76 ecclesia)
1826 2558 245 76 coenasse.
2014 2558 132 76 Sed
2071 2558 75 76 et

485 2612 199 80 Paulus
624 2612 179 80 dicit
744 2612 119 80 ea
803 2612 119 80 in
863 2612 119 80 re
922 2612 219 80 secutum
1082 2612 119 80 se
1141 2612 239 80 exemplum
1320 2612 219 80 domini,
1479 2612 258 80 ecclesijs
1678 2612 179 80 nihil
1797 2612 278 80 tradidisse
1996 2612 159 80 aliud,

489 2677 155 78 quam
586 2677 155 78 quod
683 2677 252 78 acceperit
877 2677 97 78 a
915 2677 213 78 domino.
1071 2677 175 78 Neque
1187 2677 213 78 legimus
1342 2677 194 78 uspiam
1478 2677 116 78 in
1536 2677 194 78 sacris
1672 2677 213 78 literis
1827 2677 175 78 alios
1944 2677 213 78 Christi
2079 2677 78 78 a-

483 2725 233 89 postolos
657 2725 311 89 eucharistiam
910 2725 253 89 detulisse
1104 2725 117 89 ad
1163 2725 253 89 infirmos,
1357 2725 97 89 &
1396 2725 233 89 priuatim
1571 2725 194 89 cuique
1707 2725 136 89 pro
1785 2725 136 89 sua
1862 2725 272 89 tentatione
2057 2725 97 89 se-

483 2798 183 60 danda
605 2798 204 60 coenam
748 2798 306 60 instruxisse
992 2798 224 60 sacram.
1155 2798 204 60 Vbique
1298 2798 163 60 uero
1400 2798 245 60 apostoli
1583 2798 183 60 omnes
1706 2798 224 60 aegros,
1869 2798 102 60 &
1889 2798 265 60 conscientia

491 2841 333 80 perturbatos,
762 2841 187 80 uerbo
887 2841 208 80 domini
1033 2841 292 80 confirmare
1262 2841 104 80 &
1303 2841 229 80 erigere
1470 2841 250 80 mandant:
1657 2841 146 80 sed
1741 2841 104 80 &
1782 2841 312 80 orationibus
2011 2841 146 80 sedu-

494 2892 134 78 lis
570 2892 192 78 docent
705 2892 249 78 afffictis
896 2892 287 78 succurrere.
1126 2892 115 78 S.
1184 2892 211 78 Iacobus
1337 2892 268 78 diligenter
1548 2892 249 78 scripsit,
1739 2892 211 78 quomodo
1893 2892 192 78 gerant
2027 2892 115 78 se
2065 2892 96 78 fi-

477 2955 187 86 deles
602 2955 166 86 apud
706 2955 208 86 aegros
851 2955 104 86 &
892 2955 311 86 moribundos,
1141 2955 145 86 sed
1224 2955 291 86 delationis
1453 2955 125 86 ad
1515 2955 187 86 ipsos
1639 2955 145 86 aut
1722 2955 353 86 celebrationis
1992 2955 166 86 Eucha
