2288 3632
74 309 117 97 &
120 309 211 97 uino,
261 309 141 97 in
332 309 235 97 sacrum
496 309 211 97 nobis
637 309 235 97 epulum
802 309 305 97 apposito,
1037 309 188 97 suam
1154 309 211 97 nobis
1295 309 352 97 promisionem
1577 309 117 97 &
1601 309 164 97 commu

83 399 198 87 nionem
222 399 198 87 uoluit
360 399 277 87 attestari,
578 399 218 87 donaque
736 399 139 87 sua
815 399 178 87 nobis
934 399 336 87 repraesentare
1211 399 99 87 &
1251 399 237 87 sensibus
1429 399 277 87 subijcere,
1627 399 139 87 uisi-

82 450 236 67 biliter
253 450 214 67 quoque
403 450 129 67 in
467 450 171 67 unum
574 450 214 67 corpus
724 450 300 67 colligere,
960 450 214 67 mortem
1110 450 236 67 denique
1282 450 171 67 suam
1389 450 129 67 in
1453 450 236 67 memoria
1603 450 150 67 fide-

82 508 169 63 lium
187 508 274 63 retinere,
398 508 105 63 &
440 508 232 63 officij
609 508 147 63 nos
693 508 211 63 nostri
840 508 274 63 admonere,
1051 508 211 63 laudis
1198 508 105 63 &
1240 508 274 63 gratiarum
1451 508 253 63 actionis
1620 508 147 63 maxi-

86 568 148 62 me.
170 568 190 62 Atque
297 568 169 62 haec
403 568 212 62 quidem
551 568 190 62 omnia
678 568 296 62 sigillatim
911 568 296 62 exponentes
1144 568 296 62 prosequuti
1376 568 190 62 sumus
1503 568 127 62 in
1545 568 212 62 generali

85 620 393 69 consideratione
412 620 153 69 uel
500 620 327 69 tractatione
761 620 393 69 Sacramentorum:
1089 620 196 69 eadem
1220 620 175 69 ergo
1329 620 131 69 in
1394 620 284 69 praesenti
1590 620 175 69 dunta-

73 679 138 77 xat
152 679 296 77 refricantes
389 679 356 77 perstringemus,
686 679 119 77 ea
745 679 178 77 paulo
864 679 257 77 copiosius
1061 679 296 77 tractaturi,
1298 679 158 77 quae
1397 679 119 77 ex
1457 679 178 77 illis
1555 679 198 77 disputan

74 730 132 75 da
140 730 331 75 proueniunt.

159 788 265 78 Caeterum
358 788 155 78 per
446 788 332 78 communionem
712 788 287 78 intelligo
933 788 332 78 societatem,
1198 788 376 78 coniunctionem
1508 788 155 78 uel
1574 788 199 78 partici

80 846 247 76 pationem
266 846 227 76 Christi
431 846 227 76 domini,
596 846 144 76 qua
678 846 165 76 ipse
781 846 144 76 per
864 846 247 76 spiritum
1049 846 165 76 suum
1152 846 124 76 se
1214 846 186 76 totum
1338 846 186 76 nobis
1462 846 247 76 insinuat
1627 846 144 76 atque

88 900 284 78 coniungit,
311 900 203 78 nosque
453 900 162 78 eius
554 900 142 78 per
635 900 182 78 fidem
757 900 284 78 participes
980 900 284 78 efficimur,
1202 900 122 78 ac
1263 900 162 78 ipsi
1365 900 324 78 connectimur:
1628 900 142 78 ita
1689 900 81 78 ut

82 956 137 75 per
161 956 177 75 ipsum
279 956 235 75 liberati
455 956 98 75 a
494 956 216 75 peccato
651 956 98 75 &
691 956 196 75 morte,
828 956 118 75 in
887 956 157 75 ipso
985 956 216 75 uiuamus
1142 956 235 75 haeredes
1319 956 177 75 uitae
1436 956 255 75 aeternae,
1633 956 118 75 ac
1672 956 98 75 ips

72 1012 120 80 se
132 1012 180 80 uiuat
252 1012 120 80 in
312 1012 200 80 nobis,
451 1012 120 80 ac
511 1012 180 80 totus
631 1012 200 80 noster
771 1012 140 80 sit
851 1012 299 80 quemadmodum
1090 1012 160 80 ipsi
1190 1012 180 80 sumus
1310 1012 160 80 eius
1410 1012 180 80 toti.
1529 1012 180 80 Neque
1629 1012 140 80 aliud

74 1063 184 70 esse
189 1063 253 70 dicimus
373 1063 345 70 communionem
648 1063 276 70 corporis
855 1063 115 70 &
901 1063 299 70 sanguinis
1131 1063 253 70 domini.
1315 1063 161 70 Nam
1406 1063 253 70 corpore
1590 1063 138 70 in
1636 1063 115 70 mor

69 1122 153 77 tem
156 1122 153 77 pro
244 1122 196 77 nobis
374 1122 261 77 tradito,
570 1122 109 77 &
614 1122 261 77 sanguine
810 1122 131 77 in
875 1122 305 77 remisionem
1115 1122 305 77 peccatorum
1355 1122 283 77 nostrorum
1551 1122 196 77 effuso,

75 1187 232 63 effectum
248 1187 154 63 est,
345 1187 116 63 ut
403 1187 212 63 purgati
557 1187 97 63 a
596 1187 251 63 peccatis,
789 1187 193 63 ipsius
924 1187 193 63 membra
1059 1187 174 63 facti
1175 1187 193 63 simus,
1310 1187 116 63 ac
1368 1187 154 63 ipse
1464 1187 135 63 iam
1522 1187 232 63 uiuificet.

79 1238 107 70 &
121 1238 215 70 ueluti
272 1238 279 70 alimentum
487 1238 279 70 uiuificum
701 1238 279 70 sustentet
916 1238 172 70 nos:
1024 1238 172 70 unde
1131 1238 193 70 etiam
1260 1238 215 70 ipsum,
1410 1238 215 70 utpote
1561 1238 193 70 cibum
1690 1238 107 70 &

82 1298 188 66 potum
208 1298 209 66 uitae,
354 1298 188 66 edere
480 1298 105 66 &
522 1298 209 66 bibere
668 1298 251 66 dicimur.
857 1298 209 66 Itaque
1003 1298 293 66 promissio,
1234 1298 188 66 cuius
1359 1298 167 66 modo
1464 1298 293 66 meminimus,
1694 1298 105 66 &

83 1356 166 64 ipsa
187 1356 187 64 aliud
312 1356 146 64 non
395 1356 166 64 est,
499 1356 166 64 quam
603 1356 187 64 ipsum
728 1356 146 64 dei
812 1356 229 64 uerbum,
978 1356 166 64 quod
1082 1356 187 64 nobis
1207 1356 271 64 annunciat
1415 1356 125 64 in
1477 1356 166 64 solo
1561 1356 187 64 Christo

76 1406 170 74 esse
182 1406 212 74 uitam.
331 1406 255 74 Christum
522 1406 170 74 enim
628 1406 212 74 corpus
776 1406 170 74 suum
883 1406 297 74 tradidisse
1116 1406 127 74 in
1180 1406 234 74 mortem,
1350 1406 106 74 &
1392 1406 276 74 effudisse
1583 1406 170 74 sangui

69 1462 162 68 nem
161 1462 139 68 in
231 1462 323 68 remisionem
484 1462 323 68 peccatorum
738 1462 323 68 nostrorum,
992 1462 139 68 ut
1062 1462 300 68 credentes
1292 1462 185 68 ipsi
1408 1462 277 68 habeamus
1592 1462 162 68 uitam

79 1520 285 75 aeternam.
299 1520 263 75 Caeterum
496 1520 176 75 baec
606 1520 285 75 promissio
825 1520 110 75 &
869 1520 263 75 communio
1067 1520 241 75 Christi
1242 1520 154 75 non
1330 1520 176 75 nunc
1440 1520 219 75 primum
1593 1520 132 75 ad
1637 1520 110 75 nos

74 1576 134 67 in
141 1576 202 67 Coena
275 1576 157 67 aut
365 1576 157 67 per
454 1576 224 67 Coenam
611 1576 291 67 defertur.
835 1576 246 67 Dominus
1015 1576 179 67 enim
1127 1576 179 67 deus
1239 1576 224 67 noster
1396 1576 157 67 mox
1485 1576 112 67 a
1530 1576 202 67 mundi
1642 1576 112 67 ini

75 1629 153 71 tio
163 1629 197 71 uitam
294 1629 110 71 &
338 1629 307 71 remisionem
579 1629 307 71 peccatorum
820 1629 175 71 Adae
930 1629 110 71 &
974 1629 219 71 femini
1127 1629 175 71 eius
1237 1629 153 71 per
1325 1629 263 71 Christum
1500 1629 241 71 promisit:

74 1686 224 79 deinde
230 1686 224 79 eandem
387 1686 335 79 promisionem
655 1686 156 79 cum
744 1686 179 79 Noe,
856 1686 268 79 Abraham,
1057 1686 179 79 Mose
1169 1686 112 79 &
1214 1686 246 79 Dauide,
1392 1686 268 79 alijsque
1571 1686 179 79 patri-

69 1739 151 64 bus
156 1739 301 64 renouauit.
392 1739 129 64 Et
457 1739 215 64 patres
608 1739 345 64 communicasse
888 1739 151 64 cum
974 1739 258 64 Christo,
1168 1739 301 64 bonorumque
1404 1739 172 64 eius
1491 1739 258 64 participes

75 1800 196 65 factos
213 1800 177 65 esse,
331 1800 196 65 testis
468 1800 137 65 est
547 1800 255 65 apostolus
743 1800 137 65 cum
821 1800 236 65 uniuersa
998 1800 275 65 scriptura.
1214 1800 118 65 At
1273 1800 137 65 non
1351 1800 177 65 solis
1469 1800 236 65 patribus
1626 1800 118 65 tan-

76 1853 152 79 tum
163 1853 239 79 obuenit
337 1853 217 79 bonum.
489 1853 196 79 Facta
620 1853 152 79 est
707 1853 109 79 &
750 1853 196 79 nobis
881 1853 304 79 promissio,
1120 1853 109 79 &
1163 1853 217 79 delata
1315 1853 130 79 ad
1380 1853 152 79 nos
1467 1853 239 79 comunio
1620 1853 130 79 Chri

82 1907 155 69 sti,
178 1907 116 69 ac
236 1907 232 69 defertur
410 1907 309 69 singulariter
662 1907 116 69 in
720 1907 193 69 sancto
855 1907 251 69 baptismo,
1049 1907 155 69 adde
1145 1907 97 69 &
1184 1907 116 69 in
1242 1907 271 69 clarissima
1455 1907 251 69 euangelij
1629 1907 116 69 prae

74 1971 265 55 dicatione
277 1971 102 55 :
318 1971 265 55 praeterea
522 1971 143 55 nos
603 1971 183 55 illam
725 1971 265 55 recipimus
929 1971 183 55 fide,
1051 1971 143 55 per
1133 1971 163 55 quam
1235 1971 224 55 Christo
1398 1971 326 55 coniungimur,
1642 1971 102 55 mem

75 2021 200 71 braque
215 2021 160 71 eius
316 2021 281 71 efficimur.
536 2021 160 71 Ergo
636 2021 120 71 ut
696 2021 160 71 ante
797 2021 221 71 Coenam,
957 2021 221 71 Christi
1117 2021 140 71 non
1198 2021 180 71 sumus
1318 2021 241 71 expertes
1498 2021 140 71 aut
1579 2021 200 71 uacui,

78 2075 135 84 sed
155 2075 269 84 uiuificati
366 2075 115 84 ab
424 2075 115 84 eo
482 2075 115 84 ac
540 2075 192 84 membra
674 2075 154 84 eius
771 2075 154 84 siue
867 2075 269 84 consortes:
1079 2075 135 84 ita
1156 2075 115 84 in
1213 2075 154 84 ipsa
1310 2075 231 84 actione,
1483 2075 135 84 seu
1541 2075 192 84 celebra.

71 2139 193 63 tione
199 2139 215 63 Coenae
349 2139 279 63 reparatur
564 2139 193 63 nobis
693 2139 300 63 promissio,
929 2139 107 63 &
972 2139 150 63 nos
1057 2139 300 63 comunionem
1293 2139 193 63 illam
1422 2139 236 63 Christi
1594 2139 129 63 in
1637 2139 107 63 qua

68 2185 216 67 sumus,
219 2185 280 67 renouamus
435 2185 108 67 &
478 2185 345 67 continuamus,
758 2185 237 67 corpore
931 2185 108 67 &
974 2185 259 67 sanguine
1168 2185 237 67 Christi
1340 2185 388 67 spiritualiter,
1642 2185 108 67 ui-

72 2247 126 65 ta
135 2247 105 65 &
177 2247 189 65 donis
303 2247 168 65 eius
408 2247 231 65 omnibus
576 2247 168 65 uere
681 2247 147 65 per
765 2247 189 65 fidem
891 2247 378 65 participantes.
1207 2247 189 65 Atque
1333 2247 147 65 hoc
1417 2247 168 65 modo
1522 2247 210 65 corpus
1648 2247 84 65 do

69 2306 175 72 mini
179 2306 241 72 edimus,
354 2306 109 72 &
397 2306 284 72 sanguinem
616 2306 175 72 eius
726 2306 263 72 bibimus.
922 2306 197 72 Porro
1054 2306 306 72 comunionem
1294 2306 197 72 illam
1426 2306 350 72 spiritualem,

64 2353 106 67 &
106 2353 318 67 promisionem
361 2353 191 67 uitae
488 2353 148 67 per
573 2353 276 67 Christum,
785 2353 170 67 ipse
891 2353 233 67 dominus
1060 2353 254 67 symbolis
1251 2353 339 67 uisibilibus,
1527 2353 191 67 epulo
1633 2353 106 67 in-

68 2419 162 58 quam
169 2419 183 58 panis
291 2419 101 58 &
331 2419 183 58 uini,
453 2419 183 58 uerbo
575 2419 142 58 uel
656 2419 304 58 promissioni
899 2419 162 58 suae
1001 2419 284 58 adiunctis,
1224 2419 304 58 uisibiliter
1467 2419 284 58 attestatur
1670 2419 61 58 &

62 2472 266 61 obsignat,
266 2472 123 61 se
327 2472 266 61 uidelicet
532 2472 164 61 esse
634 2472 184 61 panem
757 2472 102 61 &
798 2472 184 61 potum
920 2472 286 61 uiuificum:
1145 2472 143 61 nos
1227 2472 204 61 autem(
1370 2472 266 61 symbolis,
1574 2472 164 61 fide
1677 2472 102 61 &

59 2533 321 63 obedientia
311 2533 321 63 susceptis)
564 2533 298 63 obsignari
793 2533 138 63 in
862 2533 207 63 nobis
1000 2533 344 63 promisionem
1275 2533 207 63 illam
1413 2533 115 63 &
1436 2533 298 63 communionem

74 2581 240 73 Christi,
254 2581 300 73 sustinemus,
494 2581 240 73 impresso
674 2581 140 73 uel
754 2581 240 73 traiecto
935 2581 120 73 in
995 2581 200 73 corpus
1135 2581 220 73 nostrum
1295 2581 240 73 corporis
1475 2581 120 73 et
1515 2581 220 73 sanguinis

66 2639 196 74 domini
203 2639 235 74 sigillo,
380 2639 137 74 uel
458 2639 294 74 sacramento.
693 2639 117 74 De
751 2639 137 74 qua
830 2639 117 74 re
888 2639 254 74 apostolus
1084 2639 196 74 quoque
1221 2639 254 74 disseruit
1417 2639 117 74 in
1476 2639 117 74 1.
1534 2639 117 74 ad
1573 2639 157 74 Corin-

59 2694 147 71 10.
143 2694 168 71 cap.
248 2694 105 71 &
290 2694 126 71 ad
353 2694 231 71 Romanos
520 2694 126 71 4.
583 2694 105 71 &
625 2694 147 71 nos
709 2694 126 71 ex
772 2694 168 71 ipso
877 2694 189 71 plura
1002 2694 231 71 diximus
1170 2694 126 71 in
1233 2694 252 71 generali
1422 2694 356 71 consideratio

56 2746 152 76 ne
106 2746 405 76 sacramentorum.

138 2799 276 85 Priusquam
350 2799 128 85 de
414 2799 191 85 alijs
542 2799 213 85 Coenae
690 2799 234 85 finibus
860 2799 213 85 posits
1009 2799 128 85 in
1073 2799 340 85 descriptione
1349 2799 191 85 eius,
1477 2799 213 85 dicam,
1604 2799 149 85 comme

57 2866 226 53 morabo
216 2866 181 53 quae
329 2866 181 53 alij
442 2866 136 53 de
510 2866 317 53 promisione
758 2866 113 53 &
803 2866 317 53 communione
1052 2866 249 53 Christi
1233 2866 317 53 proserunt.
1482 2866 249 53 Damnant
1640 2866 113 53 no-

61 2913 214 61 stram
204 2913 309 61 doctrinam
442 2913 262 61 tanquam
632 2913 357 61 haereticam.
918 2913 333 61 Contendunt
1180 2913 190 61 enim
1299 2913 262 61 dominum
1465 2913 286 61 promisisse

55 2975 235 92 corpus
220 2975 118 92 &
267 2975 306 92 sanguinem
503 2975 188 92 suum
620 2975 235 92 uerum,
785 2975 165 92 sub
879 2975 235 92 specie
1044 2975 212 92 panis
1185 2975 118 92 &
1232 2975 188 92 uini
1350 2975 259 92 daturum
1538 2975 141 92 in
1585 2975 165 92 cibum
