2288 3632
75 271 314 89 auditores?
321 271 246 89 Quomodo
500 271 358 89 propagabitur
792 271 224 89 gloria
948 271 179 89 dei?
1060 271 246 89 Quomodo
1240 271 381 89 illustrabitur
1531 271 224 89 ueritas?

90 340 278 90 Necessitas
309 340 159 90 ergo
408 340 179 90 cogit
527 340 139 90 nos
607 340 199 90 fateri
746 340 219 90 alicubi
905 340 278 90 recedendum
1123 340 159 90 esse
1223 340 99 90 a
1262 340 219 90 litera,
1421 340 139 90 sed
1501 340 139 90 non
1580 340 99 90 a
1600 340 159 90 sensu,

85 393 208 91 sensum
231 393 188 91 autem
356 393 292 91 adferendum
586 393 167 91 quem
690 393 167 91 ipsa
794 393 208 91 fides,
940 393 167 91 quem
1044 393 167 91 alij
1148 393 292 91 scripturae
1378 393 167 91 loci
1482 393 146 91 cum
1565 393 146 91 hoc
1628 393 125 91 col-

83 449 182 91 lati,
204 449 161 91 quem
305 449 222 91 denique
466 449 161 91 loci
567 449 161 91 eius
668 449 383 91 circumstantiae,
991 449 323 91 praecedentia
1253 449 141 91 cum
1333 449 363 91 consequentibus
1636 449 161 91 spon

87 512 123 81 te
148 512 143 81 sua
230 512 327 81 suppeditant.
496 512 225 81 Interim
659 512 102 81 a
700 512 327 81 simplicitate
966 512 246 81 uerborum
1151 512 143 81 non
1232 512 205 81 facile
1376 512 307 81 discedendum
1601 512 143 81 esse,

83 562 250 76 clamamus
271 562 188 76 etiam
396 562 167 76 ipsi
500 562 104 76 &
542 562 313 76 inculcamus.
792 562 188 76 Verum
918 562 146 76 ubi
1001 562 188 76 cogit
1126 562 313 76 absurditas,
1377 562 146 76 non
1460 562 271 76 rationis,
1648 562 104 76 sed

83 615 271 86 pietatis,
292 615 104 86 &
333 615 333 86 scripturarum
604 615 333 86 repugnantia,
875 615 104 86 &
917 615 146 86 cum
1000 615 271 86 articulis
1208 615 188 86 fidei
1333 615 292 86 pugnantia,
1542 615 188 86 dicimus

82 684 271 64 asserimus
290 684 104 64 &
332 684 333 64 contendimus,
603 684 187 64 pium,
728 684 146 64 imo
811 684 312 64 necessarium
1061 684 167 64 esse
1165 684 250 64 recedere
1352 684 104 64 a
1394 684 208 64 litera
1540 684 104 64 &
1561 684 187 64 simpli-

87 743 220 74 citate
241 743 285 74 uerborum.
460 743 154 74 lam
548 743 176 74 uero
658 743 220 74 cogere
812 743 154 74 nos
900 743 176 74 illa
1009 743 176 74 ipsa
1119 743 176 74 quae
1229 743 176 74 modo
1339 743 395 74 commemorauimus
1646 743 110 74 re-

84 797 203 78 cedere
226 797 102 78 a
267 797 203 78 litera
409 797 122 78 in
470 797 142 78 his
551 797 203 78 domini
694 797 224 78 uerbis,
856 797 142 78 Hoc
938 797 142 78 est
1019 797 203 78 corpus
1161 797 183 78 meum,
1283 797 142 78 Hic
1365 797 142 78 est
1446 797 224 78 sanguis
1609 797 183 78 meus,

81 836 231 98 solidis
249 836 295 98 scripturae
481 836 295 98 argumentis
712 836 400 98 demonstrabimus,
1049 836 126 98 si
1112 836 189 98 prius
1238 836 252 98 genuinum
1427 836 105 98 &
1470 836 231 98 ueterem
1617 836 126 98 sen-

71 894 164 69 sum
164 894 281 69 uerborum
375 894 304 69 solennium
609 894 234 69 paucis
750 894 398 69 explicauerimus,

160 950 245 96 Dominus
338 950 200 96 panem
471 950 311 96 discipulis
716 950 178 96 suis
827 950 133 96 in
894 950 200 96 eadem
1027 950 200 96 mensa
1161 950 289 96 accumbens
1383 950 178 96 manu
1494 950 245 96 propria
1650 950 111 96 por

70 1007 214 85 rexit.
219 1007 128 85 Et
284 1007 150 85 cum
369 1007 171 85 unum
476 1007 171 85 modo
583 1007 214 85 corpus
733 1007 214 85 uerum,
883 1007 235 85 humanum
1054 1007 107 85 &
1097 1007 257 85 naturale
1289 1007 257 85 haberet,
1482 1007 150 85 hoc
1567 1007 171 85 ipso
1653 1007 107 85 uti

79 1077 145 74 que
162 1077 166 74 uero
266 1077 228 74 corpore
432 1077 145 74 suo
515 1077 208 74 panem,
660 1077 145 74 non
743 1077 208 74 corpus
889 1077 145 74 uel
972 1077 228 74 alienum
1138 1077 145 74 uel
1221 1077 145 74 hoc
1304 1077 187 74 ipsum
1428 1077 166 74 suum
1511 1077 249 74 discipulis

82 1133 266 72 porrexit.
286 1133 184 72 Neque
409 1133 245 72 obturbat
593 1133 164 72 quod
695 1133 123 72 S.
756 1133 286 72 Augustinus
981 1133 245 72 enarrans
1165 1133 184 72 Psal.
1288 1133 143 72 33.
1370 1133 184 72 illud
1492 1133 123 72 de
1554 1133 204 72 Dauide
1676 1133 82 72 ci

79 1187 169 80 tat.
185 1187 127 80 Et
248 1187 275 80 ferebatur
459 1187 127 80 in
523 1187 232 80 manibus
692 1187 190 80 suis:
818 1187 211 80 quibus
966 1187 148 80 mox
1051 1187 296 80 subiungit,
1283 1187 169 80 Quis
1389 1187 169 80 uero
1494 1187 254 80 portatur
1663 1187 85 80 in

72 1246 232 68 manibus
241 1246 190 68 suis.
367 1246 232 68 Manibus
536 1246 232 68 aliorum
705 1246 211 68 potest
852 1246 232 68 portari
1021 1246 190 68 homo,
1147 1246 232 68 manibus
1316 1246 169 68 suis
1422 1246 169 68 nemo
1506 1246 232 68 portatur,

74 1290 120 79 De
134 1290 200 79 Dauide
274 1290 160 79 ergo
374 1290 120 79 id
434 1290 140 79 non
514 1290 340 79 intelligitur,
794 1290 140 79 sed
874 1290 120 79 de
934 1290 240 79 Christo.
1114 1290 220 79 Ferebat
1274 1290 160 79 enim
1374 1290 240 79 Christus
1554 1290 120 79 in
1594 1290 140 79 mani-

77 1343 150 89 bus
162 1343 193 89 suis,
291 1343 214 89 quando
441 1343 300 89 commendans
677 1343 193 89 ipsum
805 1343 214 89 corpus
955 1343 193 89 suum,
1084 1343 171 89 ait,
1191 1343 150 89 Hoc
1277 1343 150 89 est
1362 1343 214 89 corpus
1512 1343 193 89 meum.
1619 1343 129 89 Fere

66 1405 146 85 bat
150 1405 167 85 enim
254 1405 188 85 illud
379 1405 208 85 corpus
525 1405 125 85 in
587 1405 229 85 manibus
754 1405 188 85 suis.
879 1405 146 85 His
963 1405 167 85 enim
1067 1405 208 85 uerbis
1213 1405 125 85 S.
1275 1405 292 85 Augustinus
1505 1405 146 85 non
1567 1405 167 85 affin-

76 1465 145 78 xit
159 1465 145 78 duo
242 1465 228 78 corpora
408 1465 228 78 Christo
574 1465 228 78 humana,
739 1465 145 78 sed
822 1465 207 78 sensit
967 1465 207 78 corpus
1112 1465 228 78 humanum
1278 1465 228 78 tulisse
1444 1465 124 78 in
1506 1465 166 78 suis
1589 1465 145 78 mani-

76 1512 140 85 bus
156 1512 200 85 corpus
296 1512 341 85 sacramentale,
577 1512 120 85 id
637 1512 140 85 est
718 1512 180 85 ipsum
838 1512 180 85 panem
958 1512 140 85 qui
1038 1512 140 85 est
1118 1512 241 85 corporis
1299 1512 160 85 ueri
1399 1512 321 85 sacramentum.
1640 1512 100 85 Si-

70 1576 320 76 gnificanter
325 1576 170 76 enim
432 1576 213 76 dicit,
581 1576 298 76 Commendans
816 1576 213 76 corpus
965 1576 192 76 suum,
1093 1576 234 76 ferebat
1263 1576 192 76 illud
1391 1576 213 76 corpus
1540 1576 128 76 in
1583 1576 149 76 mani-

72 1630 177 74 bus.
182 1630 154 74 Nam
271 1630 265 74 Concione
469 1630 243 74 secunda
646 1630 221 74 ijsdem
800 1630 199 74 prope
933 1630 243 74 uerbis,
1109 1630 265 74 pauculis
1308 1630 177 74 modo
1418 1630 265 74 mutatis,
1595 1630 132 74 Quo-

76 1692 198 77 modo,
208 1692 242 77 inquit,
384 1692 286 77 ferebatur
604 1692 132 77 in
670 1692 242 77 manibus
846 1692 198 77 suis?
977 1692 176 77 Quia
1087 1692 154 77 cum
1175 1692 330 77 commendaret
1439 1692 198 77 ipsum
1549 1692 176 77 corpus

73 1733 173 84 suum
182 1733 108 84 &
225 1733 282 84 sanguinem
442 1733 195 84 suum,
572 1733 238 84 accepit
745 1733 130 84 in
810 1733 195 84 manus
940 1733 173 84 suas
1049 1733 173 84 quod
1157 1733 217 84 norunt
1309 1733 238 84 fideles
1482 1733 108 84 :
1525 1733 108 84 &
1569 1733 173 84 ipse
1655 1733 87 84 se

66 1801 266 68 portabat
265 1801 310 68 quodammodo
509 1801 155 68 cum
598 1801 266 68 diceret,
798 1801 155 68 Hoc
886 1801 155 68 est
975 1801 222 68 corpus
1130 1801 200 68 meum.
1263 1801 222 68 Quibus
1419 1801 222 68 uerbis
1552 1801 177 68 manife

66 1854 137 70 ste
145 1854 274 70 declarauit
360 1854 117 70 se
419 1854 137 70 non
497 1854 215 70 sentire
653 1854 176 70 ipsum
771 1854 196 70 corpus
908 1854 215 70 Christi
1064 1854 254 70 naturale,
1260 1854 235 70 Christum
1436 1854 215 70 corpore
1592 1854 137 70 suo
1651 1854 78 70 na

65 1912 201 70 turali
205 1912 281 70 porrexisse
426 1912 301 70 discipulis:
667 1912 140 70 sed
747 1912 140 70 hoc
827 1912 160 70 quod
928 1912 201 70 norunt
1068 1912 241 70 fideles,
1249 1912 221 70 nimirum
1409 1912 301 70 sacramentum
1630 1912 100 70 uel

69 1968 285 83 mysterium,
292 1968 244 83 Sequitur
476 1968 183 83 enim,
598 1968 122 83 Et
659 1968 163 83 ipse
760 1968 122 83 se
821 1968 244 83 portabat
1005 1968 285 83 quodammodo
1228 1968 102 83 (
1269 1968 264 83 obseruate
1473 1968 203 83 quaeso
1595 1968 142 83 illud

64 2023 215 78 quodam
215 2023 194 78 modo)
344 2023 151 78 cum
431 2023 258 78 diceret,
624 2023 151 78 Hoc
711 2023 151 78 est
797 2023 215 78 corpus
948 2023 194 78 meum.
1077 2023 237 78 Proinde
1249 2023 194 78 uerba
1378 2023 172 78 illa
1486 2023 280 78 solennia,

59 2069 144 95 Hoc
142 2069 144 95 est
224 2069 206 95 corpus
368 2069 185 95 meum,
491 2069 165 95 quod
594 2069 144 95 pro
676 2069 185 95 uobis
800 2069 267 95 frangitur
1005 2069 103 95 :
1046 2069 123 95 &,
1108 2069 144 95 Hic
1190 2069 144 95 est
1273 2069 226 95 sanguis
1437 2069 185 95 meus,
1561 2069 144 95 qui
1622 2069 103 95 pro

63 2130 197 82 uobis
194 2130 328 82 effunditur,
457 2130 153 82 non
544 2130 197 82 alium
675 2130 219 82 sensum
828 2130 219 82 habere
982 2130 262 82 possunt,
1178 2130 175 82 quam
1288 2130 197 82 hunc,
1419 2130 153 82 Hoc
1506 2130 153 82 est
1572 2130 153 82 memo-

55 2188 258 70 raculum,
248 2188 279 70 memoriale
463 2188 150 70 uel
549 2188 258 70 memoria,
742 2188 258 70 symbolum
936 2188 150 70 uel
1022 2188 322 70 sacramentum
1280 2188 258 70 corporis
1473 2188 150 70 mei
1559 2188 150 70 pro
1624 2188 107 70 uo-

61 2236 130 78 bis
136 2236 223 78 traditi,
303 2236 130 78 Hic
377 2236 186 78 calix,
507 2236 130 78 uel
582 2236 167 78 ipsum
693 2236 167 78 uinum
805 2236 186 78 potius
935 2236 111 78 in
990 2236 204 78 calice,
1139 2236 260 78 significat
1343 2236 130 78 aut
1418 2236 297 78 repraesentat
1641 2236 74 78 uo

60 2293 156 87 bis
149 2293 289 87 sanguinem
371 2293 178 87 meum
482 2293 200 87 semel
616 2293 245 87 effusum
793 2293 156 87 pro
882 2293 222 87 uobis.
1038 2293 267 87 Sequitur
1238 2293 178 87 enim
1349 2293 133 87 in
1416 2293 222 87 uerbis
1549 2293 178 87 domini

51 2357 332 78 solennibus,
316 2357 177 78 quod
427 2357 177 78 mire
538 2357 177 78 hunc
648 2357 221 78 sensum
803 2357 310 78 confirmat,
1047 2357 155 78 Hoc
1135 2357 221 78 facite
1290 2357 133 78 in
1357 2357 155 78 mei
1423 2357 310 78 comemoratio-

48 2415 172 80 nem.
155 2415 193 80 Quasi
284 2415 258 80 dixerit,
477 2415 172 80 Nunc
585 2415 215 80 quidem
735 2415 258 80 praesens
928 2415 172 80 ante
1036 2415 215 80 oculos
1186 2415 215 80 omnium
1336 2415 236 80 uestrum
1487 2415 236 80 obuersor.

52 2475 220 69 moriar
206 2475 198 69 autem
338 2475 110 69 &
382 2475 264 69 ascendam
580 2475 132 69 in
646 2475 242 69 coelum,
822 2475 154 69 tum
910 2475 176 69 uero
1020 2475 198 69 panis
1152 2475 110 69 &
1196 2475 198 69 calix
1328 2475 154 69 hic
1416 2475 198 69 sacer
1526 2475 198 69 memora-

63 2528 161 72 cula
163 2528 141 72 seu
244 2528 221 72 symbola
405 2528 181 72 erunt
526 2528 221 72 traditi
687 2528 141 72 mei
767 2528 241 72 corporis
948 2528 101 72 &
989 2528 201 72 effusi
1129 2528 221 72 cruoris
1290 2528 141 72 pro
1371 2528 201 72 uobis.
1512 2528 161 72 Tunc
1592 2528 121 72 fran

56 2578 171 89 gite
162 2578 192 89 panem
291 2578 107 89 &
333 2578 299 89 manducate,
568 2578 235 89 poculum
739 2578 320 89 distribuite
996 2578 107 89 &
1038 2578 235 89 bibite,
1209 2578 107 89 &
1252 2578 171 89 haec
1359 2578 128 89 in
1423 2578 150 89 mei
1508 2578 256 89 memoriam

53 2637 221 69 facite,
214 2637 262 69 laudantes
415 2637 141 69 mea
496 2637 121 69 in
556 2637 141 69 uos
637 2637 221 69 collata
798 2637 322 69 redemptionis
1059 2637 101 69 &
1100 2637 181 69 uitae
1200 2637 242 69 beneficia.

154 2688 235 91 uanquam
325 2688 171 91 uero
432 2688 171 91 haec
538 2688 363 91 interpretatio
838 2688 278 91 calumnijs
1051 2688 107 91 &
1094 2688 278 91 conuitijs
1308 2688 214 91 tantum
1458 2688 150 91 non
1522 2688 192 91 oppres-

61 2737 145 98 sa,
144 2737 332 98 abominabilis
414 2737 249 98 coeperit
601 2737 166 98 esse
705 2737 291 98 plerisque,
934 2737 187 98 ueram
1058 2737 208 98 tamen,
1204 2737 270 98 genuinam,
1411 2737 104 98 &
1453 2737 208 98 omnium
1578 2737 145 98 uetu-

53 2796 255 92 stissimam
250 2796 157 92 esse
348 2796 236 92 constat.
525 2796 314 92 Tertullianus
780 2796 157 92 lib.
878 2796 196 92 contra
1016 2796 177 92 Mart.
1134 2796 118 92 4.
1193 2796 236 92 Christus
1369 2796 255 92 acceptum,
1566 2796 196 92 inquit

48 2858 195 78 panem
178 2858 108 78 &
222 2858 325 78 distributum
482 2858 325 78 discipulis,
742 2858 217 78 corpus
894 2858 173 78 suum
1002 2858 195 78 illum
1132 2858 217 78 fecit,
1284 2858 152 78 Hoc
1370 2858 152 78 est
1457 2858 217 78 corpus
1587 2858 130 78 meum

49 2924 257 95 dicendo,
241 2924 128 95 id
305 2924 171 95 est,
412 2924 214 95 figura
562 2924 257 95 corporis
754 2924 171 95 mei.
861 2924 128 95 S.
926 2924 257 95 Hierony.
1118 2924 128 95 in
1182 2924 214 95 euang.
1332 2924 214 95 Matth.
1482 2924 235 95 Quomodo
1631 2924 86 95 in
