2288 3632
76 265 201 76 hinc,
210 265 246 76 Amplius
389 265 157 76 non
478 265 179 76 esse
590 265 134 76 in
657 265 224 76 mundo,
814 265 313 76 Reliquisse
1060 265 246 76 mundum:
1239 265 112 76 &
1283 265 224 76 corpus
1440 265 179 76 suum
1529 265 224 76 naturale

83 327 159 72 esse
182 327 119 72 in
242 327 199 72 mundo,
381 327 219 72 adeoque
540 327 119 72 in
600 327 179 72 coena
719 327 238 72 realiter
898 327 99 72 &
937 327 377 72 substantialiter
1255 327 238 72 exhiberi
1434 327 99 72 &
1474 327 219 72 recipi.
1613 327 139 72 Neque

76 388 171 60 uero
182 388 192 60 licet
310 388 299 60 testimonia
545 388 128 60 ex
609 388 278 60 euangelio
823 388 235 60 Ioannis
994 388 128 60 de
1058 388 256 60 abitione
1250 388 235 60 Christi
1420 388 235 60 adducta
1570 388 192 60 tropice

76 442 358 69 interpretari.
371 442 253 69 Apostoli
560 442 168 69 enim
665 442 253 69 fatentur
855 442 232 69 dominum
1023 442 189 69 clare
1150 442 147 69 uel
1234 442 232 69 diserte
1402 442 189 69 citra
1528 442 274 69 parabolam

76 506 180 63 esse
189 506 293 63 loquutum.
414 506 180 63 Quia
527 506 180 63 ergo
639 506 270 63 apostoli
842 506 293 63 testantur
1067 506 180 63 hunc
1180 506 225 63 domini
1337 506 270 63 sermonem
1517 506 248 63 simplicem

79 552 176 66 esse,
197 552 137 66 uel
275 552 293 66 simpliciter
510 552 333 66 pronunciatum,
784 552 215 66 necesse
940 552 137 66 est
1019 552 157 66 alia
1116 552 157 66 illa
1214 552 235 66 opposita
1390 552 137 66 his
1469 552 196 66 uerba,
1605 552 137 66 Hoc
1664 552 98 66 est

82 610 215 73 corpus
233 610 194 73 meum,
362 610 344 73 interpretari
642 610 151 73 per
728 610 237 73 tropum,
900 610 129 73 ne
965 610 194 73 secum
1094 610 215 73 pugnet
1245 610 301 73 scriptura.
1481 610 280 73 Praeterea
1675 610 86 73 lo

74 663 125 69 ci
137 663 146 69 qui
220 663 271 69 testantur
429 663 167 69 post
533 663 188 69 ipsam
658 663 376 69 resurrectionem
971 663 229 69 Christi
1138 663 209 69 corpus
1284 663 167 69 loco
1388 663 355 69 circumscribi,
1660 663 104 69 ui-

86 719 159 75 deri
186 719 100 75 &
225 719 199 75 tangi,
365 719 159 75 quae
464 719 100 75 &
504 719 159 75 ipsa
604 719 259 75 discrimen
803 719 299 75 constituunt
1042 719 179 75 inter
1162 719 199 75 corpus
1301 719 219 75 Christi
1460 719 339 75 clarificatum,

81 776 107 75 &
123 776 277 75 angelicos
337 776 277 75 spiritus,
550 776 171 75 (ubi
656 776 213 75 obiter
806 776 213 75 cernis
955 776 277 75 commentum
1168 776 171 75 modi
1275 776 298 75 definitiui
1509 776 213 75 nullum
1658 776 149 75 hic

83 837 230 64 habere
244 837 230 64 locum)
405 837 230 64 minime
566 837 299 64 admittunt
796 837 207 64 nudam
935 837 276 64 uerborum
1142 837 230 64 domini
1303 837 299 64 solennium
1510 837 253 64 interpre-

88 888 278 65 tationem.
302 888 214 65 Angeli
451 888 235 65 dicunt,
623 888 278 65 Surrexit.
837 888 150 65 Non
922 888 150 65 est
1008 888 171 65 hic.
1115 888 171 65 Ecce
1222 888 214 65 locus,
1371 888 150 65 ubi
1457 888 278 65 posuerunt
1650 888 128 65 eum,

77 944 182 67 ltem,
198 944 263 67 Praecedet
400 944 142 67 uos
481 944 121 67 in
542 944 263 67 Galileam.
744 944 142 67 Ibi
825 944 142 67 eum
906 944 283 67 uidebitis.
1128 944 121 67 Et
1189 944 202 67 iterum
1330 944 162 67 ipse
1431 944 121 67 ad
1492 944 303 67 discipulos,

80 1004 326 77 Contrectate
341 1004 131 77 me
407 1004 109 77 &
450 1004 239 77 uidete.
624 1004 261 77 Spiritus
820 1004 218 77 carnem
973 1004 109 77 &
1016 1004 174 77 ossa
1125 1004 152 77 non
1212 1004 196 77 habet
1343 1004 196 77 sicut
1473 1004 239 77 uidetis
1647 1004 131 77 me
1691 1004 87 77 ha

91 1058 183 71 bere.
213 1058 163 71 Haec
314 1058 122 71 de
375 1058 224 71 corpore
538 1058 305 71 clarificato
782 1058 203 71 (quale
925 1058 142 71 est
1006 1058 163 71 quod
1108 1058 264 71 ascendit,
1311 1058 244 71 sedetque
1495 1058 122 71 ad
1556 1058 244 71 dexteram

83 1119 223 72 patris)
245 1119 223 72 pugnant
406 1119 223 72 prorsus
568 1119 142 72 cum
649 1119 303 72 ubiquitate,
892 1119 142 72 cum
973 1119 384 72 insensibilitate
1297 1119 243 72 corporis
1479 1119 243 72 Christi:
1641 1119 121 72 quam

82 1175 187 67 tamen
207 1175 208 67 omnino
353 1175 208 67 statui
498 1175 229 67 necesse
665 1175 167 67 est,
769 1175 125 67 si
831 1175 250 67 pergamus
1019 1175 208 67 realem
1164 1175 250 67 corporis
1352 1175 229 67 Christi
1497 1175 271 67 praesentiam

88 1241 129 61 ex
152 1241 214 61 uerbis
302 1241 214 61 Coenae
452 1241 321 61 simpliciter
709 1241 321 61 intellectis
966 1241 236 61 urgere.
1137 1241 214 61 Quibus
1287 1241 236 61 accedit
1459 1241 171 61 quod
1544 1241 236 61 apostolus

77 1293 127 60 de
140 1293 359 60 resurrectione
436 1293 296 60 disputans,
669 1293 127 60 Si
732 1293 211 60 mortui
880 1293 148 60 non
965 1293 296 60 resurgunt,
1197 1293 211 60 inquit
1345 1293 127 60 ne
1409 1293 254 60 Christus
1599 1293 211 60 quidem

83 1347 322 63 resurrexit,
340 1347 301 63 Resurrexit
577 1347 193 63 autem
706 1347 258 63 Christus
899 1347 279 63 primitiae
1114 1347 322 63 dormientium
1372 1347 107 63 :
1415 1347 172 63 ergo
1523 1347 150 63 nos
1587 1347 172 63 quoque

94 1407 309 59 resurgemus.
341 1407 124 59 Ex
403 1407 226 59 nostris
568 1407 165 59 ergo
671 1407 288 59 corporibus
897 1407 329 59 resuscitatis
1165 1407 226 59 apparet
1330 1407 185 59 etiam
1453 1407 185 59 quale
1577 1407 226 59 fuerit,

80 1446 146 67 aut
164 1446 146 67 sit
247 1446 209 67 corpus
393 1446 230 67 Christi
561 1446 292 67 gloriosum,
790 1446 146 67 cui
874 1446 230 67 corpora
1041 1446 209 67 nostra
1187 1446 188 67 fiunt
1312 1446 292 67 conformia.
1542 1446 209 67 Nostra
1668 1446 104 67 au-

90 1506 138 71 tem
169 1506 197 71 futura
307 1506 157 71 sunt
405 1506 177 71 uera,
523 1506 216 71 neruis,
681 1506 197 71 uenis,
818 1506 197 71 carne,
956 1506 157 71 cute
1055 1506 98 71 &
1094 1506 216 71 ossibus
1251 1506 295 71 constantia,
1488 1506 256 71 uisibilia
1665 1506 98 71 non

87 1561 324 69 inuisibilia,
350 1561 101 69 &
390 1561 121 69 in
451 1561 162 69 loco
552 1561 202 69 aliquo
694 1561 182 69 coeli
815 1561 202 69 certo,
957 1561 142 69 non
1038 1561 202 69 ubique
1179 1561 101 69 :
1220 1561 162 69 unde
1321 1561 283 69 consequens
1543 1561 142 69 est
1624 1561 121 69 ne
1665 1561 101 69 do-

90 1616 172 73 mini
197 1616 214 73 quidem
347 1616 214 73 corpus
497 1616 300 73 inuisibile
733 1616 107 73 &
776 1616 214 73 ubique
926 1616 193 73 esse.
1054 1616 172 73 Quod
1162 1616 129 73 si
1226 1616 172 73 quis
1333 1616 300 73 arbitratur
1548 1616 214 73 uitiosum

92 1687 170 54 esse
198 1687 297 54 argumentum
431 1687 170 54 quod
537 1687 106 54 a
580 1687 233 54 corpore
750 1687 212 54 nostro
898 1687 318 54 resuscitato
1153 1687 233 54 ducitur
1322 1687 127 54 ad
1386 1687 212 54 corpus
1535 1687 212 54 domini
1662 1687 106 54 re-

88 1732 317 80 suscitatum,
342 1732 148 80 aut
426 1732 233 80 contra,
596 1732 212 80 Paulum
744 1732 233 80 accuset
913 1732 148 80 qui
998 1732 148 80 hoc
1083 1732 148 80 nos
1167 1732 212 80 docuit
1315 1732 148 80 suo
1400 1732 233 80 exeplo.
1569 1732 190 80 Fides
1675 1732 106 80 er-

72 1783 135 73 go
139 1783 291 73 catholica
363 1783 112 73 &
408 1783 291 73 orthodoxa
632 1783 202 73 cogit
767 1783 157 73 nos
856 1783 157 73 per
946 1783 224 73 tropum
1103 1783 269 73 exponere
1305 1783 202 73 uerba
1439 1783 247 73 Coenae.

181 1837 160 69 Cum
273 1837 252 69 denique
456 1837 343 69 Capernaitae
730 1837 343 69 disserentem
1005 1837 252 69 dominum
1188 1837 137 69 de
1257 1837 366 69 manducatione
1531 1837 229 69 corporis

86 1896 149 70 sui
171 1896 106 70 &
213 1896 234 70 potando
384 1896 170 70 eius
490 1896 213 70 cruore
639 1896 298 70 audissent,
873 1896 128 70 et
937 1896 191 70 modum
1064 1896 298 70 cogitarent
1298 1896 425 70 imaginarenturque
1638 1896 128 70 eden

90 1952 117 66 di
148 1952 273 66 bibendique
362 1952 253 66 carnalem,
557 1952 156 66 ille
654 1952 175 66 dixit
771 1952 117 66 se
829 1952 273 66 ascensurum
1044 1952 117 66 in
1102 1952 195 66 coelum
1238 1952 97 66 :
1277 1952 253 66 uidelicet
1472 1952 175 66 illis
1589 1952 136 66 non
1647 1952 117 66 esse

81 2003 301 73 cogitandum
318 2003 129 73 de
383 2003 280 73 naturalis
598 2003 151 73 sui
684 2003 258 73 corporis
878 2003 172 73 esu,
985 2003 215 73 quando
1136 2003 129 73 in
1200 2003 129 73 eo
1265 2003 172 73 ipso
1373 2003 237 73 corpore
1545 2003 129 73 in
1588 2003 172 73 coelos

83 2061 337 68 ascensurus
348 2061 241 68 esset.
516 2061 217 68 Neque
661 2061 169 68 hic
757 2061 217 68 locum
902 2061 217 68 habet
1046 2061 313 68 quorundam
1287 2061 217 68 nouum
1432 2061 120 68 &
1480 2061 241 68 elumbe
1624 2061 145 68 com-

85 2118 249 70 mentum,
267 2118 408 70 confingentium,
606 2118 294 70 Ascendere
833 2118 136 70 in
901 2118 249 70 coelum,
1082 2118 204 70 aliud
1218 2118 159 70 non
1308 2118 181 70 esse
1422 2118 181 70 quam
1535 2118 294 70 conditio

79 2184 159 59 nem
170 2184 273 59 infirmam
375 2184 295 59 deponere,
602 2184 273 59 recipere
807 2184 432 59 supernaturalem.
1170 2184 159 59 Nam
1261 2184 227 59 Lucas,
1420 2184 159 59 cui
1511 2184 227 59 omnino
1648 2184 136 59 plus

81 2241 287 60 credendum
302 2241 177 60 est,
412 2241 177 60 quam
523 2241 287 60 huiusmodi
744 2241 265 60 argutijs
943 2241 155 60 imo
1031 2241 287 60 ineptijs,
1252 2241 199 60 dicit
1385 2241 243 60 dominum
1562 2241 133 60 in
1628 2241 199 60 altum

86 2286 175 68 esse
195 2286 284 68 sublatum,
414 2286 109 68 &
458 2286 131 68 in
523 2286 219 68 coelos
676 2286 109 68 a
720 2286 350 68 discipulorum
1004 2286 284 68 conspectu
1223 2286 306 68 subductum,
1463 2286 175 68 adde
1572 2286 131 68 et
1616 2286 153 68 nubem

93 2341 294 75 suscepisse
324 2341 168 75 eius
429 2341 210 75 corpus
577 2341 105 75 :
619 2341 294 75 discipulos
850 2341 168 75 item
955 2341 231 75 defixis
1123 2341 126 75 in
1186 2341 210 75 coelum
1333 2341 210 75 oculis
1481 2341 210 75 euntem
1607 2341 168 75 prose-

88 2410 251 68 quutos,
270 2410 205 68 donec
407 2410 273 68 audirent
612 2410 137 68 ab
681 2410 273 68 angelis,
886 2410 137 68 ad
954 2410 159 68 eum
1045 2410 228 68 omnino
1204 2410 205 68 modum
1341 2410 319 68 rediturum,
1592 2410 159 68 quo
1660 2410 114 68 ab-

87 2462 225 60 euntem
244 2462 293 60 uiderant.
469 2462 180 60 Quis
582 2462 203 60 autem
717 2462 248 60 ignorat
897 2462 203 60 ipsum
1032 2462 293 60 rediturum
1257 2462 135 60 in
1324 2462 248 60 nubibus
1504 2462 225 60 coeli?
1639 2462 135 60 Pro-

77 2519 181 65 inde
191 2519 226 65 coelum
349 2519 136 65 in
417 2519 181 65 quod
530 2519 272 65 ascendit
734 2519 272 65 dominus,
938 2519 181 65 loci
1051 2519 204 65 nomen
1186 2519 181 65 est,
1300 2519 158 65 non
1390 2519 362 65 conditionis.
1662 2519 113 65 Lo-

90 2561 154 71 cum
178 2561 198 71 nobis
310 2561 220 71 quoque
464 2561 286 71 promittit
684 2561 176 71 apud
794 2561 308 71 semetipsum
1036 2561 132 71 in
1102 2561 286 71 euangelio
1322 2561 242 71 dicens.
1498 2561 132 71 Si
1564 2561 220 71 abiero
1696 2561 88 71 ad

80 2621 278 82 parandum
288 2621 208 82 uobis
427 2621 232 82 locum,
589 2621 232 82 iterum
751 2621 232 82 ueniam
913 2621 116 82 &
960 2621 255 82 assumam
1145 2621 162 82 uos
1237 2621 139 82 ad
1307 2621 278 82 meipsum,
1515 2621 139 82 ut
1585 2621 162 82 ubi
1654 2621 116 82 sum

92 2675 152 82 ego
179 2675 109 82 &
223 2675 152 82 uos
310 2675 217 82 sitis.
462 2675 174 82 Quid
570 2675 174 82 quod
679 2675 196 82 omnes
809 2675 261 82 mortalis
1005 2675 261 82 corporis
1200 2675 326 82 conditiones
1461 2675 152 82 uel
1526 2675 239 82 infirmita

92 2731 143 85 tes
173 2731 123 85 in
235 2731 164 85 ipsa
337 2731 348 85 resurrectione
624 2731 307 85 deposuerat,
870 2731 123 85 ut
931 2731 143 85 eas
1013 2731 184 85 nihil
1136 2731 225 85 necesse
1300 2731 246 85 habuerit
1484 2731 123 85 in
1525 2731 246 85 ascensione

79 2796 161 75 sua
148 2796 253 75 deponere-

162 2811 148 111 Non
246 2811 253 111 negabit,
436 2811 232 111 opinor,
605 2811 253 111 quisquam
795 2811 274 111 fidelium,
1006 2811 190 111 nihil
1132 2811 316 111 instituisse
1385 2811 190 111 nobis
1512 2811 232 111 dominum
1660 2811 105 111 in-

95 2898 248 70 utiliter
282 2898 145 70 aut
364 2898 166 70 sine
468 2898 269 70 luculento
675 2898 207 70 aliquo
819 2898 207 70 fructu
964 2898 228 70 nostro.
1130 2898 145 70 Cum
1212 2898 186 70 autem
1337 2898 124 70 in
1399 2898 269 70 euangelio
1585 2898 186 70 dixerit
