2288 3632
488 291 250 72 dominus
670 291 227 72 carnem
829 291 182 72 suam
943 291 364 72 corporaliter
1238 291 318 72 manducatam
1488 291 159 72 non
1579 291 295 72 prodesse:
1806 291 159 72 ubi
1897 291 159 72 non
1988 291 136 72 de
2034 291 136 72 alio

495 348 224 62 corpore
658 348 224 62 locutus
821 348 163 62 est,
923 348 163 62 quam
1025 348 122 62 de
1086 348 122 62 eo
1148 348 163 62 ipso
1250 348 122 62 de
1311 348 143 62 quo
1393 348 122 62 in
1454 348 204 62 uerbis
1597 348 224 62 coenae,
1760 348 122 62 qd
1821 348 265 62 uidelicet
2005 348 163 62 tradi-

496 409 146 62 dit
580 409 146 62 pro
663 409 209 62 nobis:
809 409 417 62 irrefragabiliter
1164 409 271 62 sequitur,
1373 409 230 62 dominum
1540 409 125 62 in
1602 409 188 62 coena
1728 409 188 62 nobis
1853 409 146 62 non
1916 409 250 62 tradidisse

500 460 163 73 quod
602 460 143 73 non
683 460 245 73 prodest.
867 460 306 73 Tradidisset
1111 460 143 73 aut
1193 460 163 73 quod
1295 460 143 73 non
1376 460 285 73 prodesset,
1600 460 122 73 si
1661 460 204 73 corpus
1804 460 163 73 suum
1886 460 285 73 corporaliter

496 519 318 80 manducandum
750 519 339 80 tradidisset.
1026 519 212 80 Claret
1174 519 170 80 ergo
1280 519 191 80 uerba
1408 519 212 80 coenae
1556 519 212 80 omnino
1704 519 339 80 interpretari
1959 519 212 80 oportere

590 575 158 67 His
681 575 248 67 omnibus
861 575 248 67 accedit
1041 575 293 67 illustris
1266 575 293 67 prophetia
1491 575 135 67 ac
1558 575 270 67 mandatum
1761 575 270 67 disertum
1963 575 113 67 &
1986 575 180 67 minime

499 628 252 68 obscurum
688 628 210 68 domini
836 628 210 68 nostri
983 628 168 68 Iesu
1088 628 252 68 Christi,
1277 628 252 68 dicentis
1467 628 126 68 in
1530 628 295 68 euangelio,
1761 628 168 68 Tunc
1866 628 126 68 si
1930 628 168 68 quis
2014 628 147 68 uobis

508 683 243 65 dixerit,
690 683 162 65 Ecce
792 683 142 65 hic
873 683 264 65 Christus,
1076 683 142 65 aut
1157 683 203 65 illic,
1299 683 203 65 nolite
1441 683 243 65 credere.
1623 683 223 65 Surgent
1786 683 162 65 enim
1867 683 304 65 pseudochristi

501 745 107 60 &
543 745 428 60 pseudoprophetae,
907 745 107 60 &
950 745 214 60 dabunt
1100 745 193 60 signa
1228 745 193 60 magna
1356 745 107 60 &
1399 745 278 60 prodigia,
1613 745 150 60 ita
1698 745 128 60 ut
1763 745 128 60 in
1827 745 235 60 errorem
1976 745 193 60 inducan

505 797 134 72 tur
581 797 115 72 si
639 797 172 72 fieri
753 797 191 72 possit
887 797 172 72 etiam
1002 797 210 72 electi.
1154 797 153 72 Ecce
1250 797 229 72 praedixi
1422 797 191 72 uobis.
1556 797 115 72 Si
1613 797 153 72 ergo
1708 797 229 72 dixerint
1880 797 191 72 uobis,
2014 797 153 72 Ecce
2091 797 76 72 in

505 848 210 74 deserto
658 848 153 74 est,
753 848 191 74 nolite
887 848 191 74 exire.
1021 848 153 74 Ecce
1116 848 115 74 in
1174 848 306 74 penetralibus
1422 848 96 74 (
1460 848 115 74 in
1517 848 153 74 rois
1613 848 191 74 autios
1747 848 115 74 in
1804 848 248 74 claustris
1995 848 210 74 inquam.

512 909 233 73 raeueiae
687 909 156 73 enim
784 909 156 73 loca
881 909 156 73 sunt
978 909 311 73 abstrusiora,
1231 909 311 73 penitioraque
1484 909 117 73 in
1542 909 233 73 aedibus,
1717 909 117 73 in
1775 909 156 73 quae
1872 909 253 73 reponimus
2047 909 117 73 quae

507 974 244 64 uolumus
684 974 177 64 esse
795 974 310 64 tutissima,
1038 974 177 64 quae
1149 974 288 64 Germanice
1371 974 310 64 appellamus
1614 974 221 64 sotyni
1769 974 244 64 solosss
1947 974 155 64 ono
2013 974 155 64 gbalo

505 1025 204 66 nolite
647 1025 245 66 credere.
831 1025 184 66 Sicut
953 1025 163 66 enim
1055 1025 204 66 fulgur
1198 1025 163 66 exit
1300 1025 122 66 ab
1361 1025 224 66 oriente
1525 1025 102 66 &
1565 1025 224 66 apparet
1729 1025 184 66 usque
1851 1025 122 66 in
1892 1025 265 66 occidentem,

512 1076 142 70 ita
593 1076 162 70 erit
694 1076 244 70 aduentus
877 1076 183 70 filij
999 1076 244 70 hominis.
1182 1076 223 70 Quamuis
1344 1076 162 70 uero
1446 1076 142 70 hic
1527 1076 183 70 locus
1649 1076 102 70 a
1690 1076 203 70 multis
1832 1076 203 70 soleat
1974 1076 203 70 exponi
2096 1076 81 70 de

505 1132 247 70 ludaicis
691 1132 371 70 calamitatibus,
1000 1132 206 70 negari
1144 1132 185 70 tamen
1267 1132 144 70 non
1350 1132 226 70 potest,
1514 1132 165 70 quod
1617 1132 103 70 &
1658 1132 165 70 ipse
1761 1132 226 70 fatetur
1926 1132 206 70 beatus
2049 1132 124 70 Hie-

507 1203 252 53 ronymus,
696 1203 189 53 eadem
822 1203 189 53 opera
948 1203 210 53 totius
1095 1203 189 53 mundi
1221 1203 126 53 ad
1284 1203 189 53 finem
1411 1203 189 53 usque
1537 1203 231 53 saeculi
1705 1203 168 53 fata
1810 1203 252 53 contexi.
1978 1203 189 53 Conclu-

506 1245 196 66 ditur
637 1245 196 66 certe
768 1245 153 66 hic
855 1245 196 66 locus
986 1245 175 66 quem
1095 1245 306 66 adduximus,
1336 1245 284 66 sententia
1554 1245 131 66 de
1619 1245 218 66 ultimo
1772 1245 240 66 Christi
1947 1245 131 66 in
1990 1245 175 66 mundum

508 1309 138 66 sub
587 1309 158 66 diem
686 1309 217 66 iudicij
844 1309 217 66 aduentu
1001 1309 217 66 prolata
1159 1309 99 66 :
1199 1309 256 66 praeterea
1396 1309 197 66 negari
1534 1309 138 66 non
1613 1309 217 66 potest,
1771 1309 296 66 simpliciter
2007 1309 138 66 hic
2066 1309 99 66 dam

507 1372 163 51 nari
608 1372 102 51 a
649 1372 204 51 domino
792 1372 265 51 doctrinam
996 1372 143 51 que
1077 1372 244 51 Christum
1260 1372 122 51 in
1321 1372 244 51 terrarum
1505 1372 244 51 diuersis
1688 1372 204 51 locis,
1831 1372 122 51 in
1892 1372 244 51 scrinijs
2075 1372 143 51 aut

507 1421 228 61 munitis
673 1421 186 61 locis
797 1421 290 61 comorantem
1025 1421 145 61 uel
1108 1421 311 61 praesentem,
1357 1421 269 61 ostendit.
1564 1421 124 61 Id
1626 1421 166 61 quod
1730 1421 477 61 transsubstantiatio

509 1468 148 73 nis
593 1468 253 73 doctores
783 1468 211 73 facere
931 1468 148 73 non
1016 1468 190 73 libri
1142 1468 169 73 modo
1248 1468 253 73 ipsorum,
1438 1468 148 73 sed
1522 1468 106 73 &
1565 1468 211 73 erecta
1712 1468 232 73 corpori
1881 1468 253 73 Christi,
2050 1468 127 73 quae

508 1521 194 76 ubique
644 1521 214 76 locorum
799 1521 272 76 cernuntur,
1013 1521 292 76 tabernacula
1247 1521 97 76 (
1285 1521 156 76 quae
1383 1521 194 76 uocant
1519 1521 233 76 ciboria)
1694 1521 214 76 sacella
1849 1521 175 76 item,
1966 1521 175 76 atque
2063 1521 117 76 adeo

515 1579 184 70 etiam
637 1579 225 70 augusta
801 1579 205 70 templa
944 1579 102 70 &
985 1579 286 70 monasteria
1210 1579 286 70 testantur.
1435 1579 123 70 In
1497 1579 143 70 his
1579 1579 184 70 locis
1701 1579 225 70 omnibus
1865 1579 102 70 &
1906 1579 266 70 singulis,
2090 1579 82 70 in

514 1638 159 69 his,
614 1638 219 69 inquam,
773 1638 179 69 locis
893 1638 299 69 comonstrant
1132 1638 179 69 nobis
1251 1638 259 69 Christum,
1451 1638 259 69 dicentes,
1650 1638 159 69 Ecce
1750 1638 159 69 hic,
1849 1638 159 69 ecce
1949 1638 179 69 illic
2048 1638 120 69 Chri

506 1696 185 55 stus,
630 1696 164 55 Ecce
732 1696 185 55 panis
856 1696 288 55 angelorum.
1082 1696 123 55 In
1143 1696 144 55 his
1225 1696 226 55 hostijs
1390 1696 226 55 omnibus
1554 1696 185 55 totus
1677 1696 144 55 est
1759 1696 267 55 Christus,
1965 1696 103 55 &
2006 1696 123 55 in
2047 1696 123 55 qua-

509 1747 182 62 libet
630 1747 223 62 partium
792 1747 182 62 earum
914 1747 182 62 totus
1035 1747 101 62 &
1076 1747 223 62 plenus,
1238 1747 182 62 talis
1360 1747 203 62 qualis
1501 1747 182 62 natus
1623 1747 142 62 est
1704 1747 122 62 de
1765 1747 223 62 uirgine
1927 1747 122 62 et
1967 1747 203 62 pependit

508 1805 106 66 a
550 1805 212 66 cruce.
698 1805 127 66 Id
762 1805 169 66 quod
868 1805 254 66 protinus
1058 1805 254 66 astruunt
1249 1805 275 66 miraculis
1460 1805 106 66 &
1503 1805 296 66 prodigijs,
1736 1805 212 66 ornant
1884 1805 169 66 item
1968 1805 212 66 uerborum

510 1860 303 64 inuolucris,
752 1860 242 64 mysteria
933 1860 182 64 tanta
1054 1860 141 64 non
1135 1860 282 64 inquirenda
1357 1860 182 64 esse,
1478 1860 141 64 sed
1559 1860 242 64 credenda
1740 1860 323 64 simpliciter.
2003 1860 161 64 Ista
2083 1860 81 64 em

509 1911 184 72 fieri
631 1911 347 72 ineffabiliter
917 1911 102 72 &
958 1911 347 72 inuisibiliter
1244 1911 143 72 per
1326 1911 347 72 omnipotentiam
1612 1911 164 72 dei.
1714 1911 143 72 Nec
1796 1911 327 72 dissimulauit
2041 1911 123 72 domi

505 1972 148 72 nus
589 1972 232 72 quantum
758 1972 148 72 hic
843 1972 190 72 error
969 1972 317 72 profecturus
1223 1972 169 72 sit.
1328 1972 211 72 Tantus
1476 1972 169 72 erit
1582 1972 296 72 prouentus,
1814 1972 190 72 tanta
1920 1972 253 72 frequentia

505 2029 240 56 errorem
680 2029 370 56 recipientium,
985 2029 109 56 &
1028 2029 174 56 post
1137 2029 261 56 Christum
1333 2029 131 56 in
1398 2029 240 56 deserta
1573 2029 109 56 &
1616 2029 131 56 ad
1682 2029 305 56 penetralia
1900 2029 261 56 concurren-

504 2081 181 61 tium,
624 2081 121 61 ut
685 2081 181 61 etiam
805 2081 201 61 electi
946 2081 241 61 periculo
1127 2081 321 61 inuoluantur.
1388 2081 141 61 Sed
1468 2081 161 61 quid
1568 2081 221 61 interim
1729 2081 121 61 in
1789 2081 181 61 tanto
1910 2081 241 61 periculo
2071 2081 100 61 re-

505 2139 208 57 rumque
651 2139 292 57 discrimine
880 2139 167 57 suos
985 2139 188 57 docet
1110 2139 208 57 facere
1256 2139 271 57 Christus?
1464 2139 250 57 Secundum
1652 2139 250 57 repetit,
1839 2139 208 57 Nolite
1965 2139 208 57 credere.

527 2196 157 64 Quid
625 2196 196 64 nolite
762 2196 235 64 credere:
938 2196 235 64 Christum
1114 2196 137 64 hic
1193 2196 137 64 aut
1271 2196 176 64 illic
1388 2196 117 64 in
1447 2196 215 64 terris,
1604 2196 117 64 in
1662 2196 215 64 deserto
1819 2196 137 64 aut
1897 2196 117 64 in
1936 2196 235 64 penetrali-

510 2246 160 63 bus,
610 2246 140 63 uel
690 2246 180 63 etiam
810 2246 120 63 in
870 2246 200 63 medijs
1010 2246 240 63 urbibus,
1190 2246 140 63 uel
1270 2246 120 63 in
1330 2246 160 63 agro
1431 2246 180 63 esse.
1551 2246 200 63 Addit,
1691 2246 200 63 Nolite
1831 2246 200 63 exire.
1971 2246 120 63 Ne
2011 2246 160 63 sequa-

495 2302 176 74 mini
605 2302 220 74 turbam
759 2302 154 74 per
848 2302 309 74 distantiam
1090 2302 242 74 locorum
1266 2302 331 74 inquirentem
1531 2302 264 74 Christum
1729 2302 198 74 quasi
1861 2302 132 74 in
1928 2302 220 74 terris
2060 2302 110 74 ad-

507 2361 159 55 huc
598 2361 386 55 conuersantem.
916 2361 250 55 Proinde
1098 2361 136 55 si
1166 2361 159 55 iam
1257 2361 295 55 uniuersus
1484 2361 250 55 mundus,
1666 2361 114 55 &
1712 2361 205 55 omnia
1848 2361 136 55 in
1916 2361 205 55 mundo
2030 2361 136 55 con-

508 2417 209 55 cilia,
654 2417 188 55 omnes
780 2417 188 55 reges
905 2417 105 55 &
947 2417 293 55 principes,
1177 2417 167 55 adde
1282 2417 105 55 &
1324 2417 188 55 omnes
1449 2417 209 55 angeli
1595 2417 105 55 &
1637 2417 167 55 diui
1742 2417 230 55 iubeant
1909 2417 146 55 nos
1972 2417 188 55 credere

509 2475 240 58 Christum
689 2475 320 58 corporaliter
949 2475 140 58 hic
1029 2475 100 58 &
1069 2475 180 58 illic
1189 2475 180 58 esse,
1309 2475 200 58 solius
1450 2475 180 58 tamen
1570 2475 300 58 redemptoris
1810 2475 220 58 Christi
1970 2475 180 58 filij
2070 2475 100 58 dei

503 2528 291 69 sapientiae
732 2528 228 69 patris,
898 2528 145 69 per
981 2528 166 69 quem
1085 2528 187 69 omnia
1209 2528 228 69 condita
1375 2528 187 69 sunt,
1500 2528 311 69 praeceptum,
1749 2528 187 69 illud
1873 2528 187 69 ipsum
1977 2528 187 69 credere

496 2588 341 73 prohibentis,
773 2588 149 73 eam
858 2588 170 73 apud
964 2588 192 73 omnes
1092 2588 170 73 pios
1199 2588 234 73 habebit
1369 2588 362 73 authoritatem,
1667 2588 128 73 ut
1731 2588 213 73 sciant
1880 2588 149 73 non
1965 2588 149 73 ita
2029 2588 128 73 cre-

494 2636 209 75 dendum
641 2636 167 75 esse
745 2636 188 75 sicut
871 2636 314 75 praecipiunt
1122 2636 293 75 creaturae,
1352 2636 146 75 sed
1436 2636 188 75 sicut
1561 2636 251 75 mandauit
1750 2636 251 75 creator.
1938 2636 230 75 Quinimo
2084 2636 84 75 di

496 2699 203 68 gnatur
638 2699 223 68 dominus
800 2699 122 68 in
860 2699 142 68 hoc
941 2699 162 68 ipso
1043 2699 263 68 euangelij
1245 2699 162 68 loco
1347 2699 243 68 rationem
1529 2699 182 68 nobis
1651 2699 223 68 reddere
1813 2699 162 68 suae
1914 2699 284 68 doctrinae.

488 2752 196 70 Quare
619 2752 174 70 enim
728 2752 152 70 non
815 2752 283 70 credendum
1033 2752 152 70 est
1120 2752 261 70 Christum
1316 2752 131 70 in
1381 2752 196 70 hisce
1512 2752 218 70 terris
1664 2752 305 70 conuersari
1904 2752 152 70 uel
1969 2752 196 70 praesen

481 2810 138 70 tem
560 2810 158 70 esse
659 2810 335 70 corporaliter,
934 2810 138 70 sed
1013 2810 217 70 interim
1171 2810 355 70 inuisibiliter.
1466 2810 158 70 Quia
1565 2810 177 70 sicut
1683 2810 197 70 fulgur
1821 2810 158 70 exit
1920 2810 118 70 ex
1959 2810 197 70 oriente-

492 2863 100 68 &
532 2863 220 68 apparet
692 2863 180 68 usque
812 2863 120 68 in
872 2863 300 68 occidentem,
1111 2863 140 68 ita
1191 2863 160 68 erit
1291 2863 240 68 aduentus
1471 2863 180 68 filij
1591 2863 240 68 hominis.
1770 2863 120 68 Id
1830 2863 160 68 quod
1930 2863 220 68 perinde
2070 2863 100 68 est

485 2918 119 91 ac
545 2918 119 91 si
604 2918 257 91 dixisset,
802 2918 178 91 Semel
921 2918 178 91 uenit
1040 2918 218 91 humilis
1198 2918 119 91 in
1257 2918 198 91 terras
1396 2918 198 91 filius
1534 2918 139 91 dei
1614 2918 119 91 ad
1673 2918 277 91 liberandos
1891 2918 139 91 nos
1970 2918 139 91 per
2029 2918 139 91 humi
