2288 3632
74 286 224 95 credit
231 286 135 95 in
298 286 157 95 me,
388 286 157 95 non
478 286 224 95 sitiet
635 286 247 95 unquam.
814 286 180 95 Quis
926 286 202 95 autem
1061 286 247 95 negabit
1241 286 314 95 relationem
1488 286 247 95 inuicem
1645 286 112 95 ha-

73 344 179 94 bere
185 344 202 94 Edere
319 344 112 94 &
364 344 157 94 non
454 344 269 94 esurire,
655 344 224 94 bibere
812 344 112 94 &
857 344 157 94 non
947 344 247 94 sitire?
1126 344 247 94 Quoniam
1306 344 179 94 ergo
1418 344 202 94 dixit
1530 344 224 94 dominus,

75 404 144 94 Non
158 404 247 94 esuriet,
343 404 350 94 praemisisset,
632 404 144 94 Qui
714 404 165 94 edit
817 404 144 94 me:
900 404 144 94 sed
982 404 206 94 maluit
1126 404 144 94 uti
1209 404 185 94 uerbo
1332 404 268 94 ueniendi,
1538 404 103 94 &
1580 404 227 94 dicere,

85 458 151 96 Qui
172 458 195 96 uenit
302 458 130 96 ad
366 458 130 96 me
431 458 151 96 non
518 458 259 96 esuriet.
712 458 195 96 Edere
842 458 173 96 ergo
950 458 151 96 est
1037 458 238 96 uenire,
1210 458 108 96 &
1253 458 216 96 uenire
1404 458 216 96 edere.
1555 458 173 96 Quid
1642 458 108 96 au-

76 527 146 70 tem
160 527 146 70 sit
243 527 209 70 uenire
390 527 126 70 ad
453 527 209 70 ipsum,
599 527 167 70 ipse
704 527 146 70 mox
787 527 251 70 explicat
976 527 105 70 &
1018 527 167 70 ait.
1122 527 188 70 Omnis
1248 527 146 70 qui
1332 527 230 70 audiuit
1499 527 126 70 at
1562 527 188 70 patre
1687 527 105 70 &

75 572 256 97 didicit,
266 572 192 97 uenit
394 572 128 97 ad
458 572 128 97 me
522 572 107 97 :
565 572 128 97 id
629 572 149 97 est
714 572 234 97 recipit
884 572 149 97 me,
970 572 107 97 &
1012 572 213 97 credit
1161 572 128 97 in
1225 572 149 97 me.
1311 572 149 97 Nam
1396 572 107 97 &
1438 572 213 97 Paulus
1588 572 213 97 dixit,

73 632 234 87 Oportet
243 632 298 87 accedentem
477 632 128 87 ad
540 632 170 87 deum
647 632 255 87 credere.
838 632 170 87 Haec
944 632 191 87 autem
1072 632 425 87 irrefragabiliter
1433 632 255 87 euincunt
1603 632 149 87 Edere

69 686 191 95 aliud
196 686 149 95 non
281 686 170 95 esse
387 686 170 95 quam
493 686 255 95 credere,
684 686 255 95 Sequitur
876 686 170 95 enim
982 686 191 95 adhuc
1109 686 255 95 clarius,
1300 686 127 95 Et
1364 686 149 95 qui
1449 686 212 95 credit
1597 686 127 95 in
1640 686 106 95 me,

64 744 148 87 non
148 744 212 87 sitiet
297 744 233 87 unquam.
466 744 148 87 Qui
551 744 190 87 bibit
678 744 148 87 non
762 744 190 87 sitit
889 744 106 87 :
932 744 148 87 pro
1016 744 212 87 bibere
1164 744 169 87 ergo
1270 744 254 87 reposuit
1461 744 254 87 credere:
1630 744 127 87 ergo

63 798 212 92 bibere
211 798 149 92 est
296 798 255 92 credere.
488 798 149 92 Nam
573 798 191 92 fides
700 798 212 92 mentes
849 798 234 92 nostras
1019 798 212 92 satiat
1167 798 106 92 &
1210 798 297 92 pacificat.
1443 798 212 92 Habent
1592 798 149 92 hic
1656 798 106 92 re-

76 850 304 77 sponsionem
315 850 152 77 qui
402 850 304 77 obiiciunt,
641 850 130 77 An
706 850 152 77 non
793 850 239 77 dominus
967 850 174 77 ipse
1076 850 196 77 uerba
1206 850 304 77 habuisset,
1445 850 217 77 quibus
1575 850 174 77 expli-

67 924 172 74 care
175 924 280 74 potuisset
391 924 215 74 mentem
541 924 172 74 suam
649 924 259 74 siquidem
843 924 366 74 intellexisset
1145 924 151 74 per
1231 924 194 74 edere
1360 924 108 74 &
1403 924 215 74 bibere
1533 924 215 74 credere.

64 960 234 94 Habent
227 960 234 94 inquam
391 960 257 94 apertum
578 960 351 94 testimonium
859 960 164 94 quo
953 960 257 94 alterum
1140 960 257 94 usurpat
1327 960 164 94 pro
1397 960 211 94 altero.

114 1015 243 101 Rursus
284 1015 219 101 dicit
430 1015 146 101 in
503 1015 219 101 eodem
649 1015 267 101 sermone
843 1015 292 101 dominus,
1062 1015 170 101 Qui
1159 1015 195 101 edit
1281 1015 243 101 carnem
1451 1015 195 101 meam
1572 1015 122 101 &
1597 1015 170 101 bibit

63 1070 175 97 meum
173 1070 306 97 sanguinem,
413 1070 197 97 habet
545 1070 197 97 uitam
676 1070 284 97 aeternam,
895 1070 109 97 &
938 1070 153 97 ego
1026 1070 284 97 suscitabo
1245 1070 153 97 eum
1332 1070 131 97 in
1398 1070 284 97 nouissimo
1617 1070 175 97 die.

60 1132 171 96 ldem
166 1132 128 96 in
230 1132 192 96 eodem
358 1132 256 96 sermone.
550 1132 171 96 Haec
657 1132 149 96 est
742 1132 256 96 uoluntas
934 1132 171 96 eius
1041 1132 149 96 qui
1126 1132 192 96 misit
1254 1132 149 96 me,
1340 1132 128 96 ut
1404 1132 192 96 omnis
1532 1132 149 96 qui
1596 1132 149 96 uidet

67 1186 213 97 filium
216 1186 106 97 &
258 1186 213 97 credit
407 1186 128 97 in
471 1186 170 97 eum,
577 1186 213 97 habeat
726 1186 192 97 uitam
854 1186 277 97 aeternam,
1067 1186 106 97 &
1110 1186 149 97 ego
1195 1186 277 97 suscitabo
1407 1186 149 97 eum
1493 1186 128 97 in
1535 1186 213 97 nouissi-

67 1250 127 80 mo
130 1250 170 80 die.
237 1250 127 80 En
300 1250 191 80 habes
428 1250 212 80 iterum
577 1250 361 80 aequipollere,
874 1250 191 80 edere
1001 1250 212 80 carnem
1150 1250 234 80 Christi
1320 1250 276 80 bibereque
1533 1250 170 80 eius
1618 1250 127 80 san-

63 1301 244 79 guinem,
240 1301 111 79 &
284 1301 244 79 credere
462 1301 133 79 in
528 1301 288 79 Christum,

118 1355 190 93 ltem,
244 1355 147 93 Ego
329 1355 147 93 sum
413 1355 190 93 panis
539 1355 211 93 uiuus,
687 1355 147 93 ait
771 1355 253 93 dominus,
961 1355 147 93 qui
1045 1355 126 93 de
1108 1355 190 93 coelo
1234 1355 274 93 descendi,
1445 1355 126 93 si
1508 1355 169 93 quis
1592 1355 169 93 ederit

66 1424 133 86 ex
132 1424 155 86 hoc
221 1424 199 86 pane,
354 1424 199 86 uiuet
487 1424 133 86 in
553 1424 288 86 aeternum,
775 1424 222 86 Rursus
930 1424 222 86 autem,
1085 1424 177 86 Amen
1196 1424 177 86 dico
1307 1424 222 86 uobis,
1462 1424 244 86 inquit,
1639 1424 155 86 qui

66 1478 263 74 confidit
263 1478 197 74 mihi,
395 1478 197 74 habet
526 1478 197 74 uitam
657 1478 285 74 aeternam.
876 1478 131 74 In
942 1478 175 74 idem
1051 1478 175 74 ergo
1161 1478 263 74 recidunt
1358 1478 197 74 edere
1489 1478 263 74 Christum
1686 1478 109 74 &

67 1519 267 74 confidere
273 1519 246 74 Christo.

122 1577 145 92 Et
194 1577 265 92 iterum,
387 1577 169 92 Qui
483 1577 193 92 edit
604 1577 193 92 meam
724 1577 241 92 carnem
893 1577 120 92 &
941 1577 217 92 bibit
1085 1577 193 92 meum
1206 1577 337 92 sanguinem,
1471 1577 145 92 in
1543 1577 145 92 me
1591 1577 169 92 manet

57 1638 105 97 &
99 1638 147 97 ego
183 1638 126 97 in
246 1638 189 97 illo.
372 1638 189 97 Porro
498 1638 231 97 Ioannes
666 1638 273 97 apostolus
876 1638 126 97 in
940 1638 147 97 sua
1024 1638 252 97 canonica
1213 1638 210 97 dicit,
1360 1638 252 97 Quisquis
1528 1638 231 97 confessus

66 1692 214 89 fuerit,
221 1692 117 89 id
280 1692 136 89 est
358 1692 292 89 crediderit,
592 1692 156 89 quod
689 1692 175 89 Iesus
806 1692 136 89 est
884 1692 195 89 filius
1020 1692 156 89 dei,
1118 1692 156 89 deus
1215 1692 117 89 in
1273 1692 117 89 eo
1332 1692 175 89 manet
1449 1692 97 89 &
1488 1692 156 89 ipse
1585 1692 117 89 in
1624 1692 117 89 deo.

112 1743 190 98 ltem,
239 1743 169 98 Amen
344 1743 169 98 amen
450 1743 169 98 dico
555 1743 211 98 uobis,
703 1743 169 98 nisi
808 1743 253 98 ederitis
998 1743 211 98 carnem
1146 1743 190 98 filij
1273 1743 253 98 hominis,
1463 1743 106 98 &
1505 1743 295 98 biberitis,

62 1800 170 100 eius
168 1800 298 100 sanguinem,
402 1800 149 100 non
487 1800 234 100 habetis
658 1800 192 100 uitam
785 1800 128 100 in
849 1800 213 100 uobis.
998 1800 128 100 Et
1062 1800 192 100 Ioan.
1190 1800 128 100 8.
1254 1800 192 100 dicit
1381 1800 170 100 idem
1488 1800 255 100 dominus,
1658 1800 85 100 Si

64 1872 151 83 non
151 1872 346 83 credideritis
432 1872 173 83 quod
540 1872 151 83 ego
627 1872 173 83 sum,
735 1872 281 83 moriemini
951 1872 130 83 in
1016 1872 260 83 peccatis
1211 1872 260 83 uestris.
1406 1872 130 83 Et
1471 1872 238 83 iterum,
1622 1872 130 83 Amen

56 1926 185 84 amen
171 1926 185 84 dico
287 1926 231 84 uobis,
449 1926 139 84 si
518 1926 185 84 quis
633 1926 277 84 sermonem
841 1926 185 84 meum
957 1926 346 84 seruauerit,
1234 1926 231 84 mortem
1396 1926 162 84 non
1488 1926 254 84 uidebit
1650 1926 92 84 in

50 1966 287 75 aeternum,

111 2029 222 96 Rursus
266 2029 200 96 dicit
400 2029 267 96 dominus,
600 2029 200 96 Sicut
733 2029 133 96 me
800 2029 200 96 misit
933 2029 222 96 uiuens
1088 2029 222 96 pater,
1244 2029 111 96 &
1288 2029 156 96 ego
1377 2029 178 96 uiuo
1488 2029 244 96 propter
1644 2029 111 96 pa-

53 2092 189 80 trem:
179 2092 147 80 ita
263 2092 105 80 &
305 2092 147 80 qui
389 2092 210 80 ederit
537 2092 147 80 me,
621 2092 189 80 uiuet
747 2092 168 80 ipse
852 2092 210 80 quoque
999 2092 231 80 propter
1167 2092 147 80 me.
1251 2092 126 80 Et
1314 2092 189 80 Ioan.
1441 2092 126 80 5.
1504 2092 168 80 cap.
1588 2092 147 80 Sicut

58 2148 189 89 pater
184 2148 189 89 habet
310 2148 189 89 uitam
435 2148 126 89 in
498 2148 293 89 semetipso,
729 2148 147 89 sic
813 2148 189 89 dedit
938 2148 105 89 &
980 2148 189 89 filio
1106 2148 189 89 uitam
1232 2148 210 89 habere
1379 2148 126 89 in
1442 2148 293 89 semetipso.
1651 2148 84 89 Et

54 2204 122 98 in
115 2204 243 98 epistola
297 2204 284 98 canonica,.
520 2204 142 98 Qui
601 2204 203 98 credit
743 2204 122 98 in
804 2204 203 98 filium
946 2204 162 98 dei,
1047 2204 182 98 habet
1168 2204 304 98 testimonium
1412 2204 122 98 in
1473 2204 223 98 seipso.
1635 2204 142 98 Et,

51 2250 147 77 Qui
135 2250 189 77 habet
261 2250 231 77 filium,
430 2250 189 77 habet
556 2250 210 77 uitam.

111 2305 244 101 Diuinis
288 2305 200 101 hisce
422 2305 111 101 &
466 2305 400 101 euidentissimis
799 2305 333 101 testimonijs
1066 2305 333 101 subiungimus
1332 2305 178 101 modo
1443 2305 244 101 humana,
1599 2305 133 101 per-

48 2359 259 103 hibentia
242 2359 108 103 &
286 2359 172 103 ipsa
393 2359 259 103 Christum
587 2359 194 103 edere
717 2359 194 103 aliud
846 2359 194 103 nihil
975 2359 172 103 esse
1083 2359 172 103 quam
1191 2359 237 103 credere
1364 2359 108 103 &
1407 2359 129 103 in
1471 2359 237 103 Christo
1622 2359 108 103 ma-

46 2430 201 78 nere.
180 2430 245 78 August.
358 2430 223 78 Tract.
514 2430 134 78 in
581 2430 201 78 Ioan.
715 2430 156 78 25.
804 2430 178 78 haec
916 2430 201 78 uerba
1050 2430 223 78 domini
1206 2430 290 78 exponens,
1429 2430 156 78 Hoc
1518 2430 156 78 est
1585 2430 134 78 opus

53 2476 160 93 dei,
153 2476 120 93 ut
213 2476 240 93 credatis
392 2476 120 93 in
452 2476 140 93 eum
532 2476 160 93 quem
632 2476 180 93 misit
752 2476 180 93 ille,
872 2476 180 93 sicut
991 2476 240 93 scriptum
1171 2476 260 93 reliquit.
1371 2476 140 93 Hoc
1451 2476 140 93 est
1530 2476 160 93 ergo
1610 2476 120 93 man-

47 2538 215 82 ducare
197 2538 193 82 cibum
326 2538 150 82 qui
411 2538 150 82 non
497 2538 215 82 perit,
648 2538 150 82 sed
733 2538 150 82 qui
819 2538 258 82 permanet
1013 2538 129 82 in
1077 2538 193 82 uitam
1206 2538 279 82 aeternam.
1420 2538 129 82 Vt
1485 2538 172 82 quid
1571 2538 150 82 paras

45 2588 219 93 dentes
198 2588 109 93 &
242 2588 263 93 uentrem:
439 2588 197 93 Crede
571 2588 109 93 &
614 2588 328 93 manducasti.
877 2588 175 93 Idem
987 2588 219 93 iterum
1140 2588 219 93 Tract.
1293 2588 153 93 26.
1381 2588 241 93 Credere
1556 2588 131 93 in
1600 2588 131 93 eum,

38 2641 223 93 inquit,
200 2641 142 93 hoc
281 2641 142 93 est
362 2641 264 93 manducare
565 2641 183 93 panem
687 2641 203 93 uiuum.
829 2641 142 93 Qui
910 2641 203 93 credit
1052 2641 122 93 in
1113 2641 162 93 eum,
1214 2641 243 93 manducat
1397 2641 365 93 inuisibiliter,

39 2697 281 97 saginatur,
259 2697 160 97 quia
360 2697 341 97 inuisibiliter
640 2697 301 97 renascitur.
881 2697 120 97 Et
941 2697 200 97 iterum
1081 2697 120 97 in
1142 2697 180 97 eodem
1262 2697 261 97 Tractatu,
1462 2697 140 97 Hoc
1543 2697 140 97 est
1603 2697 120 97 man-

54 2756 201 88 ducare
195 2756 181 88 illam
315 2756 201 88 escam,
456 2756 161 88 ait,
557 2756 101 88 &
597 2756 181 88 illum
718 2756 201 88 bibere
859 2756 201 88 potum,
1000 2756 121 88 in
1060 2756 221 88 Christo
1221 2756 221 88 manere,
1382 2756 101 88 &
1422 2756 181 88 illum
1523 2756 201 88 manentem

39 2811 131 90 in
105 2811 131 90 se
170 2811 218 90 habere
322 2811 109 90 :
366 2811 131 90 ac
431 2811 153 90 per
519 2811 153 90 hoc
606 2811 153 90 qui
693 2811 153 90 non
780 2811 196 90 manet
911 2811 131 90 in
976 2811 261 90 Christo,
1172 2811 109 90 &
1216 2811 131 90 in
1281 2811 153 90 quo
1368 2811 153 90 non
1456 2811 196 90 manet
1564 2811 153 90 Chri-

47 2867 184 91 stus,
169 2867 306 91 proculdubio
414 2867 143 91 nec
496 2867 245 91 manducat
680 2867 347 91 spiritualiter
966 2867 204 91 carnem
1109 2867 184 91 eius,
1232 2867 143 91 &c.
1313 2867 163 91 Idem
1416 2867 204 91 iterum
1559 2867 163 91 lib.
1640 2867 82 91 de

37 2923 205 88 Doctr.
181 2923 226 88 Christ.
346 2923 164 88 cap.
448 2923 144 88 16.
530 2923 205 88 docens
674 2923 205 88 quando
818 2923 288 88 admittenda
1044 2923 144 88 sit
1126 2923 247 88 figurata
1311 2923 247 88 locutio,
1496 2923 205 88 quando
1619 2923 103 88 non
