2288 3632
487 260 165 87 Nam
582 260 283 87 quotquot
794 260 212 87 edunt
936 260 236 87 corpus
1101 260 260 87 domini,
1290 260 118 87 &
1337 260 236 87 bibunt
1502 260 189 87 eius
1620 260 330 87 sanguinem,
1880 260 165 87 non
1951 260 236 87 esuriunt

505 328 144 72 aut
588 328 247 72 sitiunt:
773 328 205 72 manent
916 328 164 72 enim
1019 328 123 72 in
1081 328 247 72 Christo,
1266 328 103 72 &
1307 328 247 72 Christus
1492 328 123 72 in
1553 328 144 72 eis
1635 328 103 72 :
1676 328 164 72 sunt
1779 328 205 72 membra
1923 328 247 72 Christi,
2087 328 103 72 nec

497 394 296 77 moriuntur
725 394 137 77 in
793 394 296 77 aeternum.
1021 394 296 77 Contraria
1249 394 205 77 omnia
1385 394 273 77 apparent
1590 394 137 77 in
1658 394 182 77 luda
1772 394 114 77 &
1818 394 250 77 omnibus
2000 394 182 77 eius
2091 394 91 77 so

508 449 191 74 cijs:
635 449 169 74 ergo
741 449 275 74 increduli
952 449 148 74 non
1037 449 191 74 edunt
1164 449 212 74 corpus
1312 449 233 74 domini,
1482 449 148 74 nec
1566 449 212 74 bibunt
1714 449 169 74 eius
1820 449 296 74 sanguinem.
2032 449 148 74 Prae-

516 494 195 80 terea
646 494 325 80 indubitatum
907 494 152 80 est
994 494 217 80 nullam
1146 494 174 80 esse
1254 494 347 80 conuentionem
1536 494 195 80 inter
1666 494 260 80 Christum
1862 494 108 80 &
1905 494 239 80 Belial.
2079 494 152 80 Hoc

514 566 178 60 enim
625 566 357 60 pronunciauit
915 566 290 60 apostolus
1138 566 134 60 ex
1205 566 357 60 scripturarum
1495 566 245 60 unanimi
1674 566 290 60 consensu.
1897 566 201 60 ludas
2031 566 201 60 autem

510 608 132 70 ab
576 608 177 70 ipso
687 608 243 70 Christo
863 608 265 70 sathanas
1062 608 309 70 appellatur
1305 608 110 70 :
1349 608 177 70 ergo
1459 608 199 70 ludas
1592 608 155 70 non
1680 608 353 70 communicauit
1967 608 265 70 Christo.

512 674 186 64 Quod
628 674 140 64 si
698 674 233 64 omnino
861 674 396 64 contenderimus
1188 674 210 64 ludam
1328 674 210 64 ipsum
1467 674 233 64 domini
1631 674 233 64 corpus
1794 674 350 64 manducasse,
2050 674 140 64 pro-

509 721 209 77 fecto
648 721 348 77 adfrmabimus
927 721 209 77 impie
1066 721 255 77 Christi
1252 721 255 77 corpus,
1438 721 163 77 non
1531 721 186 77 modo
1647 721 302 77 inutilem,
1879 721 163 77 sed
1972 721 116 77 &
1995 721 186 77 noxium

507 778 179 84 esse
619 778 224 84 cibum.
776 778 269 84 Caeterum
978 778 224 84 pietas
1135 778 247 84 tradit,
1314 778 269 84 Christum
1516 778 381 84 semperomnibus
1830 778 202 84 ipsum
1965 778 179 84 uere
2054 778 135 84 man-

512 840 309 69 ducantibus
754 840 287 69 salutarem
975 840 176 69 esse
1085 840 220 69 cibum.
1239 840 242 69 Negauit
1416 840 176 69 ipse
1526 840 220 69 quoque
1680 840 309 69 Augustinus
1923 840 198 69 ludam
2033 840 154 69 ipsum

514 891 208 74 edisse
660 891 208 74 corpus
805 891 228 74 domini,
971 891 104 74 &
1013 891 228 74 bibisse
1179 891 166 74 eius
1283 891 291 74 sanguinem.
1511 891 249 74 Tractatu
1698 891 125 74 in
1761 891 187 74 Ioan.
1885 891 145 74 59.
1948 891 228 74 Apostoli-

510 957 262 60 inquit,
701 957 357 60 manducabant
987 957 214 60 panem
1130 957 286 60 dominum,
1344 957 214 60 ludas
1487 957 214 60 panem
1630 957 238 60 domini
1797 957 238 60 contra
1940 957 238 60 dominum,

516 1001 168 79 llli
621 1001 210 79 uitam:
768 1001 147 79 hic
852 1001 231 79 poenam.
1020 1001 168 79 Item
1125 1001 294 79 Tractatatu
1357 1001 147 79 26.
1441 1001 147 79 Qui
1525 1001 147 79 non
1609 1001 189 79 manet
1735 1001 126 79 in
1798 1001 252 79 Christo,
1987 1001 105 79 &
2029 1001 126 79 in
2071 1001 105 79 quo

510 1077 154 53 non
598 1077 199 53 manet
731 1077 287 53 Christus,
951 1077 331 53 proculdubio
1216 1077 154 53 nec
1304 1077 265 53 manducat
1503 1077 375 53 spiritualiter
1812 1077 221 53 carnem
1966 1077 199 53 eius.
2077 1077 110 53 nec

514 1130 189 62 bibit
640 1130 168 62 eius
745 1130 273 62 sanguinem
954 1130 105 62 :
996 1130 189 62 licet
1122 1130 294 62 carnaliter
1353 1130 105 62 &
1395 1130 315 62 uisibiliter
1647 1130 210 62 premat
1793 1130 252 62 dentibus
1961 1130 231 62 sacramen-

516 1166 154 82 tum
604 1166 264 82 corporis
802 1166 110 82 &
846 1166 286 82 sanguinis
1066 1166 264 82 Christi:
1264 1166 154 82 sed
1352 1166 198 82 magis
1485 1166 220 82 tantae
1639 1166 154 82 rei
1727 1166 330 82 sacramentum
1991 1166 132 82 ad
2035 1166 154 82 iudi-

507 1229 176 76 cium
617 1229 176 76 sibi
727 1229 263 76 manducat
924 1229 110 76 &
968 1229 219 76 bibit,
1122 1229 154 76 &c.
1209 1229 241 76 Similia
1385 1229 110 76 &
1429 1229 307 76 propemodum
1670 1229 263 76 clariora
1868 1229 219 76 tradit
2021 1229 176 76 lib.
2109 1229 88 76 de

524 1296 189 69 Ciuit,
656 1296 132 69 dei
732 1296 132 69 21.
807 1296 151 69 cap.
883 1296 94 69 25.

585 1342 266 68 Opponunt
784 1342 155 68 his
873 1342 133 68 S.
939 1342 199 68 Pauli
1072 1342 354 68 authoritatem
1359 1342 288 68 dicentis,
1581 1342 243 68 indigne
1758 1342 332 68 manducantes
2023 1342 155 68 non
2089 1342 89 68 pa

514 1398 145 78 nis
597 1398 269 78 manducati
804 1398 145 78 aut
886 1398 186 78 epoti
1010 1398 248 78 calicis,
1196 1398 145 78 sed
1279 1398 248 78 corporis
1465 1398 103 78 &
1506 1398 269 78 sanguinis
1713 1398 207 78 domini
1857 1398 186 78 fieri
1981 1398 186 78 reos:
2085 1398 103 78 hos

518 1456 171 72 item
625 1456 278 72 manducare
839 1456 107 72 &
882 1456 214 72 bibere
1032 1456 171 72 sibi
1139 1456 278 72 iudicium,
1353 1456 128 72 eo
1417 1456 171 72 quod
1524 1456 150 72 non
1610 1456 300 72 dijudicent
1845 1456 214 72 corpus
1995 1456 236 72 domini:

521 1512 188 74 unde
639 1512 330 74 necessario
898 1512 283 74 consequi
1110 1512 283 74 indignos
1322 1512 212 74 ipsum
1464 1512 236 74 domini
1629 1512 236 74 corpus
1794 1512 118 74 &
1841 1512 306 74 sanguinem
2053 1512 141 74 man-

517 1565 216 72 ducare
669 1565 108 72 &
712 1565 238 72 bibere,
885 1565 152 72 non
972 1565 216 72 tantum
1123 1565 303 72 sacramenta
1362 1565 260 72 corporis
1556 1565 108 72 &
1600 1565 281 72 sanguinis
1816 1565 260 72 Christi,
1989 1565 195 72 Respon-

519 1618 199 79 demus
651 1618 221 79 Paulum
806 1618 265 79 disertis
1004 1618 221 79 uerbis
1159 1618 154 79 ita
1247 1618 221 79 loqui,
1402 1618 265 79 Quisquis
1600 1618 221 79 ederit
1755 1618 199 79 panem
1887 1618 199 79 hunc,
2019 1618 110 79 &
2042 1618 154 79 bibe-

518 1689 154 63 rit
606 1689 132 63 de
672 1689 219 63 poculo
825 1689 241 63 domini,
1001 1689 154 63 &c.
1089 1689 132 63 En
1155 1689 154 63 qui
1242 1689 219 63 ederit
1396 1689 198 63 panem
1528 1689 198 63 hunc,
1659 1689 241 63 inquit,
1835 1689 110 63 &
1879 1689 132 63 de
1945 1689 219 63 poculo
2076 1689 110 63 bi-

521 1733 189 68 berit
647 1733 252 68 indigne:
836 1733 147 68 non
920 1733 189 68 autem
1045 1733 210 68 dicit.
1192 1733 147 68 Qui
1276 1733 210 68 ederit
1423 1733 210 68 carnem
1570 1733 105 68 &
1612 1733 231 68 biberit
1779 1733 273 68 sanguinem
1968 1733 210 68 indigne-

519 1791 152 73 Nam
606 1791 152 73 qui
693 1791 195 73 ipsum
823 1791 238 73 dominum
996 1791 217 73 edunt,
1148 1791 152 73 non
1234 1791 217 73 carent
1386 1791 195 73 fide,
1516 1791 130 73 ac
1581 1791 195 73 manet
1711 1791 260 73 Christus
1906 1791 130 73 in
1971 1791 217 73 ipsis,
2123 1791 108 73 &

527 1852 162 65 ipsi
628 1852 121 65 in
689 1852 182 65 illo.
810 1852 121 65 Si
871 1852 182 65 autem
992 1852 222 65 miraris
1154 1852 182 65 adhuc
1275 1852 222 65 quomodo
1437 1852 263 65 increduli
1639 1852 222 65 possint
1801 1852 142 65 rei
1882 1852 182 65 fieri
1983 1852 202 65 corporis

528 1914 104 66 &
570 1914 271 66 sanguinis
778 1914 229 66 domini,
945 1914 146 66 non
1029 1914 167 66 nisi
1133 1914 396 66 facramentaliter
1466 1914 292 66 manducati,
1696 1914 125 66 ex
1758 1914 188 66 alijs
1883 1914 146 66 hoc
1946 1914 250 66 scripturae

515 1964 201 75 locis
649 1964 268 75 discito.
850 1964 179 75 Apud
962 1964 246 75 Ioannem
1141 1964 201 75 dicit
1275 1964 268 75 dominus,
1476 1964 179 75 Amen
1588 1964 179 75 amen
1700 1964 179 75 dico
1812 1964 224 75 uobis,
1968 1964 157 75 qui
2035 1964 157 75 reci-

530 2011 145 70 pit
613 2011 291 70 quemcunque
842 2011 228 70 misero,
1008 2011 125 70 me
1070 2011 249 70 recipit:
1257 2011 145 70 qui
1340 2011 187 70 autem
1465 2011 125 70 me
1527 2011 249 70 recipit,
1714 2011 228 70 recipit
1880 2011 145 70 eum
1964 2011 145 70 qui
2047 2011 125 70 me
2088 2011 104 70 mi-

528 2070 161 70 sit.
629 2070 161 70 Ergo
729 2070 141 70 qui
810 2070 262 70 apostolum
1012 2070 141 70 non
1092 2070 242 70 recipit,
1274 2070 141 70 non
1354 2070 121 70 in
1415 2070 262 70 apostolum
1617 2070 222 70 peccat,
1778 2070 141 70 sed
1858 2070 121 70 in
1919 2070 181 70 ipsum
2040 2070 181 70 deum,

520 2125 190 78 licet
647 2125 233 78 interim
816 2125 190 78 ipsum
943 2125 169 78 deum
1048 2125 148 78 nec
1133 2125 254 78 uiderit,
1323 2125 148 78 nec
1408 2125 275 78 repulisse
1619 2125 211 78 uideri
1767 2125 211 78 uelit.
1915 2125 190 78 Iudex
2021 2125 169 78 dictu-

519 2190 144 70 rus
602 2190 226 70 legitur
766 2190 123 70 ad
828 2190 308 70 constitutos
1074 2190 123 70 in
1136 2190 267 70 sinistra,
1341 2190 267 70 Discedite
1546 2190 103 70 a
1587 2190 123 70 me
1649 2190 267 70 maledicti
1854 2190 123 70 in
1916 2190 185 70 ignem
2019 2190 164 70 aeter-

506 2252 178 62 num.
617 2252 244 62 Esuriui
795 2252 178 62 enim
906 2252 111 62 &
950 2252 155 62 non
1039 2252 267 62 dedistis
1239 2252 178 62 mihi
1350 2252 222 62 cibum.
1505 2252 222 62 Sitiui
1661 2252 111 62 &
1705 2252 155 62 non
1794 2252 267 62 dedistis
1994 2252 178 62 mihi
2083 2252 111 62 po-

515 2293 158 69 tum
606 2293 158 69 &c.
696 2293 203 69 Verum
831 2293 180 69 audi
944 2293 248 69 quomodo
1125 2293 293 69 excepturi
1350 2293 180 69 sint
1463 2293 203 69 impij
1598 2293 180 69 hanc
1711 2293 248 69 iudicis
1892 2293 338 69 sententiam.

512 2357 231 68 Domine
674 2357 231 68 quando
836 2357 255 68 uidimus
1021 2357 139 68 te
1090 2357 347 68 esurientem,
1368 2357 162 68 aut
1461 2357 324 68 sitientem,
1715 2357 116 68 &
1761 2357 162 68 non
1831 2357 347 68 ministrauimus

511 2411 192 72 tibi?
639 2411 150 72 Sed
724 2411 171 72 audi
831 2411 257 72 uicissim
1024 2411 171 72 quid
1131 2411 321 72 responsurus
1387 2411 150 72 sit
1473 2411 214 72 iudex,
1622 2411 171 72 Amen
1729 2411 171 72 dico
1836 2411 214 72 uobis,
1964 2411 214 72 quatenus

511 2471 144 67 non
594 2471 246 67 fecistis
778 2471 144 67 uni
860 2471 123 67 de
922 2471 226 67 minimis
1086 2471 164 67 his,
1188 2471 144 67 nec
1270 2471 164 67 mihi
1373 2471 267 67 fecistis.
1578 2471 185 67 Sicut
1701 2471 164 67 ergo
1803 2471 123 67 in
1865 2471 185 67 ipsum
1988 2471 246 67 Christum

513 2536 277 64 peccauit,
726 2536 149 64 qui
811 2536 256 64 peccauit
1003 2536 128 64 in
1067 2536 298 64 ministrum,
1302 2536 149 64 aut
1387 2536 277 64 mendicum,
1600 2536 171 64 etsi
1707 2536 235 64 interim
1877 2536 235 64 Christi
2026 2536 171 64 perso-

514 2580 140 67 nam
594 2580 179 67 nihil
713 2580 259 67 laeserit:
913 2580 140 67 ita
993 2580 239 67 corporis
1172 2580 100 67 &
1212 2580 259 67 sanguinis
1411 2580 219 67 Christi
1571 2580 160 67 reus
1671 2580 160 67 fit,
1770 2580 239 67 quisquis
1930 2580 259 67 sacramentum

505 2633 262 71 corporis
702 2633 109 71 &
745 2633 284 71 sanguinis
964 2633 240 71 Christi
1138 2633 240 71 indigne
1313 2633 306 71 sumpserit,
1553 2633 240 71 tametsi
1728 2633 240 71 interim
1902 2633 196 71 ipsum
2011 2633 175 71 corpus

517 2691 103 64 &
559 2691 269 64 sanguinem
765 2691 207 64 domini
910 2691 145 64 non
993 2691 269 64 hauserit.
1200 2691 124 64 S.
1262 2691 207 64 Paulus
1406 2691 186 64 alibi
1530 2691 186 64 dicit
1654 2691 269 64 apostatas
1861 2691 124 64 ab
1923 2691 227 64 integro
2068 2691 124 64 rur-

507 2742 146 71 sus
591 2742 334 71 sibimetipsis
862 2742 313 71 crucifigere
1113 2742 209 71 filium
1259 2742 167 71 dei.
1363 2742 188 71 Atque
1489 2742 167 71 idem
1593 2742 188 71 alibi
1719 2742 188 71 negat
1844 2742 188 71 modis
1969 2742 251 71 omnibus,

508 2799 246 72 Christum
693 2799 144 72 uel
775 2799 287 72 crucifigi,
1001 2799 144 72 uel
1083 2799 164 72 mori
1185 2799 205 72 posse.
1329 2799 226 72 Proinde
1493 2799 144 72 non
1575 2799 205 72 potest
1718 2799 205 72 iterum
1862 2799 267 72 crucifigi
2046 2799 144 72 Chri-

508 2855 161 83 stus
609 2855 121 83 ab
669 2855 282 83 apostatis,
891 2855 222 83 interim
1052 2855 182 83 tamen
1173 2855 182 83 foeda
1294 2855 222 83 ipsorum
1456 2855 242 83 defectio
1637 2855 141 83 sic
1718 2855 303 83 aestimatur,
1960 2855 182 83 quasi
2061 2855 121 83 cru-

501 2906 324 101 cifixissent
761 2906 216 101 filium
912 2906 173 101 dei.
1020 2906 259 101 Vtcunque
1215 2906 173 101 ergo
1323 2906 195 101 impij
1453 2906 151 101 non
1539 2906 195 101 edant
1669 2906 195 101 ipsum
1799 2906 216 101 domini
1950 2906 238 101 corpus,
2123 2906 108 101 &
