2288 3632
500 278 155 81 nos
589 278 200 81 omnes
722 278 177 81 unum
832 278 133 81 in
899 278 222 81 seipso
1054 278 177 81 esse
1165 278 222 81 facit,
1320 278 155 81 ita
1409 278 177 81 unam
1520 278 222 81 omnium
1675 278 244 81 animam,
1852 278 155 81 cor
1941 278 200 81 unum,
2052 278 133 81 lin-

505 361 179 58 guam
617 361 179 58 unam
729 361 202 58 nobis
863 361 246 58 omnibus
1042 361 269 58 optemus.
1244 361 179 58 Haec
1356 361 134 58 si
1423 361 269 58 perpensa
1625 361 134 58 et
1692 361 269 58 meditata
1894 361 336 58 habuerimus,

507 411 253 64 nunquam
691 411 161 64 nos
783 411 207 64 illae
921 411 368 64 cogitationes
1219 411 391 64 perturbabunt,
1541 411 161 64 Nos
1633 411 253 64 bonorum
1816 411 230 64 omnium
1977 411 207 64 egeni
2115 411 115 64 &

509 469 203 64 nudi,
645 469 158 64 nos
735 469 316 64 peccatorum
984 469 271 64 sordibus
1187 469 316 64 inquinati,
1436 469 158 64 nos
1527 469 316 64 semimortui
1775 469 249 64 quomodo
1956 469 226 64 corpus
2092 469 90 64 do

515 519 186 70 mini
631 519 210 70 digne
771 519 396 70 manducaremus?
1097 519 210 70 Magis
1237 519 349 70 cogitabimus
1516 519 163 70 nos
1610 519 280 70 pauperes
1819 519 233 70 uenire
1982 519 140 70 ad
2029 519 163 70 beni-

510 575 176 72 gnum
620 575 331 72 largitorem,
885 575 221 72 aegros
1039 575 132 72 ad
1105 575 265 72 medicum,
1304 575 309 72 peccatores
1546 575 132 72 ad
1613 575 331 72 saluatorem.
1877 575 309 72 Dignitatem
2098 575 88 72 il

520 629 163 64 lam,
621 629 163 64 quae
723 629 102 64 a
764 629 142 64 deo
845 629 264 64 mandatur,
1049 629 163 64 fide
1150 629 264 64 praecipue
1354 629 264 64 constare,
1557 629 163 64 quae
1659 629 183 64 omnia
1781 629 122 64 in
1842 629 163 64 deo,
1944 629 183 64 nihil
2066 629 122 64 in
2107 629 81 64 no

518 682 142 58 bis
599 682 243 58 reponit:
781 682 202 58 deinde
923 682 283 58 charitate,
1145 682 101 58 &
1186 682 121 58 ea
1247 682 202 58 quidem
1388 682 182 58 ipsa,
1510 682 162 58 quam
1611 682 142 58 deo
1692 682 304 58 imperfectam
1935 682 223 58 offerre
2077 682 101 58 sa-

516 740 136 68 tis
593 740 156 68 sit,
691 740 117 68 ut
749 740 175 68 ipsam
866 740 117 68 in
925 740 195 68 melius
1061 740 214 68 augeat,
1217 740 195 68 quando
1353 740 253 68 praestari
1548 740 195 68 solida
1684 740 136 68 non
1762 740 214 68 potest.
1918 740 195 68 Tantum
2054 740 156 68 ille

575 793 162 71 llla
676 793 162 71 uero
777 793 162 71 dixi
878 793 242 71 hactenus
1060 793 121 71 de
1120 793 303 71 sanctissima
1363 793 202 71 domini
1504 793 202 71 nostri
1646 793 162 71 Iesu
1747 793 222 71 Christi
1908 793 202 71 Coena,
2029 793 162 71 sacra-

522 849 193 71 mento
650 849 365 71 Christianorum
951 849 408 71 praestantissimo
1295 849 107 71 &
1338 849 344 71 saluberrimo,
1617 849 150 71 cui
1703 849 150 71 mox
1789 849 129 71 ab
1853 849 236 71 initio,
2025 849 107 71 &
2047 849 150 71 uiuen

516 915 175 66 tibus
632 915 175 66 adhuc
749 915 272 66 apostolis,
963 915 195 66 sathan
1099 915 214 66 salutis
1255 915 214 66 nostrae
1411 915 331 66 infensissimus
1683 915 214 66 hostis,
1839 915 292 66 insidiatus,
2053 915 136 66 ipsam

511 978 216 53 multis
663 978 238 53 conatus
836 978 151 53 est
922 978 281 53 adobruere
1138 978 476 53 contaminationibus:
1549 978 108 53 a
1593 978 216 53 quibus
1744 978 151 53 cum
1830 978 238 53 tempore
2003 978 151 53 iam
2068 978 130 53 ali-

525 1021 138 68 quo
604 1021 255 68 fideliter
800 1021 138 68 sit
879 1021 275 68 repurgata,
1095 1021 138 68 non
1174 1021 216 68 desinit
1331 1021 157 68 ille
1429 1021 157 68 eam,
1527 1021 157 68 quae
1625 1021 255 68 ecclesiae
1822 1021 196 68 cessit
1959 1021 118 68 in
1999 1021 196 68 symbolum

518 1069 267 75 foederis
718 1069 245 75 nunquam
896 1069 289 75 rumpendi,
1118 1069 156 75 ceu
1207 1069 222 75 glomum
1363 1069 245 75 aliquem
1541 1069 222 75 litium
1697 1069 267 75 obiicere
1897 1069 111 75 &
1919 1069 267 75 insinuare.

530 1135 162 67 Vnde
631 1135 222 67 ipsares
793 1135 101 67 &
833 1135 182 67 salus
954 1135 202 67 nostra
1096 1135 263 67 requirit,
1298 1135 121 67 ut
1359 1135 222 67 uigiles
1521 1135 182 67 locum
1642 1135 263 67 tentatori
1844 1135 202 67 nullum
1986 1135 243 67 cedamus,

516 1184 154 67 sed
604 1184 198 67 omnes
736 1184 132 67 in
803 1184 243 67 Christo
979 1184 287 67 concordes
1200 1184 110 67 &
1244 1184 132 67 in
1310 1184 176 67 unum
1420 1184 176 67 sper
1530 1184 221 67 coenae
1685 1184 375 67 celebrationem
1994 1184 243 67 fidelem

519 1251 220 66 corpus
673 1251 286 66 compacti,
893 1251 220 66 amemus
1047 1251 154 66 nos
1135 1251 220 66 mutuo,
1289 1251 132 66 et
1355 1251 264 66 aeternas
1553 1251 220 66 agamus
1707 1251 242 66 gratias
1883 1251 286 66 redeptori
2081 1251 110 66 no-

513 1299 166 71 stro
617 1299 228 71 Christo
783 1299 207 71 domino
928 1299 104 71 :
969 1299 145 71 cui
1052 1299 145 71 sit
1135 1299 166 71 laus
1239 1299 104 71 &
1280 1299 207 71 gloria
1425 1299 166 71 nunc
1529 1299 104 71 &
1570 1299 187 71 usque
1695 1299 124 71 in
1757 1299 269 71 saeculum,
1964 1299 187 71 Amen,
2068 1299 124 71 Amen

665 1407 90 72 De
710 1407 195 72 quibuldam
860 1407 195 72 ecclesiae
1010 1407 105 72 dei
1071 1407 225 72 institutis.
1251 1407 90 72 De
1296 1407 180 72 scholis.
1431 1407 90 72 De
1476 1407 135 72 bonis
1566 1407 285 72 ecclesiasticis,
1807 1407 90 72 &x
1852 1407 135 72 horum
1942 1407 105 72 usu
1987 1407 60 72 ex

669 1472 163 66 abusu.
783 1472 98 66 De
832 1472 180 66 templis
963 1472 82 66 &
996 1472 262 66 instrumentis
1208 1472 278 66 Christianorum
1437 1472 180 66 sacris.
1568 1472 98 66 De
1617 1472 245 66 admonitione
1813 1472 82 66 &
1829 1472 213 66 correctione

666 1522 230 70 ministrorum
849 1522 214 70 ecclesiae,
1018 1522 168 70 adeoque
1140 1522 153 70 totius
1248 1522 214 70 ecclesiae.
1416 1522 92 70 De
1462 1522 230 70 matrimonio.
1646 1522 92 70 De
1692 1522 168 70 Viduis.
1814 1522 92 70 De
1845 1522 199 70 Virginibus,

669 1588 102 70 De
720 1588 221 70 Monachis.
890 1588 136 70 Quid
974 1588 136 70 agat
1059 1588 119 70 cum
1127 1588 187 70 egrotis
1263 1588 204 70 ecclesia
1415 1588 204 70 Christi,
1568 1588 85 70 &
1602 1588 102 70 de
1653 1588 221 70 funeribus
1822 1588 85 70 &
1839 1588 204 70 sepultura.

640 1631 404 81 SERMO
865 1631 180 81 X.

732 1743 247 68 ESTANT
905 1743 223 68 adhuc
1054 1743 272 68 quaedam
1252 1743 124 68 &
1301 1743 272 68 paucula
1499 1743 247 68 quidem
1672 1743 198 68 illa
1796 1743 346 68 explicanda
2044 1743 148 68 c.V.

736 1807 164 56 quae
839 1807 205 56 partim
983 1807 267 56 pertinent
1188 1807 123 56 ad
1250 1807 287 56 ministerij
1476 1807 349 56 ecclesiastici
1763 1807 349 56 institutionem
2050 1807 103 56 &
2071 1807 123 56 con-

741 1861 313 62 eruationem,
992 1861 209 62 partim
1138 1861 167 62 uero
1243 1861 167 62 sunt
1347 1861 293 62 peculiaria
1577 1861 230 62 quaedam
1744 1861 272 62 ecclesiae
1932 1861 251 62 instituta-

731 1919 220 63 quibus
885 1919 176 63 haec
995 1919 220 63 carere
1149 1919 154 63 non
1237 1919 242 63 potest.
1413 1919 132 63 De
1479 1919 220 63 quibus
1633 1919 154 63 hoc
1721 1919 242 63 Sermone
1897 1919 242 63 Decadis
2051 1919 154 63 huius

535 1964 232 77 ultimo,
704 1964 169 77 quae
809 1964 190 77 loqui
936 1964 232 77 dederit
1104 1964 253 77 dominus,
1294 1964 211 77 quanta
1442 1964 211 77 potero
1589 1964 295 77 breuitate,
1800 1964 253 77 explicabo,

572 2028 192 63 Ante
692 2028 215 63 omnia
835 2028 287 63 sciendum
1051 2028 192 63 est,
1171 2028 263 63 dominum
1362 2028 192 63 deum
1482 2028 263 63 nostrum
1673 2028 168 63 non
1769 2028 287 63 onerasse
1985 2028 144 63 in
2032 2028 168 63 immen

526 2085 142 64 sum
607 2085 244 64 extensis
790 2085 223 64 legibus
952 2085 101 64 &
993 2085 304 64 institutis,
1236 2085 264 64 ecclesiam
1439 2085 183 64 suam,
1561 2085 142 64 sed
1642 2085 223 64 paucula
1804 2085 142 64 seu
1886 2085 244 64 numerata
2048 2085 142 64 quae-

525 2142 141 66 dam
605 2142 242 66 dedisse,
787 2142 181 66 eaque
908 2142 141 66 non
988 2142 282 66 sumptuosa,
1210 2142 141 66 nec
1290 2142 262 66 intricata
1492 2142 141 66 aut
1572 2142 242 66 prolixa,
1754 2142 141 66 sed
1834 2142 262 66 frugalia,
2016 2142 181 66 simpli-

525 2205 171 65 cia,
632 2205 257 65 exposita
825 2205 107 65 &
867 2205 300 65 iuccincta.
1103 2205 171 65 Olim
1210 2205 150 65 cum
1296 2205 171 65 lege
1403 2205 193 65 lata,
1532 2205 214 65 populo
1682 2205 150 65 suo
1767 2205 214 65 cultum
1917 2205 236 65 alioqui
2067 2205 129 65 sum-

520 2257 298 65 ptuosiorem
754 2257 320 65 institueret
1010 2257 256 65 dominus,
1202 2257 192 65 certa
1329 2257 213 65 tamen,
1479 2257 256 65 numerata
1670 2257 128 65 et
1734 2257 256 65 moderata
1926 2257 192 65 erant
2033 2257 170 65 omnia:

528 2309 143 60 nec
609 2309 225 60 uolebat
773 2309 143 60 his
855 2309 164 60 addi
957 2309 143 60 uel
1039 2309 184 60 adimi
1161 2309 143 60 pro
1243 2309 245 60 arbitrio
1427 2309 225 60 hominum
1591 2309 245 60 aliquid,
1775 2309 143 60 uel
1856 2309 204 60 aliter
2000 2309 164 60 quam
2081 2309 123 60 ipse

512 2367 330 58 instituisset
781 2367 269 58 usurpari.
987 2367 165 58 Quis
1091 2367 165 58 ergo
1194 2367 248 58 crederet
1380 2367 227 58 dominum
1545 2367 269 58 ecclesiae
1752 2367 165 58 noui
1855 2367 145 58 sui
1937 2367 227 58 populi,
2082 2367 124 58 post

516 2421 284 69 abrogatam
735 2421 219 69 legem,
888 2421 306 69 sumptuosam
1128 2421 131 69 et
1194 2421 131 69 in
1259 2421 262 69 immensum
1456 2421 262 69 extensam
1653 2421 306 69 tradidisse
1893 2421 350 69 disciplinam?

514 2480 297 50 Sumptuosa
743 2480 183 50 ergo
857 2480 114 50 &
903 2480 251 50 immensa
1086 2480 206 50 omnia
1223 2480 137 50 in
1291 2480 274 50 ecclesia
1497 2480 206 50 fecit
1634 2480 229 50 partim
1794 2480 274 50 pastorum
2000 2480 114 50 &
2023 2480 183 50 proce-

519 2536 146 64 rum
602 2536 270 64 ecclesiae
810 2536 270 64 auaritia,
1018 2536 208 64 partim
1164 2536 291 64 prodigiosa
1393 2536 312 64 superstitio
1642 2536 229 64 plebis.
1809 2536 250 64 Teneamus
1996 2536 166 64 nos,
2079 2536 125 64 domi

521 2590 146 73 num
604 2590 166 73 deum
708 2590 229 73 nostrum
875 2590 229 73 admodum
1041 2590 208 73 pauca,
1187 2590 146 73 nec
1270 2590 166 73 nisi
1374 2590 291 73 necessaria
1603 2590 166 73 suae
1707 2590 312 73 instituisse
1956 2590 291 73 ccclesiae:

516 2646 232 63 ideoque
685 2646 232 63 omnibus
854 2646 190 63 nobis
981 2646 296 63 annitendum
1213 2646 190 63 esse,
1340 2646 127 63 ne
1403 2646 296 63 adobruatur
1636 2646 254 63 ecclesia
1826 2646 359 63 traditionibus
2121 2646 127 63 et

523 2704 278 68 institutis
742 2704 139 68 non
821 2704 119 68 ab
881 2704 159 68 ipso
980 2704 139 68 deo
1060 2704 278 68 profectis.
1279 2704 179 68 Satis
1398 2704 258 68 magnifice
1597 2704 199 68 ornata
1736 2704 99 68 &
1776 2704 258 68 instructa
1974 2704 139 68 est
2034 2704 159 68 eccle-

526 2757 131 74 sia
601 2757 150 74 dei,
695 2757 113 74 si
752 2757 188 74 teneat
883 2757 131 74 dei
958 2757 94 74 &
996 2757 188 74 domini
1127 2757 131 74 sui
1184 2757 225 74 instituta.

517 2827 275 65 Praecipua
728 2827 190 65 autem
855 2827 106 65 &
898 2827 254 65 primaria
1088 2827 275 65 ecclesiae
1299 2827 148 65 dei
1384 2827 212 65 capita
1532 2827 254 65 pietatis
1723 2827 190 65 sunt,
1849 2827 254 65 Doctrina
2019 2827 190 65 syncera

516 2863 197 85 legis
648 2863 110 85 &
691 2863 351 85 prophetarum,
976 2863 241 85 Christi
1151 2863 110 85 &
1195 2863 351 85 apostolorum.
1480 2863 219 85 Oratio
1633 2863 241 85 fidelis
1809 2863 153 85 uni
1896 2863 153 85 deo
1984 2863 153 85 per
2050 2863 153 85 solum

518 2927 251 81 Christum
706 2927 230 81 oblata,
874 2927 272 81 Religiosa
1083 2927 167 81 item
1187 2927 314 81 legitimaque
1438 2927 355 81 sacramentorum
1731 2927 230 81 Christi
1877 2927 314 81 administratio
