<?xml version="1.0" encoding="UTF-8"?>
<alto xmlns:xsi="http://www.w3.org/2001/XMLSchema-instance"
      xmlns="http://www.loc.gov/standards/alto/ns-v2#"
      xmlns:page="http://schema.primaresearch.org/PAGE/gts/pagecontent/2013-07-15"
      xsi:schemaLocation="http://www.loc.gov/standards/alto/ns-v2# http://www.loc.gov/standards/alto/alto.xsd">
   <Description>
      <MeasurementUnit>pixel</MeasurementUnit>
      <OCRProcessing ID="IdOcr">
         <ocrProcessingStep>
            <processingDateTime>2020-08-08T18:24:23.42-04:00</processingDateTime>
            <processingSoftware>
               <softwareCreator>READ COOP</softwareCreator>
               <softwareName>Transkribus</softwareName>
            </processingSoftware>
         </ocrProcessingStep>
      </OCRProcessing>
   </Description>
   <Tags/>
   <Layout>
      <Page ID="Page1" PHYSICAL_IMG_NR="1" HEIGHT="3632" WIDTH="2288">
         <TopMargin HEIGHT="0" WIDTH="2288" VPOS="0" HPOS="0"/>
         <LeftMargin HEIGHT="3632" WIDTH="0" VPOS="0" HPOS="0"/>
         <RightMargin HEIGHT="3632" WIDTH="0" VPOS="0" HPOS="2288"/>
         <BottomMargin HEIGHT="0" WIDTH="2288" VPOS="3632" HPOS="0"/>
         <PrintSpace HEIGHT="3632" WIDTH="2288" VPOS="0" HPOS="0">
            <TextBlock ID="TextRegion_1593818933928_1794"
                       HEIGHT="2830"
                       WIDTH="1667"
                       VPOS="237"
                       HPOS="110">
               <Shape>
                  <Polygon POINTS="110,237 1777,237 1777,297 1774,2486 1773,3067 110,3067"/>
               </Shape>
               <TextLine ID="line_1593818914830_1789"
                         BASELINE="376"
                         HEIGHT="110"
                         WIDTH="1675"
                         VPOS="266"
                         HPOS="103">
                  <String HEIGHT="110" WIDTH="107" VPOS="266" HPOS="82" CONTENT="&amp;"/>
                  <SP HEIGHT="110" WIDTH="21" VPOS="266" HPOS="189"/>
                  <String HEIGHT="110"
                          WIDTH="301"
                          VPOS="266"
                          HPOS="124"
                          CONTENT="perceptio."/>
                  <SP HEIGHT="110" WIDTH="21" VPOS="266" HPOS="425"/>
                  <String HEIGHT="110" WIDTH="129" VPOS="266" HPOS="361" CONTENT="De"/>
                  <SP HEIGHT="110" WIDTH="21" VPOS="266" HPOS="490"/>
                  <String HEIGHT="110"
                          WIDTH="215"
                          VPOS="266"
                          HPOS="425"
                          CONTENT="quibus"/>
                  <SP HEIGHT="110" WIDTH="21" VPOS="266" HPOS="640"/>
                  <String HEIGHT="110"
                          WIDTH="258"
                          VPOS="266"
                          HPOS="575"
                          CONTENT="hactenus"/>
                  <SP HEIGHT="110" WIDTH="21" VPOS="266" HPOS="833"/>
                  <String HEIGHT="110"
                          WIDTH="150"
                          VPOS="266"
                          HPOS="769"
                          CONTENT="per"/>
                  <SP HEIGHT="110" WIDTH="21" VPOS="266" HPOS="919"/>
                  <String HEIGHT="110"
                          WIDTH="236"
                          VPOS="266"
                          HPOS="855"
                          CONTENT="quinque"/>
                  <SP HEIGHT="110" WIDTH="21" VPOS="266" HPOS="1091"/>
                  <String HEIGHT="110"
                          WIDTH="236"
                          VPOS="266"
                          HPOS="1026"
                          CONTENT="Decades"/>
                  <SP HEIGHT="110" WIDTH="21" VPOS="266" HPOS="1263"/>
                  <String HEIGHT="110"
                          WIDTH="279"
                          VPOS="266"
                          HPOS="1198"
                          CONTENT="disserui."/>
                  <SP HEIGHT="110" WIDTH="21" VPOS="266" HPOS="1477"/>
                  <String HEIGHT="110"
                          WIDTH="236"
                          VPOS="266"
                          HPOS="1413"
                          CONTENT="Accedit"/>
                  <SP HEIGHT="110" WIDTH="21" VPOS="266" HPOS="1649"/>
                  <String HEIGHT="110"
                          WIDTH="193"
                          VPOS="266"
                          HPOS="1585"
                          CONTENT="illis"/>
                  <SP HEIGHT="110" WIDTH="21" VPOS="266" HPOS="1778"/>
                  <String HEIGHT="110" WIDTH="107" VPOS="266" HPOS="1714" CONTENT="&amp;"/>
                  <SP HEIGHT="110" WIDTH="21" VPOS="266" HPOS="1821"/>
                  <String HEIGHT="110" WIDTH="43" VPOS="266" HPOS="1735" CONTENT=""/>
               </TextLine>
               <TextLine ID="r1l5"
                         BASELINE="414"
                         HEIGHT="69"
                         WIDTH="1668"
                         VPOS="345"
                         HPOS="105">
                  <String HEIGHT="69"
                          WIDTH="289"
                          VPOS="345"
                          HPOS="83"
                          CONTENT="Charitas,"/>
                  <SP HEIGHT="69" WIDTH="22" VPOS="345" HPOS="372"/>
                  <String HEIGHT="69"
                          WIDTH="334"
                          VPOS="345"
                          HPOS="305"
                          CONTENT="comunicatio"/>
                  <SP HEIGHT="69" WIDTH="22" VPOS="345" HPOS="639"/>
                  <String HEIGHT="69"
                          WIDTH="178"
                          VPOS="345"
                          HPOS="572"
                          CONTENT="opum"/>
                  <SP HEIGHT="69" WIDTH="22" VPOS="345" HPOS="750"/>
                  <String HEIGHT="69" WIDTH="156" VPOS="345" HPOS="683" CONTENT="seu"/>
                  <SP HEIGHT="69" WIDTH="22" VPOS="345" HPOS="839"/>
                  <String HEIGHT="69"
                          WIDTH="378"
                          VPOS="345"
                          HPOS="772"
                          CONTENT="beneficentia."/>
                  <SP HEIGHT="69" WIDTH="22" VPOS="345" HPOS="1150"/>
                  <String HEIGHT="69" WIDTH="133" VPOS="345" HPOS="1084" CONTENT="De"/>
                  <SP HEIGHT="69" WIDTH="22" VPOS="345" HPOS="1217"/>
                  <String HEIGHT="69"
                          WIDTH="156"
                          VPOS="345"
                          HPOS="1150"
                          CONTENT="qua"/>
                  <SP HEIGHT="69" WIDTH="22" VPOS="345" HPOS="1306"/>
                  <String HEIGHT="69"
                          WIDTH="267"
                          VPOS="345"
                          HPOS="1239"
                          CONTENT="nonnihil"/>
                  <SP HEIGHT="69" WIDTH="22" VPOS="345" HPOS="1506"/>
                  <String HEIGHT="69"
                          WIDTH="222"
                          VPOS="345"
                          HPOS="1439"
                          CONTENT="dictum"/>
                  <SP HEIGHT="69" WIDTH="22" VPOS="345" HPOS="1662"/>
                  <String HEIGHT="69"
                          WIDTH="156"
                          VPOS="345"
                          HPOS="1595"
                          CONTENT="est"/>
                  <SP HEIGHT="69" WIDTH="22" VPOS="345" HPOS="1751"/>
                  <String HEIGHT="69"
                          WIDTH="111"
                          VPOS="345"
                          HPOS="1662"
                          CONTENT="De"
                          SUBS_TYPE="HypPart1"
                          SUBS_CONTENT="Decade"/>
                  <HYP CONTENT="-"/>
               </TextLine>
               <TextLine ID="r1l6"
                         BASELINE="484"
                         HEIGHT="83"
                         WIDTH="1657"
                         VPOS="401"
                         HPOS="122">
                  <String HEIGHT="83"
                          WIDTH="182"
                          VPOS="401"
                          HPOS="99"
                          CONTENT="cade"
                          SUBS_TYPE="HypPart2"
                          SUBS_CONTENT="Decade"/>
                  <SP HEIGHT="83" WIDTH="23" VPOS="401" HPOS="281"/>
                  <String HEIGHT="83"
                          WIDTH="227"
                          VPOS="401"
                          HPOS="213"
                          CONTENT="prima,"/>
                  <SP HEIGHT="83" WIDTH="23" VPOS="401" HPOS="440"/>
                  <String HEIGHT="83" WIDTH="113" VPOS="401" HPOS="372" CONTENT="&amp;"/>
                  <SP HEIGHT="83" WIDTH="23" VPOS="401" HPOS="485"/>
                  <String HEIGHT="83"
                          WIDTH="272"
                          VPOS="401"
                          HPOS="417"
                          CONTENT="dicentur"/>
                  <SP HEIGHT="83" WIDTH="23" VPOS="401" HPOS="689"/>
                  <String HEIGHT="83" WIDTH="136" VPOS="401" HPOS="621" CONTENT="in"/>
                  <SP HEIGHT="83" WIDTH="23" VPOS="401" HPOS="758"/>
                  <String HEIGHT="83" WIDTH="159" VPOS="401" HPOS="689" CONTENT="hoc"/>
                  <SP HEIGHT="83" WIDTH="23" VPOS="401" HPOS="848"/>
                  <String HEIGHT="83"
                          WIDTH="250"
                          VPOS="401"
                          HPOS="780"
                          CONTENT="Sermone"/>
                  <SP HEIGHT="83" WIDTH="23" VPOS="401" HPOS="1030"/>
                  <String HEIGHT="83"
                          WIDTH="227"
                          VPOS="401"
                          HPOS="962"
                          CONTENT="quoque"/>
                  <SP HEIGHT="83" WIDTH="23" VPOS="401" HPOS="1189"/>
                  <String HEIGHT="83"
                          WIDTH="295"
                          VPOS="401"
                          HPOS="1121"
                          CONTENT="nonnulla."/>
                  <SP HEIGHT="83" WIDTH="23" VPOS="401" HPOS="1416"/>
                  <String HEIGHT="83"
                          WIDTH="159"
                          VPOS="401"
                          HPOS="1348"
                          CONTENT="Nec"/>
                  <SP HEIGHT="83" WIDTH="23" VPOS="401" HPOS="1507"/>
                  <String HEIGHT="83"
                          WIDTH="182"
                          VPOS="401"
                          HPOS="1439"
                          CONTENT="alia"/>
                  <SP HEIGHT="83" WIDTH="23" VPOS="401" HPOS="1620"/>
                  <String HEIGHT="83"
                          WIDTH="250"
                          VPOS="401"
                          HPOS="1529"
                          CONTENT="comemorat"/>
               </TextLine>
               <TextLine ID="r1l7"
                         BASELINE="534"
                         HEIGHT="79"
                         WIDTH="1661"
                         VPOS="455"
                         HPOS="109">
                  <String HEIGHT="79"
                          WIDTH="210"
                          VPOS="455"
                          HPOS="88"
                          CONTENT="beatus"/>
                  <SP HEIGHT="79" WIDTH="21" VPOS="455" HPOS="298"/>
                  <String HEIGHT="79"
                          WIDTH="189"
                          VPOS="455"
                          HPOS="235"
                          CONTENT="Lucas"/>
                  <SP HEIGHT="79" WIDTH="21" VPOS="455" HPOS="424"/>
                  <String HEIGHT="79" WIDTH="126" VPOS="455" HPOS="361" CONTENT="in"/>
                  <SP HEIGHT="79" WIDTH="21" VPOS="455" HPOS="487"/>
                  <String HEIGHT="79"
                          WIDTH="210"
                          VPOS="455"
                          HPOS="424"
                          CONTENT="Actis,"/>
                  <SP HEIGHT="79" WIDTH="21" VPOS="455" HPOS="635"/>
                  <String HEIGHT="79"
                          WIDTH="294"
                          VPOS="455"
                          HPOS="572"
                          CONTENT="describens"/>
                  <SP HEIGHT="79" WIDTH="21" VPOS="455" HPOS="866"/>
                  <String HEIGHT="79"
                          WIDTH="210"
                          VPOS="455"
                          HPOS="803"
                          CONTENT="qualis"/>
                  <SP HEIGHT="79" WIDTH="21" VPOS="455" HPOS="1013"/>
                  <String HEIGHT="79"
                          WIDTH="210"
                          VPOS="455"
                          HPOS="950"
                          CONTENT="fuerit"/>
                  <SP HEIGHT="79" WIDTH="21" VPOS="455" HPOS="1160"/>
                  <String HEIGHT="79"
                          WIDTH="273"
                          VPOS="455"
                          HPOS="1097"
                          CONTENT="primitiua"/>
                  <SP HEIGHT="79" WIDTH="21" VPOS="455" HPOS="1371"/>
                  <String HEIGHT="79"
                          WIDTH="231"
                          VPOS="455"
                          HPOS="1307"
                          CONTENT="Christi"/>
                  <SP HEIGHT="79" WIDTH="21" VPOS="455" HPOS="1539"/>
                  <String HEIGHT="79"
                          WIDTH="147"
                          VPOS="455"
                          HPOS="1476"
                          CONTENT="per"/>
                  <SP HEIGHT="79" WIDTH="21" VPOS="455" HPOS="1623"/>
                  <String HEIGHT="79"
                          WIDTH="231"
                          VPOS="455"
                          HPOS="1539"
                          CONTENT="apostolos"/>
               </TextLine>
               <TextLine ID="r1l8"
                         BASELINE="600"
                         HEIGHT="89"
                         WIDTH="1666"
                         VPOS="511"
                         HPOS="116">
                  <String HEIGHT="89"
                          WIDTH="221"
                          VPOS="511"
                          HPOS="96"
                          CONTENT="fundata"/>
                  <SP HEIGHT="89" WIDTH="20" VPOS="511" HPOS="317"/>
                  <String HEIGHT="89"
                          WIDTH="221"
                          VPOS="511"
                          HPOS="257"
                          CONTENT="fidelis"/>
                  <SP HEIGHT="89" WIDTH="20" VPOS="511" HPOS="477"/>
                  <String HEIGHT="89"
                          WIDTH="261"
                          VPOS="511"
                          HPOS="417"
                          CONTENT="ecclesia,"/>
                  <SP HEIGHT="89" WIDTH="20" VPOS="511" HPOS="678"/>
                  <String HEIGHT="89" WIDTH="100" VPOS="511" HPOS="618" CONTENT="&amp;"/>
                  <SP HEIGHT="89" WIDTH="20" VPOS="511" HPOS="718"/>
                  <String HEIGHT="89"
                          WIDTH="161"
                          VPOS="511"
                          HPOS="658"
                          CONTENT="quae"/>
                  <SP HEIGHT="89" WIDTH="20" VPOS="511" HPOS="819"/>
                  <String HEIGHT="89"
                          WIDTH="261"
                          VPOS="511"
                          HPOS="758"
                          CONTENT="potissima"/>
                  <SP HEIGHT="89" WIDTH="20" VPOS="511" HPOS="1019"/>
                  <String HEIGHT="89"
                          WIDTH="161"
                          VPOS="511"
                          HPOS="959"
                          CONTENT="eius"/>
                  <SP HEIGHT="89" WIDTH="20" VPOS="511" HPOS="1120"/>
                  <String HEIGHT="89"
                          WIDTH="221"
                          VPOS="511"
                          HPOS="1059"
                          CONTENT="capita,"/>
                  <SP HEIGHT="89" WIDTH="20" VPOS="511" HPOS="1280"/>
                  <String HEIGHT="89"
                          WIDTH="181"
                          VPOS="511"
                          HPOS="1220"
                          CONTENT="Erant"/>
                  <SP HEIGHT="89" WIDTH="20" VPOS="511" HPOS="1401"/>
                  <String HEIGHT="89"
                          WIDTH="181"
                          VPOS="511"
                          HPOS="1340"
                          CONTENT="autem"/>
                  <SP HEIGHT="89" WIDTH="20" VPOS="511" HPOS="1521"/>
                  <String HEIGHT="89"
                          WIDTH="361"
                          VPOS="511"
                          HPOS="1461"
                          CONTENT="perseuerantes,"/>
                  <SP HEIGHT="89" WIDTH="20" VPOS="511" HPOS="1822"/>
                  <String HEIGHT="89" WIDTH="40" VPOS="511" HPOS="1742" CONTENT=""/>
               </TextLine>
               <TextLine ID="r1l10"
                         BASELINE="671"
                         HEIGHT="106"
                         WIDTH="1677"
                         VPOS="565"
                         HPOS="110">
                  <String HEIGHT="106"
                          WIDTH="243"
                          VPOS="565"
                          HPOS="88"
                          CONTENT="inquit,"/>
                  <SP HEIGHT="106" WIDTH="22" VPOS="565" HPOS="331"/>
                  <String HEIGHT="106" WIDTH="132" VPOS="565" HPOS="264" CONTENT="in"/>
                  <SP HEIGHT="106" WIDTH="22" VPOS="565" HPOS="397"/>
                  <String HEIGHT="106"
                          WIDTH="265"
                          VPOS="565"
                          HPOS="331"
                          CONTENT="doctrina"/>
                  <SP HEIGHT="106" WIDTH="22" VPOS="565" HPOS="595"/>
                  <String HEIGHT="106"
                          WIDTH="353"
                          VPOS="565"
                          HPOS="529"
                          CONTENT="apostolorum,"/>
                  <SP HEIGHT="106" WIDTH="22" VPOS="565" HPOS="882"/>
                  <String HEIGHT="106" WIDTH="110" VPOS="565" HPOS="816" CONTENT="&amp;"/>
                  <SP HEIGHT="106" WIDTH="22" VPOS="565" HPOS="926"/>
                  <String HEIGHT="106"
                          WIDTH="397"
                          VPOS="565"
                          HPOS="860"
                          CONTENT="comunicatione,"/>
                  <SP HEIGHT="106" WIDTH="22" VPOS="565" HPOS="1257"/>
                  <String HEIGHT="106" WIDTH="110" VPOS="565" HPOS="1191" CONTENT="&amp;"/>
                  <SP HEIGHT="106" WIDTH="22" VPOS="565" HPOS="1302"/>
                  <String HEIGHT="106"
                          WIDTH="287"
                          VPOS="565"
                          HPOS="1235"
                          CONTENT="fractione"/>
                  <SP HEIGHT="106" WIDTH="22" VPOS="565" HPOS="1522"/>
                  <String HEIGHT="106"
                          WIDTH="221"
                          VPOS="565"
                          HPOS="1456"
                          CONTENT="panis,"/>
                  <SP HEIGHT="106" WIDTH="22" VPOS="565" HPOS="1677"/>
                  <String HEIGHT="106" WIDTH="110" VPOS="565" HPOS="1610" CONTENT="&amp;"/>
                  <SP HEIGHT="106" WIDTH="22" VPOS="565" HPOS="1721"/>
                  <String HEIGHT="106"
                          WIDTH="154"
                          VPOS="565"
                          HPOS="1633"
                          CONTENT="preca"/>
               </TextLine>
               <TextLine ID="r1l11"
                         BASELINE="706"
                         HEIGHT="80"
                         WIDTH="1486"
                         VPOS="626"
                         HPOS="115">
                  <String HEIGHT="80"
                          WIDTH="268"
                          VPOS="626"
                          HPOS="94"
                          CONTENT="tionibus."/>
                  <SP HEIGHT="80" WIDTH="21" VPOS="626" HPOS="363"/>
                  <String HEIGHT="80" WIDTH="124" VPOS="626" HPOS="301" CONTENT="In"/>
                  <SP HEIGHT="80" WIDTH="21" VPOS="626" HPOS="425"/>
                  <String HEIGHT="80" WIDTH="144" VPOS="626" HPOS="363" CONTENT="his"/>
                  <SP HEIGHT="80" WIDTH="21" VPOS="626" HPOS="507"/>
                  <String HEIGHT="80"
                          WIDTH="206"
                          VPOS="626"
                          HPOS="445"
                          CONTENT="paucis"/>
                  <SP HEIGHT="80" WIDTH="21" VPOS="626" HPOS="652"/>
                  <String HEIGHT="80"
                          WIDTH="268"
                          VPOS="626"
                          HPOS="590"
                          CONTENT="capitibus"/>
                  <SP HEIGHT="80" WIDTH="21" VPOS="626" HPOS="858"/>
                  <String HEIGHT="80"
                          WIDTH="248"
                          VPOS="626"
                          HPOS="796"
                          CONTENT="uniuersa"/>
                  <SP HEIGHT="80" WIDTH="21" VPOS="626" HPOS="1044"/>
                  <String HEIGHT="80"
                          WIDTH="206"
                          VPOS="626"
                          HPOS="982"
                          CONTENT="pietas"/>
                  <SP HEIGHT="80" WIDTH="21" VPOS="626" HPOS="1188"/>
                  <String HEIGHT="80"
                          WIDTH="310"
                          VPOS="626"
                          HPOS="1126"
                          CONTENT="comprehensa"/>
                  <SP HEIGHT="80" WIDTH="21" VPOS="626" HPOS="1436"/>
                  <String HEIGHT="80"
                          WIDTH="248"
                          VPOS="626"
                          HPOS="1353"
                          CONTENT="consistit."/>
               </TextLine>
               <TextLine ID="r1l12"
                         BASELINE="765"
                         HEIGHT="86"
                         WIDTH="1609"
                         VPOS="679"
                         HPOS="178">
                  <String HEIGHT="86" WIDTH="154" VPOS="679" HPOS="156" CONTENT="Cum"/>
                  <SP HEIGHT="86" WIDTH="22" VPOS="679" HPOS="310"/>
                  <String HEIGHT="86"
                          WIDTH="309"
                          VPOS="679"
                          HPOS="244"
                          CONTENT="ministerio"/>
                  <SP HEIGHT="86" WIDTH="22" VPOS="679" HPOS="553"/>
                  <String HEIGHT="86"
                          WIDTH="375"
                          VPOS="679"
                          HPOS="487"
                          CONTENT="ecclesiastico"/>
                  <SP HEIGHT="86" WIDTH="22" VPOS="679" HPOS="861"/>
                  <String HEIGHT="86"
                          WIDTH="176"
                          VPOS="679"
                          HPOS="795"
                          CONTENT="sunt"/>
                  <SP HEIGHT="86" WIDTH="22" VPOS="679" HPOS="971"/>
                  <String HEIGHT="86"
                          WIDTH="287"
                          VPOS="679"
                          HPOS="905"
                          CONTENT="coniuncta"/>
                  <SP HEIGHT="86" WIDTH="22" VPOS="679" HPOS="1192"/>
                  <String HEIGHT="86"
                          WIDTH="176"
                          VPOS="679"
                          HPOS="1126"
                          CONTENT="quae"/>
                  <SP HEIGHT="86" WIDTH="22" VPOS="679" HPOS="1302"/>
                  <String HEIGHT="86"
                          WIDTH="309"
                          VPOS="679"
                          HPOS="1236"
                          CONTENT="sequuntur."/>
                  <SP HEIGHT="86" WIDTH="22" VPOS="679" HPOS="1545"/>
                  <String HEIGHT="86"
                          WIDTH="220"
                          VPOS="679"
                          HPOS="1478"
                          CONTENT="Primum"/>
                  <SP HEIGHT="86" WIDTH="22" VPOS="679" HPOS="1699"/>
                  <String HEIGHT="86"
                          WIDTH="198"
                          VPOS="679"
                          HPOS="1633"
                          CONTENT="autem"/>
                  <SP HEIGHT="86" WIDTH="22" VPOS="679" HPOS="1831"/>
                  <String HEIGHT="86" WIDTH="44" VPOS="679" HPOS="1743" CONTENT=""/>
               </TextLine>
               <TextLine ID="r1l14"
                         BASELINE="822"
                         HEIGHT="86"
                         WIDTH="1669"
                         VPOS="736"
                         HPOS="103">
                  <String HEIGHT="86"
                          WIDTH="200"
                          VPOS="736"
                          HPOS="81"
                          CONTENT="locum"/>
                  <SP HEIGHT="86" WIDTH="22" VPOS="736" HPOS="281"/>
                  <String HEIGHT="86"
                          WIDTH="223"
                          VPOS="736"
                          HPOS="214"
                          CONTENT="habent"/>
                  <SP HEIGHT="86" WIDTH="22" VPOS="736" HPOS="437"/>
                  <String HEIGHT="86"
                          WIDTH="245"
                          VPOS="736"
                          HPOS="370"
                          CONTENT="scholae"/>
                  <SP HEIGHT="86" WIDTH="22" VPOS="736" HPOS="615"/>
                  <String HEIGHT="86"
                          WIDTH="356"
                          VPOS="736"
                          HPOS="548"
                          CONTENT="Christianae,"/>
                  <SP HEIGHT="86" WIDTH="22" VPOS="736" HPOS="904"/>
                  <String HEIGHT="86"
                          WIDTH="223"
                          VPOS="736"
                          HPOS="837"
                          CONTENT="uberem"/>
                  <SP HEIGHT="86" WIDTH="22" VPOS="736" HPOS="1060"/>
                  <String HEIGHT="86"
                          WIDTH="334"
                          VPOS="736"
                          HPOS="993"
                          CONTENT="prophetarum"/>
                  <SP HEIGHT="86" WIDTH="22" VPOS="736" HPOS="1327"/>
                  <String HEIGHT="86"
                          WIDTH="156"
                          VPOS="736"
                          HPOS="1260"
                          CONTENT="uel"/>
                  <SP HEIGHT="86" WIDTH="22" VPOS="736" HPOS="1416"/>
                  <String HEIGHT="86"
                          WIDTH="334"
                          VPOS="736"
                          HPOS="1349"
                          CONTENT="ministrorum"/>
                  <SP HEIGHT="86" WIDTH="22" VPOS="736" HPOS="1683"/>
                  <String HEIGHT="86"
                          WIDTH="178"
                          VPOS="736"
                          HPOS="1594"
                          CONTENT="eccle"
                          SUBS_TYPE="HypPart1"
                          SUBS_CONTENT="ecclesiae"/>
                  <HYP CONTENT="-"/>
               </TextLine>
               <TextLine ID="r1l15"
                         BASELINE="884"
                         HEIGHT="96"
                         WIDTH="1656"
                         VPOS="788"
                         HPOS="115">
                  <String HEIGHT="96"
                          WIDTH="170"
                          VPOS="788"
                          HPOS="94"
                          CONTENT="siae"
                          SUBS_TYPE="HypPart2"
                          SUBS_CONTENT="ecclesiae"/>
                  <SP HEIGHT="96" WIDTH="21" VPOS="788" HPOS="264"/>
                  <String HEIGHT="96"
                          WIDTH="234"
                          VPOS="788"
                          HPOS="200"
                          CONTENT="segetem"/>
                  <SP HEIGHT="96" WIDTH="21" VPOS="788" HPOS="433"/>
                  <String HEIGHT="96"
                          WIDTH="340"
                          VPOS="788"
                          HPOS="370"
                          CONTENT="proferentes."/>
                  <SP HEIGHT="96" WIDTH="21" VPOS="788" HPOS="709"/>
                  <String HEIGHT="96"
                          WIDTH="361"
                          VPOS="788"
                          HPOS="646"
                          CONTENT="Intellexerunt"/>
                  <SP HEIGHT="96" WIDTH="21" VPOS="788" HPOS="1007"/>
                  <String HEIGHT="96"
                          WIDTH="191"
                          VPOS="788"
                          HPOS="943"
                          CONTENT="omnes"/>
                  <SP HEIGHT="96" WIDTH="21" VPOS="788" HPOS="1134"/>
                  <String HEIGHT="96"
                          WIDTH="212"
                          VPOS="788"
                          HPOS="1070"
                          CONTENT="gentes"/>
                  <SP HEIGHT="96" WIDTH="21" VPOS="788" HPOS="1283"/>
                  <String HEIGHT="96"
                          WIDTH="149"
                          VPOS="788"
                          HPOS="1219"
                          CONTENT="non"/>
                  <SP HEIGHT="96" WIDTH="21" VPOS="788" HPOS="1368"/>
                  <String HEIGHT="96"
                          WIDTH="212"
                          VPOS="788"
                          HPOS="1304"
                          CONTENT="omnino"/>
                  <SP HEIGHT="96" WIDTH="21" VPOS="788" HPOS="1516"/>
                  <String HEIGHT="96"
                          WIDTH="276"
                          VPOS="788"
                          HPOS="1453"
                          CONTENT="barbarae,"/>
                  <SP HEIGHT="96" WIDTH="21" VPOS="788" HPOS="1729"/>
                  <String HEIGHT="96"
                          WIDTH="127"
                          VPOS="788"
                          HPOS="1644"
                          CONTENT="sine"/>
               </TextLine>
               <TextLine ID="r1l16"
                         BASELINE="940"
                         HEIGHT="96"
                         WIDTH="1675"
                         VPOS="844"
                         HPOS="103">
                  <String HEIGHT="96"
                          WIDTH="222"
                          VPOS="844"
                          HPOS="83"
                          CONTENT="scholis"/>
                  <SP HEIGHT="96" WIDTH="20" VPOS="844" HPOS="305"/>
                  <String HEIGHT="96"
                          WIDTH="182"
                          VPOS="844"
                          HPOS="244"
                          CONTENT="nulla"/>
                  <SP HEIGHT="96" WIDTH="20" VPOS="844" HPOS="426"/>
                  <String HEIGHT="96"
                          WIDTH="202"
                          VPOS="844"
                          HPOS="365"
                          CONTENT="regna,"/>
                  <SP HEIGHT="96" WIDTH="20" VPOS="844" HPOS="567"/>
                  <String HEIGHT="96"
                          WIDTH="202"
                          VPOS="844"
                          HPOS="507"
                          CONTENT="nullas"/>
                  <SP HEIGHT="96" WIDTH="20" VPOS="844" HPOS="708"/>
                  <String HEIGHT="96"
                          WIDTH="222"
                          VPOS="844"
                          HPOS="648"
                          CONTENT="respub,"/>
                  <SP HEIGHT="96" WIDTH="20" VPOS="844" HPOS="870"/>
                  <String HEIGHT="96"
                          WIDTH="262"
                          VPOS="844"
                          HPOS="809"
                          CONTENT="feliciter"/>
                  <SP HEIGHT="96" WIDTH="20" VPOS="844" HPOS="1072"/>
                  <String HEIGHT="96"
                          WIDTH="283"
                          VPOS="844"
                          HPOS="1011"
                          CONTENT="conseruari"/>
                  <SP HEIGHT="96" WIDTH="20" VPOS="844" HPOS="1294"/>
                  <String HEIGHT="96"
                          WIDTH="202"
                          VPOS="844"
                          HPOS="1233"
                          CONTENT="posse."/>
                  <SP HEIGHT="96" WIDTH="20" VPOS="844" HPOS="1435"/>
                  <String HEIGHT="96"
                          WIDTH="202"
                          VPOS="844"
                          HPOS="1374"
                          CONTENT="Igitur"/>
                  <SP HEIGHT="96" WIDTH="20" VPOS="844" HPOS="1576"/>
                  <String HEIGHT="96"
                          WIDTH="262"
                          VPOS="844"
                          HPOS="1516"
                          CONTENT="Aegyptios"/>
                  <SP HEIGHT="96" WIDTH="20" VPOS="844" HPOS="1778"/>
                  <String HEIGHT="96" WIDTH="81" VPOS="844" HPOS="1697" CONTENT="am"/>
               </TextLine>
               <TextLine ID="r1l17"
                         BASELINE="983"
                         HEIGHT="74"
                         WIDTH="1656"
                         VPOS="909"
                         HPOS="116">
                  <String HEIGHT="74"
                          WIDTH="265"
                          VPOS="909"
                          HPOS="94"
                          CONTENT="plissima"/>
                  <SP HEIGHT="74" WIDTH="22" VPOS="909" HPOS="359"/>
                  <String HEIGHT="74"
                          WIDTH="331"
                          VPOS="909"
                          HPOS="293"
                          CONTENT="instituisse"/>
                  <SP HEIGHT="74" WIDTH="22" VPOS="909" HPOS="624"/>
                  <String HEIGHT="74"
                          WIDTH="309"
                          VPOS="909"
                          HPOS="558"
                          CONTENT="sacerdotum"/>
                  <SP HEIGHT="74" WIDTH="22" VPOS="909" HPOS="867"/>
                  <String HEIGHT="74" WIDTH="155" VPOS="909" HPOS="800" CONTENT="uel"/>
                  <SP HEIGHT="74" WIDTH="22" VPOS="909" HPOS="955"/>
                  <String HEIGHT="74"
                          WIDTH="420"
                          VPOS="909"
                          HPOS="889"
                          CONTENT="philosophantium"/>
                  <SP HEIGHT="74" WIDTH="22" VPOS="909" HPOS="1308"/>
                  <String HEIGHT="74"
                          WIDTH="265"
                          VPOS="909"
                          HPOS="1242"
                          CONTENT="collegia"/>
                  <SP HEIGHT="74" WIDTH="22" VPOS="909" HPOS="1507"/>
                  <String HEIGHT="74"
                          WIDTH="155"
                          VPOS="909"
                          HPOS="1441"
                          CONTENT="non"/>
                  <SP HEIGHT="74" WIDTH="22" VPOS="909" HPOS="1595"/>
                  <String HEIGHT="74"
                          WIDTH="177"
                          VPOS="909"
                          HPOS="1529"
                          CONTENT="modo"/>
                  <SP HEIGHT="74" WIDTH="22" VPOS="909" HPOS="1706"/>
                  <String HEIGHT="74"
                          WIDTH="155"
                          VPOS="909"
                          HPOS="1617"
                          CONTENT="Moses"/>
               </TextLine>
               <TextLine ID="r1l18"
                         BASELINE="1036"
                         HEIGHT="65"
                         WIDTH="1658"
                         VPOS="971"
                         HPOS="110">
                  <String HEIGHT="65" WIDTH="124" VPOS="971" HPOS="89" CONTENT="in"/>
                  <SP HEIGHT="65" WIDTH="21" VPOS="971" HPOS="214"/>
                  <String HEIGHT="65"
                          WIDTH="228"
                          VPOS="971"
                          HPOS="151"
                          CONTENT="Genesi,"/>
                  <SP HEIGHT="65" WIDTH="21" VPOS="971" HPOS="379"/>
                  <String HEIGHT="65" WIDTH="145" VPOS="971" HPOS="317" CONTENT="sed"/>
                  <SP HEIGHT="65" WIDTH="21" VPOS="971" HPOS="462"/>
                  <String HEIGHT="65" WIDTH="104" VPOS="971" HPOS="400" CONTENT="&amp;"/>
                  <SP HEIGHT="65" WIDTH="21" VPOS="971" HPOS="504"/>
                  <String HEIGHT="65"
                          WIDTH="207"
                          VPOS="971"
                          HPOS="442"
                          CONTENT="Strabo"/>
                  <SP HEIGHT="65" WIDTH="21" VPOS="971" HPOS="649"/>
                  <String HEIGHT="65"
                          WIDTH="311"
                          VPOS="971"
                          HPOS="587"
                          CONTENT="Geographiae"/>
                  <SP HEIGHT="65" WIDTH="21" VPOS="971" HPOS="898"/>
                  <String HEIGHT="65"
                          WIDTH="166"
                          VPOS="971"
                          HPOS="835"
                          CONTENT="lib."/>
                  <SP HEIGHT="65" WIDTH="21" VPOS="971" HPOS="1001"/>
                  <String HEIGHT="65" WIDTH="145" VPOS="971" HPOS="939" CONTENT="17."/>
                  <SP HEIGHT="65" WIDTH="21" VPOS="971" HPOS="1084"/>
                  <String HEIGHT="65"
                          WIDTH="207"
                          VPOS="971"
                          HPOS="1022"
                          CONTENT="author"/>
                  <SP HEIGHT="65" WIDTH="21" VPOS="971" HPOS="1229"/>
                  <String HEIGHT="65"
                          WIDTH="166"
                          VPOS="971"
                          HPOS="1167"
                          CONTENT="est."/>
                  <SP HEIGHT="65" WIDTH="21" VPOS="971" HPOS="1333"/>
                  <String HEIGHT="65"
                          WIDTH="269"
                          VPOS="971"
                          HPOS="1271"
                          CONTENT="Historiae"/>
                  <SP HEIGHT="65" WIDTH="21" VPOS="971" HPOS="1540"/>
                  <String HEIGHT="65"
                          WIDTH="207"
                          VPOS="971"
                          HPOS="1478"
                          CONTENT="quoque"/>
                  <SP HEIGHT="65" WIDTH="21" VPOS="971" HPOS="1685"/>
                  <String HEIGHT="65"
                          WIDTH="166"
                          VPOS="971"
                          HPOS="1602"
                          CONTENT="comme"
                          SUBS_TYPE="HypPart1"
                          SUBS_CONTENT="commemorant"/>
                  <HYP CONTENT="-"/>
               </TextLine>
               <TextLine ID="r1l19"
                         BASELINE="1099"
                         HEIGHT="80"
                         WIDTH="1677"
                         VPOS="1019"
                         HPOS="102">
                  <String HEIGHT="80"
                          WIDTH="215"
                          VPOS="1019"
                          HPOS="81"
                          CONTENT="morant"
                          SUBS_TYPE="HypPart2"
                          SUBS_CONTENT="commemorant"/>
                  <SP HEIGHT="80" WIDTH="22" VPOS="1019" HPOS="296"/>
                  <String HEIGHT="80"
                          WIDTH="344"
                          VPOS="1019"
                          HPOS="231"
                          CONTENT="celeberrimos"/>
                  <SP HEIGHT="80" WIDTH="22" VPOS="1019" HPOS="575"/>
                  <String HEIGHT="80"
                          WIDTH="237"
                          VPOS="1019"
                          HPOS="511"
                          CONTENT="quosque"/>
                  <SP HEIGHT="80" WIDTH="22" VPOS="1019" HPOS="747"/>
                  <String HEIGHT="80"
                          WIDTH="194"
                          VPOS="1019"
                          HPOS="683"
                          CONTENT="orbis"/>
                  <SP HEIGHT="80" WIDTH="22" VPOS="1019" HPOS="876"/>
                  <String HEIGHT="80"
                          WIDTH="194"
                          VPOS="1019"
                          HPOS="812"
                          CONTENT="uiros"/>
                  <SP HEIGHT="80" WIDTH="22" VPOS="1019" HPOS="1005"/>
                  <String HEIGHT="80"
                          WIDTH="344"
                          VPOS="1019"
                          HPOS="941"
                          CONTENT="percipiendae"/>
                  <SP HEIGHT="80" WIDTH="22" VPOS="1019" HPOS="1285"/>
                  <String HEIGHT="80"
                          WIDTH="301"
                          VPOS="1019"
                          HPOS="1220"
                          CONTENT="sapientiae"/>
                  <SP HEIGHT="80" WIDTH="22" VPOS="1019" HPOS="1521"/>
                  <String HEIGHT="80"
                          WIDTH="215"
                          VPOS="1019"
                          HPOS="1457"
                          CONTENT="gratia"/>
                  <SP HEIGHT="80" WIDTH="22" VPOS="1019" HPOS="1672"/>
                  <String HEIGHT="80"
                          WIDTH="194"
                          VPOS="1019"
                          HPOS="1586"
                          CONTENT="descen"
                          SUBS_TYPE="HypPart1"
                          SUBS_CONTENT="descendisse"/>
                  <HYP CONTENT="-"/>
               </TextLine>
               <TextLine ID="r1l20"
                         BASELINE="1141"
                         HEIGHT="64"
                         WIDTH="1664"
                         VPOS="1077"
                         HPOS="110">
                  <String HEIGHT="64"
                          WIDTH="200"
                          VPOS="1077"
                          HPOS="88"
                          CONTENT="disse"
                          SUBS_TYPE="HypPart2"
                          SUBS_CONTENT="descendisse"/>
                  <SP HEIGHT="64" WIDTH="22" VPOS="1077" HPOS="287"/>
                  <String HEIGHT="64" WIDTH="133" VPOS="1077" HPOS="221" CONTENT="in"/>
                  <SP HEIGHT="64" WIDTH="22" VPOS="1077" HPOS="354"/>
                  <String HEIGHT="64"
                          WIDTH="288"
                          VPOS="1077"
                          HPOS="287"
                          CONTENT="Aegyptum:"/>
                  <SP HEIGHT="64" WIDTH="22" VPOS="1077" HPOS="576"/>
                  <String HEIGHT="64" WIDTH="133" VPOS="1077" HPOS="509" CONTENT="in"/>
                  <SP HEIGHT="64" WIDTH="22" VPOS="1077" HPOS="642"/>
                  <String HEIGHT="64"
                          WIDTH="222"
                          VPOS="1077"
                          HPOS="576"
                          CONTENT="quorum"/>
                  <SP HEIGHT="64" WIDTH="22" VPOS="1077" HPOS="798"/>
                  <String HEIGHT="64"
                          WIDTH="222"
                          VPOS="1077"
                          HPOS="731"
                          CONTENT="numero"/>
                  <SP HEIGHT="64" WIDTH="22" VPOS="1077" HPOS="953"/>
                  <String HEIGHT="64" WIDTH="133" VPOS="1077" HPOS="887" CONTENT="et"/>
                  <SP HEIGHT="64" WIDTH="22" VPOS="1077" HPOS="1020"/>
                  <String HEIGHT="64"
                          WIDTH="200"
                          VPOS="1077"
                          HPOS="953"
                          CONTENT="Plato"/>
                  <SP HEIGHT="64" WIDTH="22" VPOS="1077" HPOS="1153"/>
                  <String HEIGHT="64"
                          WIDTH="177"
                          VPOS="1077"
                          HPOS="1086"
                          CONTENT="ille"/>
                  <SP HEIGHT="64" WIDTH="22" VPOS="1077" HPOS="1264"/>
                  <String HEIGHT="64"
                          WIDTH="377"
                          VPOS="1077"
                          HPOS="1197"
                          CONTENT="philosophorum"/>
                  <SP HEIGHT="64" WIDTH="22" VPOS="1077" HPOS="1574"/>
                  <String HEIGHT="64"
                          WIDTH="200"
                          VPOS="1077"
                          HPOS="1508"
                          CONTENT="alpha"/>
                  <SP HEIGHT="64" WIDTH="22" VPOS="1077" HPOS="1707"/>
                  <String HEIGHT="64"
                          WIDTH="155"
                          VPOS="1077"
                          HPOS="1619"
                          CONTENT="nume"
                          SUBS_TYPE="HypPart1"
                          SUBS_CONTENT="numeratur."/>
                  <HYP CONTENT="-"/>
               </TextLine>
               <TextLine ID="r1l21"
                         BASELINE="1212"
                         HEIGHT="75"
                         WIDTH="1658"
                         VPOS="1137"
                         HPOS="106">
                  <String HEIGHT="75"
                          WIDTH="215"
                          VPOS="1137"
                          HPOS="84"
                          CONTENT="ratur."
                          SUBS_TYPE="HypPart2"
                          SUBS_CONTENT="numeratur."/>
                  <SP HEIGHT="75" WIDTH="22" VPOS="1137" HPOS="300"/>
                  <String HEIGHT="75"
                          WIDTH="151"
                          VPOS="1137"
                          HPOS="235"
                          CONTENT="Nec"/>
                  <SP HEIGHT="75" WIDTH="22" VPOS="1137" HPOS="386"/>
                  <String HEIGHT="75"
                          WIDTH="215"
                          VPOS="1137"
                          HPOS="321"
                          CONTENT="temere"/>
                  <SP HEIGHT="75" WIDTH="22" VPOS="1137" HPOS="537"/>
                  <String HEIGHT="75"
                          WIDTH="280"
                          VPOS="1137"
                          HPOS="472"
                          CONTENT="scribitur"/>
                  <SP HEIGHT="75" WIDTH="22" VPOS="1137" HPOS="752"/>
                  <String HEIGHT="75" WIDTH="129" VPOS="1137" HPOS="687" CONTENT="in"/>
                  <SP HEIGHT="75" WIDTH="22" VPOS="1137" HPOS="817"/>
                  <String HEIGHT="75"
                          WIDTH="194"
                          VPOS="1137"
                          HPOS="752"
                          CONTENT="libro"/>
                  <SP HEIGHT="75" WIDTH="22" VPOS="1137" HPOS="946"/>
                  <String HEIGHT="75"
                          WIDTH="194"
                          VPOS="1137"
                          HPOS="881"
                          CONTENT="Regum"/>
                  <SP HEIGHT="75" WIDTH="22" VPOS="1137" HPOS="1075"/>
                  <String HEIGHT="75"
                          WIDTH="280"
                          VPOS="1137"
                          HPOS="1010"
                          CONTENT="Solomonem"/>
                  <SP HEIGHT="75" WIDTH="22" VPOS="1137" HPOS="1290"/>
                  <String HEIGHT="75"
                          WIDTH="280"
                          VPOS="1137"
                          HPOS="1226"
                          CONTENT="sapientia"/>
                  <SP HEIGHT="75" WIDTH="22" VPOS="1137" HPOS="1506"/>
                  <String HEIGHT="75"
                          WIDTH="323"
                          VPOS="1137"
                          HPOS="1441"
                          CONTENT="excelluisse"/>
                  <SP HEIGHT="75" WIDTH="22" VPOS="1137" HPOS="1764"/>
                  <String HEIGHT="75" WIDTH="86" VPOS="1137" HPOS="1678" CONTENT="sa"/>
               </TextLine>
               <TextLine ID="r1l22"
                         BASELINE="1275"
                         HEIGHT="90"
                         WIDTH="1673"
                         VPOS="1185"
                         HPOS="104">
                  <String HEIGHT="90"
                          WIDTH="245"
                          VPOS="1185"
                          HPOS="82"
                          CONTENT="pientes"/>
                  <SP HEIGHT="90" WIDTH="22" VPOS="1185" HPOS="327"/>
                  <String HEIGHT="90"
                          WIDTH="357"
                          VPOS="1185"
                          HPOS="260"
                          CONTENT="Aegyptiorum."/>
                  <SP HEIGHT="90" WIDTH="22" VPOS="1185" HPOS="617"/>
                  <String HEIGHT="90"
                          WIDTH="178"
                          VPOS="1185"
                          HPOS="550"
                          CONTENT="Quid"/>
                  <SP HEIGHT="90" WIDTH="22" VPOS="1185" HPOS="729"/>
                  <String HEIGHT="90"
                          WIDTH="178"
                          VPOS="1185"
                          HPOS="662"
                          CONTENT="quod"/>
                  <SP HEIGHT="90" WIDTH="22" VPOS="1185" HPOS="840"/>
                  <String HEIGHT="90"
                          WIDTH="156"
                          VPOS="1185"
                          HPOS="773"
                          CONTENT="non"/>
                  <SP HEIGHT="90" WIDTH="22" VPOS="1185" HPOS="929"/>
                  <String HEIGHT="90"
                          WIDTH="178"
                          VPOS="1185"
                          HPOS="862"
                          CONTENT="soli"/>
                  <SP HEIGHT="90" WIDTH="22" VPOS="1185" HPOS="1041"/>
                  <String HEIGHT="90"
                          WIDTH="290"
                          VPOS="1185"
                          HPOS="974"
                          CONTENT="Aegyptij,"/>
                  <SP HEIGHT="90" WIDTH="22" VPOS="1185" HPOS="1264"/>
                  <String HEIGHT="90"
                          WIDTH="156"
                          VPOS="1185"
                          HPOS="1197"
                          CONTENT="sed"/>
                  <SP HEIGHT="90" WIDTH="22" VPOS="1185" HPOS="1353"/>
                  <String HEIGHT="90"
                          WIDTH="201"
                          VPOS="1185"
                          HPOS="1286"
                          CONTENT="etiam"/>
                  <SP HEIGHT="90" WIDTH="22" VPOS="1185" HPOS="1487"/>
                  <String HEIGHT="90"
                          WIDTH="312"
                          VPOS="1185"
                          HPOS="1420"
                          CONTENT="Palestini,"/>
                  <SP HEIGHT="90" WIDTH="22" VPOS="1185" HPOS="1732"/>
                  <String HEIGHT="90"
                          WIDTH="134"
                          VPOS="1185"
                          HPOS="1643"
                          CONTENT="gens"/>
               </TextLine>
               <TextLine ID="r1l23"
                         BASELINE="1313"
                         HEIGHT="59"
                         WIDTH="1667"
                         VPOS="1254"
                         HPOS="105">
                  <String HEIGHT="59"
                          WIDTH="224"
                          VPOS="1254"
                          HPOS="85"
                          CONTENT="alioqui"/>
                  <SP HEIGHT="59" WIDTH="20" VPOS="1254" HPOS="308"/>
                  <String HEIGHT="59"
                          WIDTH="203"
                          VPOS="1254"
                          HPOS="247"
                          CONTENT="bellis"/>
                  <SP HEIGHT="59" WIDTH="20" VPOS="1254" HPOS="451"/>
                  <String HEIGHT="59"
                          WIDTH="163"
                          VPOS="1254"
                          HPOS="390"
                          CONTENT="quam"/>
                  <SP HEIGHT="59" WIDTH="20" VPOS="1254" HPOS="552"/>
                  <String HEIGHT="59"
                          WIDTH="224"
                          VPOS="1254"
                          HPOS="491"
                          CONTENT="literis"/>
                  <SP HEIGHT="59" WIDTH="20" VPOS="1254" HPOS="715"/>
                  <String HEIGHT="59"
                          WIDTH="305"
                          VPOS="1254"
                          HPOS="654"
                          CONTENT="illustrior,"/>
                  <SP HEIGHT="59" WIDTH="20" VPOS="1254" HPOS="959"/>
                  <String HEIGHT="59"
                          WIDTH="163"
                          VPOS="1254"
                          HPOS="898"
                          CONTENT="suos"/>
                  <SP HEIGHT="59" WIDTH="20" VPOS="1254" HPOS="1060"/>
                  <String HEIGHT="59"
                          WIDTH="244"
                          VPOS="1254"
                          HPOS="999"
                          CONTENT="habuisse"/>
                  <SP HEIGHT="59" WIDTH="20" VPOS="1254" HPOS="1243"/>
                  <String HEIGHT="59"
                          WIDTH="244"
                          VPOS="1254"
                          HPOS="1182"
                          CONTENT="dicuntur"/>
                  <SP HEIGHT="59" WIDTH="20" VPOS="1254" HPOS="1426"/>
                  <String HEIGHT="59"
                          WIDTH="305"
                          VPOS="1254"
                          HPOS="1365"
                          CONTENT="sacerdotes,"/>
                  <SP HEIGHT="59" WIDTH="20" VPOS="1254" HPOS="1670"/>
                  <String HEIGHT="59"
                          WIDTH="163"
                          VPOS="1254"
                          HPOS="1609"
                          CONTENT="quos"/>
                  <SP HEIGHT="59" WIDTH="20" VPOS="1254" HPOS="1772"/>
                  <String HEIGHT="59" WIDTH="81" VPOS="1254" HPOS="1691" CONTENT="in"/>
               </TextLine>
               <TextLine ID="r1l24"
                         BASELINE="1383"
                         HEIGHT="83"
                         WIDTH="1665"
                         VPOS="1300"
                         HPOS="114">
                  <String HEIGHT="83"
                          WIDTH="187"
                          VPOS="1300"
                          HPOS="93"
                          CONTENT="rebus"/>
                  <SP HEIGHT="83" WIDTH="21" VPOS="1300" HPOS="281"/>
                  <String HEIGHT="83"
                          WIDTH="208"
                          VPOS="1300"
                          HPOS="218"
                          CONTENT="dubijs"/>
                  <SP HEIGHT="83" WIDTH="21" VPOS="1300" HPOS="426"/>
                  <String HEIGHT="83"
                          WIDTH="312"
                          VPOS="1300"
                          HPOS="364"
                          CONTENT="consuluisse"/>
                  <SP HEIGHT="83" WIDTH="21" VPOS="1300" HPOS="676"/>
                  <String HEIGHT="83"
                          WIDTH="208"
                          VPOS="1300"
                          HPOS="614"
                          CONTENT="author"/>
                  <SP HEIGHT="83" WIDTH="21" VPOS="1300" HPOS="822"/>
                  <String HEIGHT="83"
                          WIDTH="146"
                          VPOS="1300"
                          HPOS="759"
                          CONTENT="est"/>
                  <SP HEIGHT="83" WIDTH="21" VPOS="1300" HPOS="905"/>
                  <String HEIGHT="83"
                          WIDTH="208"
                          VPOS="1300"
                          HPOS="842"
                          CONTENT="Samuel"/>
                  <SP HEIGHT="83" WIDTH="21" VPOS="1300" HPOS="1051"/>
                  <String HEIGHT="83" WIDTH="125" VPOS="1300" HPOS="988" CONTENT="in"/>
                  <SP HEIGHT="83" WIDTH="21" VPOS="1300" HPOS="1113"/>
                  <String HEIGHT="83"
                          WIDTH="250"
                          VPOS="1300"
                          HPOS="1051"
                          CONTENT="historia"/>
                  <SP HEIGHT="83" WIDTH="21" VPOS="1300" HPOS="1300"/>
                  <String HEIGHT="83"
                          WIDTH="208"
                          VPOS="1300"
                          HPOS="1238"
                          CONTENT="sacra?"/>
                  <SP HEIGHT="83" WIDTH="21" VPOS="1300" HPOS="1446"/>
                  <String HEIGHT="83"
                          WIDTH="146"
                          VPOS="1300"
                          HPOS="1384"
                          CONTENT="Sed"/>
                  <SP HEIGHT="83" WIDTH="21" VPOS="1300" HPOS="1529"/>
                  <String HEIGHT="83" WIDTH="104" VPOS="1300" HPOS="1467" CONTENT="&amp;"/>
                  <SP HEIGHT="83" WIDTH="21" VPOS="1300" HPOS="1571"/>
                  <String HEIGHT="83"
                          WIDTH="208"
                          VPOS="1300"
                          HPOS="1508"
                          CONTENT="Daniel"/>
                  <SP HEIGHT="83" WIDTH="21" VPOS="1300" HPOS="1717"/>
                  <String HEIGHT="83"
                          WIDTH="146"
                          VPOS="1300"
                          HPOS="1633"
                          CONTENT="testa"/>
               </TextLine>
               <TextLine ID="r1l25"
                         BASELINE="1434"
                         HEIGHT="78"
                         WIDTH="1663"
                         VPOS="1356"
                         HPOS="110">
                  <String HEIGHT="78" WIDTH="147" VPOS="1356" HPOS="89" CONTENT="tur"/>
                  <SP HEIGHT="78" WIDTH="21" VPOS="1356" HPOS="236"/>
                  <String HEIGHT="78"
                          WIDTH="232"
                          VPOS="1356"
                          HPOS="173"
                          CONTENT="scholas"/>
                  <SP HEIGHT="78" WIDTH="21" VPOS="1356" HPOS="405"/>
                  <String HEIGHT="78"
                          WIDTH="337"
                          VPOS="1356"
                          HPOS="342"
                          CONTENT="celeberrimas"/>
                  <SP HEIGHT="78" WIDTH="21" VPOS="1356" HPOS="678"/>
                  <String HEIGHT="78"
                          WIDTH="211"
                          VPOS="1356"
                          HPOS="615"
                          CONTENT="fuisse"/>
                  <SP HEIGHT="78" WIDTH="21" VPOS="1356" HPOS="826"/>
                  <String HEIGHT="78"
                          WIDTH="316"
                          VPOS="1356"
                          HPOS="763"
                          CONTENT="Babylonijs,"/>
                  <SP HEIGHT="78" WIDTH="21" VPOS="1356" HPOS="1078"/>
                  <String HEIGHT="78"
                          WIDTH="189"
                          VPOS="1356"
                          HPOS="1015"
                          CONTENT="Medis"/>
                  <SP HEIGHT="78" WIDTH="21" VPOS="1356" HPOS="1205"/>
                  <String HEIGHT="78"
                          WIDTH="126"
                          VPOS="1356"
                          HPOS="1141"
                          CONTENT="ac"/>
                  <SP HEIGHT="78" WIDTH="21" VPOS="1356" HPOS="1268"/>
                  <String HEIGHT="78"
                          WIDTH="232"
                          VPOS="1356"
                          HPOS="1205"
                          CONTENT="Persis,"/>
                  <SP HEIGHT="78" WIDTH="21" VPOS="1356" HPOS="1436"/>
                  <String HEIGHT="78"
                          WIDTH="168"
                          VPOS="1356"
                          HPOS="1373"
                          CONTENT="unde"/>
                  <SP HEIGHT="78" WIDTH="21" VPOS="1356" HPOS="1541"/>
                  <String HEIGHT="78"
                          WIDTH="295"
                          VPOS="1356"
                          HPOS="1478"
                          CONTENT="prodierint"/>
                  <SP HEIGHT="78" WIDTH="21" VPOS="1356" HPOS="1773"/>
                  <String HEIGHT="78" WIDTH="84" VPOS="1356" HPOS="1689" CONTENT="ma"/>
               </TextLine>
               <TextLine ID="r1l26"
                         BASELINE="1497"
                         HEIGHT="81"
                         WIDTH="1667"
                         VPOS="1416"
                         HPOS="105">
                  <String HEIGHT="81" WIDTH="148" VPOS="1416" HPOS="84" CONTENT="gi,"/>
                  <SP HEIGHT="81" WIDTH="21" VPOS="1416" HPOS="232"/>
                  <String HEIGHT="81"
                          WIDTH="274"
                          VPOS="1416"
                          HPOS="168"
                          CONTENT="sapientes"/>
                  <SP HEIGHT="81" WIDTH="21" VPOS="1416" HPOS="443"/>
                  <String HEIGHT="81"
                          WIDTH="211"
                          VPOS="1416"
                          HPOS="379"
                          CONTENT="inquam"/>
                  <SP HEIGHT="81" WIDTH="21" VPOS="1416" HPOS="590"/>
                  <String HEIGHT="81" WIDTH="127" VPOS="1416" HPOS="527" CONTENT="in"/>
                  <SP HEIGHT="81" WIDTH="21" VPOS="1416" HPOS="654"/>
                  <String HEIGHT="81"
                          WIDTH="169"
                          VPOS="1416"
                          HPOS="590"
                          CONTENT="omni"/>
                  <SP HEIGHT="81" WIDTH="21" VPOS="1416" HPOS="759"/>
                  <String HEIGHT="81"
                          WIDTH="190"
                          VPOS="1416"
                          HPOS="696"
                          CONTENT="parte"/>
                  <SP HEIGHT="81" WIDTH="21" VPOS="1416" HPOS="886"/>
                  <String HEIGHT="81"
                          WIDTH="338"
                          VPOS="1416"
                          HPOS="822"
                          CONTENT="philosophiae"/>
                  <SP HEIGHT="81" WIDTH="21" VPOS="1416" HPOS="1160"/>
                  <String HEIGHT="81"
                          WIDTH="295"
                          VPOS="1416"
                          HPOS="1097"
                          CONTENT="illustres."/>
                  <SP HEIGHT="81" WIDTH="21" VPOS="1416" HPOS="1392"/>
                  <String HEIGHT="81"
                          WIDTH="127"
                          VPOS="1416"
                          HPOS="1329"
                          CONTENT="De"/>
                  <SP HEIGHT="81" WIDTH="21" VPOS="1416" HPOS="1455"/>
                  <String HEIGHT="81"
                          WIDTH="232"
                          VPOS="1416"
                          HPOS="1392"
                          CONTENT="Graecis"/>
                  <SP HEIGHT="81" WIDTH="21" VPOS="1416" HPOS="1624"/>
                  <String HEIGHT="81" WIDTH="106" VPOS="1416" HPOS="1561" CONTENT="&amp;"/>
                  <SP HEIGHT="81" WIDTH="21" VPOS="1416" HPOS="1666"/>
                  <String HEIGHT="81"
                          WIDTH="190"
                          VPOS="1416"
                          HPOS="1582"
                          CONTENT="Romanis"/>
               </TextLine>
               <TextLine ID="r1l27"
                         BASELINE="1548"
                         HEIGHT="67"
                         WIDTH="1666"
                         VPOS="1481"
                         HPOS="109">
                  <String HEIGHT="67" WIDTH="167" VPOS="1481" HPOS="85" CONTENT="non"/>
                  <SP HEIGHT="67" WIDTH="24" VPOS="1481" HPOS="252"/>
                  <String HEIGHT="67"
                          WIDTH="167"
                          VPOS="1481"
                          HPOS="180"
                          CONTENT="est"/>
                  <SP HEIGHT="67" WIDTH="24" VPOS="1481" HPOS="347"/>
                  <String HEIGHT="67"
                          WIDTH="190"
                          VPOS="1481"
                          HPOS="276"
                          CONTENT="quod"/>
                  <SP HEIGHT="67" WIDTH="24" VPOS="1481" HPOS="466"/>
                  <String HEIGHT="67"
                          WIDTH="286"
                          VPOS="1481"
                          HPOS="395"
                          CONTENT="quicquam"/>
                  <SP HEIGHT="67" WIDTH="24" VPOS="1481" HPOS="680"/>
                  <String HEIGHT="67"
                          WIDTH="357"
                          VPOS="1481"
                          HPOS="609"
                          CONTENT="commemorem,"/>
                  <SP HEIGHT="67" WIDTH="24" VPOS="1481" HPOS="966"/>
                  <String HEIGHT="67"
                          WIDTH="167"
                          VPOS="1481"
                          HPOS="894"
                          CONTENT="cum"/>
                  <SP HEIGHT="67" WIDTH="24" VPOS="1481" HPOS="1061"/>
                  <String HEIGHT="67"
                          WIDTH="190"
                          VPOS="1481"
                          HPOS="990"
                          CONTENT="nemo"/>
                  <SP HEIGHT="67" WIDTH="24" VPOS="1481" HPOS="1180"/>
                  <String HEIGHT="67"
                          WIDTH="262"
                          VPOS="1481"
                          HPOS="1109"
                          CONTENT="ignoret"/>
                  <SP HEIGHT="67" WIDTH="24" VPOS="1481" HPOS="1370"/>
                  <String HEIGHT="67"
                          WIDTH="262"
                          VPOS="1481"
                          HPOS="1299"
                          CONTENT="istorum"/>
                  <SP HEIGHT="67" WIDTH="24" VPOS="1481" HPOS="1561"/>
                  <String HEIGHT="67"
                          WIDTH="309"
                          VPOS="1481"
                          HPOS="1466"
                          CONTENT="decantatiss"/>
               </TextLine>
               <TextLine ID="r1l28"
                         BASELINE="1610"
                         HEIGHT="82"
                         WIDTH="1671"
                         VPOS="1528"
                         HPOS="106">
                  <String HEIGHT="82" WIDTH="141" VPOS="1528" HPOS="82" CONTENT="ab"/>
                  <SP HEIGHT="82" WIDTH="24" VPOS="1528" HPOS="224"/>
                  <String HEIGHT="82"
                          WIDTH="259"
                          VPOS="1528"
                          HPOS="153"
                          CONTENT="omnibus"/>
                  <SP HEIGHT="82" WIDTH="24" VPOS="1528" HPOS="412"/>
                  <String HEIGHT="82"
                          WIDTH="235"
                          VPOS="1528"
                          HPOS="341"
                          CONTENT="doctis"/>
                  <SP HEIGHT="82" WIDTH="24" VPOS="1528" HPOS="577"/>
                  <String HEIGHT="82"
                          WIDTH="282"
                          VPOS="1528"
                          HPOS="506"
                          CONTENT="Athenas,"/>
                  <SP HEIGHT="82" WIDTH="24" VPOS="1528" HPOS="789"/>
                  <String HEIGHT="82" WIDTH="118" VPOS="1528" HPOS="718" CONTENT="&amp;"/>
                  <SP HEIGHT="82" WIDTH="24" VPOS="1528" HPOS="836"/>
                  <String HEIGHT="82"
                          WIDTH="212"
                          VPOS="1528"
                          HPOS="765"
                          CONTENT="horum"/>
                  <SP HEIGHT="82" WIDTH="24" VPOS="1528" HPOS="977"/>
                  <String HEIGHT="82"
                          WIDTH="329"
                          VPOS="1528"
                          HPOS="906"
                          CONTENT="amplissima"/>
                  <SP HEIGHT="82" WIDTH="24" VPOS="1528" HPOS="1236"/>
                  <String HEIGHT="82"
                          WIDTH="329"
                          VPOS="1528"
                          HPOS="1165"
                          CONTENT="pontificum"/>
                  <SP HEIGHT="82" WIDTH="24" VPOS="1528" HPOS="1495"/>
                  <String HEIGHT="82" WIDTH="118" VPOS="1528" HPOS="1424" CONTENT="&amp;"/>
                  <SP HEIGHT="82" WIDTH="24" VPOS="1528" HPOS="1542"/>
                  <String HEIGHT="82"
                          WIDTH="259"
                          VPOS="1528"
                          HPOS="1471"
                          CONTENT="augurum"/>
                  <SP HEIGHT="82" WIDTH="24" VPOS="1528" HPOS="1730"/>
                  <String HEIGHT="82"
                          WIDTH="141"
                          VPOS="1528"
                          HPOS="1636"
                          CONTENT="col"
                          SUBS_TYPE="HypPart1"
                          SUBS_CONTENT="collegia."/>
                  <HYP CONTENT="-"/>
               </TextLine>
               <TextLine ID="r1l29"
                         BASELINE="1657"
                         HEIGHT="77"
                         WIDTH="1668"
                         VPOS="1580"
                         HPOS="105">
                  <String HEIGHT="77"
                          WIDTH="206"
                          VPOS="1580"
                          HPOS="84"
                          CONTENT="legia."
                          SUBS_TYPE="HypPart2"
                          SUBS_CONTENT="collegia."/>
                  <SP HEIGHT="77" WIDTH="21" VPOS="1580" HPOS="290"/>
                  <String HEIGHT="77"
                          WIDTH="144"
                          VPOS="1580"
                          HPOS="229"
                          CONTENT="Sed"/>
                  <SP HEIGHT="77" WIDTH="21" VPOS="1580" HPOS="373"/>
                  <String HEIGHT="77"
                          WIDTH="227"
                          VPOS="1580"
                          HPOS="311"
                          CONTENT="omissis"/>
                  <SP HEIGHT="77" WIDTH="21" VPOS="1580" HPOS="537"/>
                  <String HEIGHT="77"
                          WIDTH="247"
                          VPOS="1580"
                          HPOS="476"
                          CONTENT="exteris,"/>
                  <SP HEIGHT="77" WIDTH="21" VPOS="1580" HPOS="723"/>
                  <String HEIGHT="77"
                          WIDTH="288"
                          VPOS="1580"
                          HPOS="661"
                          CONTENT="proferamus"/>
                  <SP HEIGHT="77" WIDTH="21" VPOS="1580" HPOS="949"/>
                  <String HEIGHT="77"
                          WIDTH="268"
                          VPOS="1580"
                          HPOS="888"
                          CONTENT="nostratia"/>
                  <SP HEIGHT="77" WIDTH="21" VPOS="1580" HPOS="1155"/>
                  <String HEIGHT="77"
                          WIDTH="144"
                          VPOS="1580"
                          HPOS="1093"
                          CONTENT="uel"/>
                  <SP HEIGHT="77" WIDTH="21" VPOS="1580" HPOS="1238"/>
                  <String HEIGHT="77"
                          WIDTH="371"
                          VPOS="1580"
                          HPOS="1176"
                          CONTENT="ecclesiastica."/>
                  <SP HEIGHT="77" WIDTH="21" VPOS="1580" HPOS="1546"/>
                  <String HEIGHT="77"
                          WIDTH="165"
                          VPOS="1580"
                          HPOS="1485"
                          CONTENT="Deus"/>
                  <SP HEIGHT="77" WIDTH="21" VPOS="1580" HPOS="1649"/>
                  <String HEIGHT="77"
                          WIDTH="144"
                          VPOS="1580"
                          HPOS="1588"
                          CONTENT="qui"/>
                  <SP HEIGHT="77" WIDTH="21" VPOS="1580" HPOS="1732"/>
                  <String HEIGHT="77"
                          WIDTH="124"
                          VPOS="1580"
                          HPOS="1649"
                          CONTENT="abso"/>
               </TextLine>
               <TextLine ID="r1l30"
                         BASELINE="1717"
                         HEIGHT="82"
                         WIDTH="1667"
                         VPOS="1635"
                         HPOS="114">
                  <String HEIGHT="82"
                          WIDTH="288"
                          VPOS="1635"
                          HPOS="93"
                          CONTENT="lutissimam"/>
                  <SP HEIGHT="82" WIDTH="21" VPOS="1635" HPOS="382"/>
                  <String HEIGHT="82"
                          WIDTH="185"
                          VPOS="1635"
                          HPOS="320"
                          CONTENT="dedit"/>
                  <SP HEIGHT="82" WIDTH="21" VPOS="1635" HPOS="505"/>
                  <String HEIGHT="82"
                          WIDTH="206"
                          VPOS="1635"
                          HPOS="443"
                          CONTENT="populo"/>
                  <SP HEIGHT="82" WIDTH="21" VPOS="1635" HPOS="649"/>
                  <String HEIGHT="82"
                          WIDTH="165"
                          VPOS="1635"
                          HPOS="587"
                          CONTENT="suo,"/>
                  <SP HEIGHT="82" WIDTH="21" VPOS="1635" HPOS="752"/>
                  <String HEIGHT="82" WIDTH="103" VPOS="1635" HPOS="690" CONTENT="&amp;"/>
                  <SP HEIGHT="82" WIDTH="21" VPOS="1635" HPOS="793"/>
                  <String HEIGHT="82"
                          WIDTH="226"
                          VPOS="1635"
                          HPOS="731"
                          CONTENT="reipub."/>
                  <SP HEIGHT="82" WIDTH="21" VPOS="1635" HPOS="958"/>
                  <String HEIGHT="82" WIDTH="103" VPOS="1635" HPOS="896" CONTENT="&amp;"/>
                  <SP HEIGHT="82" WIDTH="21" VPOS="1635" HPOS="999"/>
                  <String HEIGHT="82"
                          WIDTH="185"
                          VPOS="1635"
                          HPOS="937"
                          CONTENT="regni"/>
                  <SP HEIGHT="82" WIDTH="21" VPOS="1635" HPOS="1122"/>
                  <String HEIGHT="82"
                          WIDTH="226"
                          VPOS="1635"
                          HPOS="1061"
                          CONTENT="felicis"/>
                  <SP HEIGHT="82" WIDTH="21" VPOS="1635" HPOS="1287"/>
                  <String HEIGHT="82"
                          WIDTH="226"
                          VPOS="1635"
                          HPOS="1225"
                          CONTENT="formam,"/>
                  <SP HEIGHT="82" WIDTH="21" VPOS="1635" HPOS="1452"/>
                  <String HEIGHT="82"
                          WIDTH="288"
                          VPOS="1635"
                          HPOS="1390"
                          CONTENT="distribuit"/>
                  <SP HEIGHT="82" WIDTH="21" VPOS="1635" HPOS="1678"/>
                  <String HEIGHT="82"
                          WIDTH="185"
                          VPOS="1635"
                          HPOS="1596"
                          CONTENT="scholas"/>
               </TextLine>
               <TextLine ID="r1l31"
                         BASELINE="1775"
                         HEIGHT="82"
                         WIDTH="1663"
                         VPOS="1693"
                         HPOS="111">
                  <String HEIGHT="82" WIDTH="153" VPOS="1693" HPOS="89" CONTENT="per"/>
                  <SP HEIGHT="82" WIDTH="22" VPOS="1693" HPOS="242"/>
                  <String HEIGHT="82"
                          WIDTH="241"
                          VPOS="1693"
                          HPOS="177"
                          CONTENT="XLVIII."/>
                  <SP HEIGHT="82" WIDTH="22" VPOS="1693" HPOS="417"/>
                  <String HEIGHT="82"
                          WIDTH="219"
                          VPOS="1693"
                          HPOS="352"
                          CONTENT="oppida"/>
                  <SP HEIGHT="82" WIDTH="22" VPOS="1693" HPOS="571"/>
                  <String HEIGHT="82"
                          WIDTH="219"
                          VPOS="1693"
                          HPOS="505"
                          CONTENT="regni."/>
                  <SP HEIGHT="82" WIDTH="22" VPOS="1693" HPOS="724"/>
                  <String HEIGHT="82"
                          WIDTH="219"
                          VPOS="1693"
                          HPOS="658"
                          CONTENT="Oppida"/>
                  <SP HEIGHT="82" WIDTH="22" VPOS="1693" HPOS="877"/>
                  <String HEIGHT="82" WIDTH="131" VPOS="1693" HPOS="811" CONTENT="ea"/>
                  <SP HEIGHT="82" WIDTH="22" VPOS="1693" HPOS="943"/>
                  <String HEIGHT="82" WIDTH="109" VPOS="1693" HPOS="877" CONTENT="a"/>
                  <SP HEIGHT="82" WIDTH="22" VPOS="1693" HPOS="986"/>
                  <String HEIGHT="82"
                          WIDTH="241"
                          VPOS="1693"
                          HPOS="921"
                          CONTENT="Leuitis"/>
                  <SP HEIGHT="82" WIDTH="22" VPOS="1693" HPOS="1161"/>
                  <String HEIGHT="82"
                          WIDTH="460"
                          VPOS="1693"
                          HPOS="1096"
                          CONTENT="philosophantibus,"/>
                  <SP HEIGHT="82" WIDTH="22" VPOS="1693" HPOS="1555"/>
                  <String HEIGHT="82"
                          WIDTH="263"
                          VPOS="1693"
                          HPOS="1490"
                          CONTENT="Leuitica"/>
                  <SP HEIGHT="82" WIDTH="22" VPOS="1693" HPOS="1752"/>
                  <String HEIGHT="82"
                          WIDTH="109"
                          VPOS="1693"
                          HPOS="1665"
                          CONTENT="di"
                          SUBS_TYPE="HypPart1"
                          SUBS_CONTENT="dicebantur."/>
                  <HYP CONTENT="-"/>
               </TextLine>
               <TextLine ID="r1l32"
                         BASELINE="1828"
                         HEIGHT="71"
                         WIDTH="1663"
                         VPOS="1757"
                         HPOS="114">
                  <String HEIGHT="71"
                          WIDTH="281"
                          VPOS="1757"
                          HPOS="92"
                          CONTENT="cebantur."
                          SUBS_TYPE="HypPart2"
                          SUBS_CONTENT="dicebantur."/>
                  <SP HEIGHT="71" WIDTH="22" VPOS="1757" HPOS="373"/>
                  <String HEIGHT="71"
                          WIDTH="194"
                          VPOS="1757"
                          HPOS="308"
                          CONTENT="Totam"/>
                  <SP HEIGHT="71" WIDTH="22" VPOS="1757" HPOS="503"/>
                  <String HEIGHT="71"
                          WIDTH="173"
                          VPOS="1757"
                          HPOS="438"
                          CONTENT="enim"/>
                  <SP HEIGHT="71" WIDTH="22" VPOS="1757" HPOS="611"/>
                  <String HEIGHT="71"
                          WIDTH="281"
                          VPOS="1757"
                          HPOS="546"
                          CONTENT="Leuiticam"/>
                  <SP HEIGHT="71" WIDTH="22" VPOS="1757" HPOS="827"/>
                  <String HEIGHT="71"
                          WIDTH="216"
                          VPOS="1757"
                          HPOS="762"
                          CONTENT="tribum"/>
                  <SP HEIGHT="71" WIDTH="22" VPOS="1757" HPOS="978"/>
                  <String HEIGHT="71"
                          WIDTH="324"
                          VPOS="1757"
                          HPOS="913"
                          CONTENT="consecrarat"/>
                  <SP HEIGHT="71" WIDTH="22" VPOS="1757" HPOS="1237"/>
                  <String HEIGHT="71"
                          WIDTH="302"
                          VPOS="1757"
                          HPOS="1172"
                          CONTENT="sacerdotio"/>
                  <SP HEIGHT="71" WIDTH="22" VPOS="1757" HPOS="1475"/>
                  <String HEIGHT="71" WIDTH="108" VPOS="1757" HPOS="1410" CONTENT="&amp;"/>
                  <SP HEIGHT="71" WIDTH="22" VPOS="1757" HPOS="1518"/>
                  <String HEIGHT="71"
                          WIDTH="238"
                          VPOS="1757"
                          HPOS="1453"
                          CONTENT="studijs"/>
                  <SP HEIGHT="71" WIDTH="22" VPOS="1757" HPOS="1691"/>
                  <String HEIGHT="71" WIDTH="108" VPOS="1757" HPOS="1626" CONTENT=":"/>
                  <SP HEIGHT="71" WIDTH="22" VPOS="1757" HPOS="1734"/>
                  <String HEIGHT="71"
                          WIDTH="151"
                          VPOS="1757"
                          HPOS="1669"
                          CONTENT="non"/>
                  <SP HEIGHT="71" WIDTH="22" VPOS="1757" HPOS="1820"/>
                  <String HEIGHT="71" WIDTH="43" VPOS="1757" HPOS="1734" CONTENT=""/>
               </TextLine>
               <TextLine ID="r1l33"
                         BASELINE="1871"
                         HEIGHT="66"
                         WIDTH="1667"
                         VPOS="1805"
                         HPOS="102">
                  <String HEIGHT="66"
                          WIDTH="171"
                          VPOS="1805"
                          HPOS="81"
                          CONTENT="quod"/>
                  <SP HEIGHT="66" WIDTH="21" VPOS="1805" HPOS="252"/>
                  <String HEIGHT="66"
                          WIDTH="150"
                          VPOS="1805"
                          HPOS="187"
                          CONTENT="non"/>
                  <SP HEIGHT="66" WIDTH="21" VPOS="1805" HPOS="337"/>
                  <String HEIGHT="66"
                          WIDTH="235"
                          VPOS="1805"
                          HPOS="273"
                          CONTENT="liceret"/>
                  <SP HEIGHT="66" WIDTH="21" VPOS="1805" HPOS="508"/>
                  <String HEIGHT="66" WIDTH="107" VPOS="1805" HPOS="444" CONTENT="&amp;"/>
                  <SP HEIGHT="66" WIDTH="21" VPOS="1805" HPOS="551"/>
                  <String HEIGHT="66" WIDTH="128" VPOS="1805" HPOS="487" CONTENT="ex"/>
                  <SP HEIGHT="66" WIDTH="21" VPOS="1805" HPOS="615"/>
                  <String HEIGHT="66"
                          WIDTH="192"
                          VPOS="1805"
                          HPOS="551"
                          CONTENT="alijs"/>
                  <SP HEIGHT="66" WIDTH="21" VPOS="1805" HPOS="743"/>
                  <String HEIGHT="66"
                          WIDTH="256"
                          VPOS="1805"
                          HPOS="679"
                          CONTENT="tribubus"/>
                  <SP HEIGHT="66" WIDTH="21" VPOS="1805" HPOS="936"/>
                  <String HEIGHT="66"
                          WIDTH="256"
                          VPOS="1805"
                          HPOS="871"
                          CONTENT="ingenuis"/>
                  <SP HEIGHT="66" WIDTH="21" VPOS="1805" HPOS="1128"/>
                  <String HEIGHT="66"
                          WIDTH="278"
                          VPOS="1805"
                          HPOS="1064"
                          CONTENT="hominibus"/>
                  <SP HEIGHT="66" WIDTH="21" VPOS="1805" HPOS="1342"/>
                  <String HEIGHT="66"
                          WIDTH="363"
                          VPOS="1805"
                          HPOS="1277"
                          CONTENT="philosophari:"/>
                  <SP HEIGHT="66" WIDTH="21" VPOS="1805" HPOS="1641"/>
                  <String HEIGHT="66"
                          WIDTH="150"
                          VPOS="1805"
                          HPOS="1577"
                          CONTENT="sed"/>
                  <SP HEIGHT="66" WIDTH="21" VPOS="1805" HPOS="1726"/>
                  <String HEIGHT="66"
                          WIDTH="128"
                          VPOS="1805"
                          HPOS="1641"
                          CONTENT="quod"/>
               </TextLine>
               <TextLine ID="r1l34"
                         BASELINE="1924"
                         HEIGHT="71"
                         WIDTH="1667"
                         VPOS="1853"
                         HPOS="110">
                  <String HEIGHT="71"
                          WIDTH="213"
                          VPOS="1853"
                          HPOS="91"
                          CONTENT="Leuitae"/>
                  <SP HEIGHT="71" WIDTH="19" VPOS="1853" HPOS="304"/>
                  <String HEIGHT="71"
                          WIDTH="213"
                          VPOS="1853"
                          HPOS="246"
                          CONTENT="studijs"/>
                  <SP HEIGHT="71" WIDTH="19" VPOS="1853" HPOS="459"/>
                  <String HEIGHT="71"
                          WIDTH="194"
                          VPOS="1853"
                          HPOS="401"
                          CONTENT="sacris"/>
                  <SP HEIGHT="71" WIDTH="19" VPOS="1853" HPOS="595"/>
                  <String HEIGHT="71"
                          WIDTH="310"
                          VPOS="1853"
                          HPOS="536"
                          CONTENT="peculiariter"/>
                  <SP HEIGHT="71" WIDTH="19" VPOS="1853" HPOS="847"/>
                  <String HEIGHT="71"
                          WIDTH="252"
                          VPOS="1853"
                          HPOS="788"
                          CONTENT="destinati"/>
                  <SP HEIGHT="71" WIDTH="19" VPOS="1853" HPOS="1040"/>
                  <String HEIGHT="71"
                          WIDTH="213"
                          VPOS="1853"
                          HPOS="982"
                          CONTENT="essent."/>
                  <SP HEIGHT="71" WIDTH="19" VPOS="1853" HPOS="1195"/>
                  <String HEIGHT="71"
                          WIDTH="116"
                          VPOS="1853"
                          HPOS="1137"
                          CONTENT="Ex"/>
                  <SP HEIGHT="71" WIDTH="19" VPOS="1853" HPOS="1254"/>
                  <String HEIGHT="71"
                          WIDTH="174"
                          VPOS="1853"
                          HPOS="1195"
                          CONTENT="tribu"/>
                  <SP HEIGHT="71" WIDTH="19" VPOS="1853" HPOS="1370"/>
                  <String HEIGHT="71"
                          WIDTH="155"
                          VPOS="1853"
                          HPOS="1312"
                          CONTENT="enim"/>
                  <SP HEIGHT="71" WIDTH="19" VPOS="1853" HPOS="1467"/>
                  <String HEIGHT="71"
                          WIDTH="155"
                          VPOS="1853"
                          HPOS="1409"
                          CONTENT="luda"/>
                  <SP HEIGHT="71" WIDTH="19" VPOS="1853" HPOS="1564"/>
                  <String HEIGHT="71"
                          WIDTH="213"
                          VPOS="1853"
                          HPOS="1506"
                          CONTENT="constat"/>
                  <SP HEIGHT="71" WIDTH="19" VPOS="1853" HPOS="1719"/>
                  <String HEIGHT="71"
                          WIDTH="136"
                          VPOS="1853"
                          HPOS="1641"
                          CONTENT="fuis"
                          SUBS_TYPE="HypPart1"
                          SUBS_CONTENT="fuisse"/>
                  <HYP CONTENT="-"/>
               </TextLine>
               <TextLine ID="r1l35"
                         BASELINE="2000"
                         HEIGHT="85"
                         WIDTH="1671"
                         VPOS="1915"
                         HPOS="109">
                  <String HEIGHT="85"
                          WIDTH="134"
                          VPOS="1915"
                          HPOS="87"
                          CONTENT="se"
                          SUBS_TYPE="HypPart2"
                          SUBS_CONTENT="fuisse"/>
                  <SP HEIGHT="85" WIDTH="22" VPOS="1915" HPOS="220"/>
                  <String HEIGHT="85"
                          WIDTH="223"
                          VPOS="1915"
                          HPOS="154"
                          CONTENT="lsaiam"/>
                  <SP HEIGHT="85" WIDTH="22" VPOS="1915" HPOS="376"/>
                  <String HEIGHT="85" WIDTH="111" VPOS="1915" HPOS="310" CONTENT="&amp;"/>
                  <SP HEIGHT="85" WIDTH="22" VPOS="1915" HPOS="421"/>
                  <String HEIGHT="85"
                          WIDTH="267"
                          VPOS="1915"
                          HPOS="354"
                          CONTENT="Danielem"/>
                  <SP HEIGHT="85" WIDTH="22" VPOS="1915" HPOS="621"/>
                  <String HEIGHT="85"
                          WIDTH="312"
                          VPOS="1915"
                          HPOS="555"
                          CONTENT="clarissima"/>
                  <SP HEIGHT="85" WIDTH="22" VPOS="1915" HPOS="867"/>
                  <String HEIGHT="85"
                          WIDTH="379"
                          VPOS="1915"
                          HPOS="800"
                          CONTENT="prophetantium"/>
                  <SP HEIGHT="85" WIDTH="22" VPOS="1915" HPOS="1178"/>
                  <String HEIGHT="85"
                          WIDTH="245"
                          VPOS="1915"
                          HPOS="1112"
                          CONTENT="lumina."/>
                  <SP HEIGHT="85" WIDTH="22" VPOS="1915" HPOS="1357"/>
                  <String HEIGHT="85"
                          WIDTH="267"
                          VPOS="1915"
                          HPOS="1290"
                          CONTENT="Dederunt"/>
                  <SP HEIGHT="85" WIDTH="22" VPOS="1915" HPOS="1557"/>
                  <String HEIGHT="85"
                          WIDTH="201"
                          VPOS="1915"
                          HPOS="1490"
                          CONTENT="aliae"/>
                  <SP HEIGHT="85" WIDTH="22" VPOS="1915" HPOS="1691"/>
                  <String HEIGHT="85"
                          WIDTH="178"
                          VPOS="1915"
                          HPOS="1602"
                          CONTENT="quoque"/>
               </TextLine>
               <TextLine ID="r1l36"
                         BASELINE="2058"
                         HEIGHT="89"
                         WIDTH="1669"
                         VPOS="1969"
                         HPOS="109">
                  <String HEIGHT="89"
                          WIDTH="211"
                          VPOS="1969"
                          HPOS="88"
                          CONTENT="tribus"/>
                  <SP HEIGHT="89" WIDTH="21" VPOS="1969" HPOS="299"/>
                  <String HEIGHT="89"
                          WIDTH="423"
                          VPOS="1969"
                          HPOS="236"
                          CONTENT="praestantissimos"/>
                  <SP HEIGHT="89" WIDTH="21" VPOS="1969" HPOS="658"/>
                  <String HEIGHT="89" WIDTH="127" VPOS="1969" HPOS="595" CONTENT="in"/>
                  <SP HEIGHT="89" WIDTH="21" VPOS="1969" HPOS="722"/>
                  <String HEIGHT="89"
                          WIDTH="169"
                          VPOS="1969"
                          HPOS="658"
                          CONTENT="omni"/>
                  <SP HEIGHT="89" WIDTH="21" VPOS="1969" HPOS="827"/>
                  <String HEIGHT="89"
                          WIDTH="275"
                          VPOS="1969"
                          HPOS="764"
                          CONTENT="sapientia"/>
                  <SP HEIGHT="89" WIDTH="21" VPOS="1969" HPOS="1039"/>
                  <String HEIGHT="89"
                          WIDTH="211"
                          VPOS="1969"
                          HPOS="975"
                          CONTENT="uiros."/>
                  <SP HEIGHT="89" WIDTH="21" VPOS="1969" HPOS="1186"/>
                  <String HEIGHT="89"
                          WIDTH="127"
                          VPOS="1969"
                          HPOS="1123"
                          CONTENT="Ac"/>
                  <SP HEIGHT="89" WIDTH="21" VPOS="1969" HPOS="1250"/>
                  <String HEIGHT="89"
                          WIDTH="296"
                          VPOS="1969"
                          HPOS="1186"
                          CONTENT="dicebantur"/>
                  <SP HEIGHT="89" WIDTH="21" VPOS="1969" HPOS="1482"/>
                  <String HEIGHT="89"
                          WIDTH="211"
                          VPOS="1969"
                          HPOS="1419"
                          CONTENT="oppida"/>
                  <SP HEIGHT="89" WIDTH="21" VPOS="1969" HPOS="1630"/>
                  <String HEIGHT="89"
                          WIDTH="169"
                          VPOS="1969"
                          HPOS="1567"
                          CONTENT="illa"/>
                  <SP HEIGHT="89" WIDTH="21" VPOS="1969" HPOS="1736"/>
                  <String HEIGHT="89" WIDTH="106" VPOS="1969" HPOS="1672" CONTENT="&amp;"/>
                  <SP HEIGHT="89" WIDTH="21" VPOS="1969" HPOS="1778"/>
                  <String HEIGHT="89" WIDTH="85" VPOS="1969" HPOS="1693" CONTENT="Le"/>
               </TextLine>
               <TextLine ID="r1l37"
                         BASELINE="2104"
                         HEIGHT="79"
                         WIDTH="1656"
                         VPOS="2025"
                         HPOS="114">
                  <String HEIGHT="79"
                          WIDTH="160"
                          VPOS="2025"
                          HPOS="94"
                          CONTENT="uiti"/>
                  <SP HEIGHT="79" WIDTH="20" VPOS="2025" HPOS="254"/>
                  <String HEIGHT="79" WIDTH="100" VPOS="2025" HPOS="194" CONTENT="a"/>
                  <SP HEIGHT="79" WIDTH="20" VPOS="2025" HPOS="294"/>
                  <String HEIGHT="79" WIDTH="100" VPOS="2025" HPOS="234" CONTENT="&amp;"/>
                  <SP HEIGHT="79" WIDTH="20" VPOS="2025" HPOS="333"/>
                  <String HEIGHT="79"
                          WIDTH="339"
                          VPOS="2025"
                          HPOS="274"
                          CONTENT="sacerdotalia,"/>
                  <SP HEIGHT="79" WIDTH="20" VPOS="2025" HPOS="613"/>
                  <String HEIGHT="79"
                          WIDTH="140"
                          VPOS="2025"
                          HPOS="553"
                          CONTENT="non"/>
                  <SP HEIGHT="79" WIDTH="20" VPOS="2025" HPOS="693"/>
                  <String HEIGHT="79"
                          WIDTH="160"
                          VPOS="2025"
                          HPOS="633"
                          CONTENT="quod"/>
                  <SP HEIGHT="79" WIDTH="20" VPOS="2025" HPOS="792"/>
                  <String HEIGHT="79" WIDTH="120" VPOS="2025" HPOS="733" CONTENT="in"/>
                  <SP HEIGHT="79" WIDTH="20" VPOS="2025" HPOS="852"/>
                  <String HEIGHT="79"
                          WIDTH="140"
                          VPOS="2025"
                          HPOS="792"
                          CONTENT="his"/>
                  <SP HEIGHT="79" WIDTH="20" VPOS="2025" HPOS="932"/>
                  <String HEIGHT="79"
                          WIDTH="160"
                          VPOS="2025"
                          HPOS="872"
                          CONTENT="soli"/>
                  <SP HEIGHT="79" WIDTH="20" VPOS="2025" HPOS="1032"/>
                  <String HEIGHT="79"
                          WIDTH="279"
                          VPOS="2025"
                          HPOS="972"
                          CONTENT="sacerdotes"/>
                  <SP HEIGHT="79" WIDTH="20" VPOS="2025" HPOS="1251"/>
                  <String HEIGHT="79"
                          WIDTH="239"
                          VPOS="2025"
                          HPOS="1191"
                          CONTENT="agerent,"/>
                  <SP HEIGHT="79" WIDTH="20" VPOS="2025" HPOS="1431"/>
                  <String HEIGHT="79"
                          WIDTH="140"
                          VPOS="2025"
                          HPOS="1371"
                          CONTENT="sed"/>
                  <SP HEIGHT="79" WIDTH="20" VPOS="2025" HPOS="1511"/>
                  <String HEIGHT="79"
                          WIDTH="160"
                          VPOS="2025"
                          HPOS="1451"
                          CONTENT="quod"/>
                  <SP HEIGHT="79" WIDTH="20" VPOS="2025" HPOS="1610"/>
                  <String HEIGHT="79"
                          WIDTH="120"
                          VPOS="2025"
                          HPOS="1551"
                          CONTENT="in"/>
                  <SP HEIGHT="79" WIDTH="20" VPOS="2025" HPOS="1670"/>
                  <String HEIGHT="79"
                          WIDTH="140"
                          VPOS="2025"
                          HPOS="1610"
                          CONTENT="eis"/>
                  <SP HEIGHT="79" WIDTH="20" VPOS="2025" HPOS="1750"/>
                  <String HEIGHT="79"
                          WIDTH="100"
                          VPOS="2025"
                          HPOS="1670"
                          CONTENT="sy"
                          SUBS_TYPE="HypPart1"
                          SUBS_CONTENT="synagogas"/>
                  <HYP CONTENT="-"/>
               </TextLine>
               <TextLine ID="r1l38"
                         BASELINE="2160"
                         HEIGHT="77"
                         WIDTH="1675"
                         VPOS="2083"
                         HPOS="106">
                  <String HEIGHT="77"
                          WIDTH="260"
                          VPOS="2083"
                          HPOS="82"
                          CONTENT="nagogas"
                          SUBS_TYPE="HypPart2"
                          SUBS_CONTENT="synagogas"/>
                  <SP HEIGHT="77" WIDTH="24" VPOS="2083" HPOS="342"/>
                  <String HEIGHT="77"
                          WIDTH="307"
                          VPOS="2083"
                          HPOS="271"
                          CONTENT="haberend."/>
                  <SP HEIGHT="77" WIDTH="24" VPOS="2083" HPOS="578"/>
                  <String HEIGHT="77"
                          WIDTH="283"
                          VPOS="2083"
                          HPOS="507"
                          CONTENT="Caeterum"/>
                  <SP HEIGHT="77" WIDTH="24" VPOS="2083" HPOS="790"/>
                  <String HEIGHT="77"
                          WIDTH="189"
                          VPOS="2083"
                          HPOS="719"
                          CONTENT="apud"/>
                  <SP HEIGHT="77" WIDTH="24" VPOS="2083" HPOS="908"/>
                  <String HEIGHT="77"
                          WIDTH="377"
                          VPOS="2083"
                          HPOS="837"
                          CONTENT="tabernaculum"/>
                  <SP HEIGHT="77" WIDTH="24" VPOS="2083" HPOS="1215"/>
                  <String HEIGHT="77"
                          WIDTH="142"
                          VPOS="2083"
                          HPOS="1144"
                          CONTENT="in"/>
                  <SP HEIGHT="77" WIDTH="24" VPOS="2083" HPOS="1286"/>
                  <String HEIGHT="77"
                          WIDTH="189"
                          VPOS="2083"
                          HPOS="1215"
                          CONTENT="Silo"/>
                  <SP HEIGHT="77" WIDTH="24" VPOS="2083" HPOS="1404"/>
                  <String HEIGHT="77" WIDTH="118" VPOS="2083" HPOS="1333" CONTENT="&amp;"/>
                  <SP HEIGHT="77" WIDTH="24" VPOS="2083" HPOS="1451"/>
                  <String HEIGHT="77"
                          WIDTH="236"
                          VPOS="2083"
                          HPOS="1380"
                          CONTENT="maxime"/>
                  <SP HEIGHT="77" WIDTH="24" VPOS="2083" HPOS="1616"/>
                  <String HEIGHT="77"
                          WIDTH="142"
                          VPOS="2083"
                          HPOS="1545"
                          CONTENT="in"/>
                  <SP HEIGHT="77" WIDTH="24" VPOS="2083" HPOS="1687"/>
                  <String HEIGHT="77"
                          WIDTH="189"
                          VPOS="2083"
                          HPOS="1592"
                          CONTENT="Hiero"
                          SUBS_TYPE="HypPart1"
                          SUBS_CONTENT="Hierosolymorum"/>
                  <HYP CONTENT="-"/>
               </TextLine>
               <TextLine ID="r1l39"
                         BASELINE="2214"
                         HEIGHT="76"
                         WIDTH="1662"
                         VPOS="2138"
                         HPOS="117">
                  <String HEIGHT="76"
                          WIDTH="281"
                          VPOS="2138"
                          HPOS="95"
                          CONTENT="solymorum"
                          SUBS_TYPE="HypPart2"
                          SUBS_CONTENT="Hierosolymorum"/>
                  <SP HEIGHT="76" WIDTH="22" VPOS="2138" HPOS="376"/>
                  <String HEIGHT="76"
                          WIDTH="173"
                          VPOS="2138"
                          HPOS="311"
                          CONTENT="urbe"/>
                  <SP HEIGHT="76" WIDTH="22" VPOS="2138" HPOS="484"/>
                  <String HEIGHT="76"
                          WIDTH="173"
                          VPOS="2138"
                          HPOS="419"
                          CONTENT="erat"/>
                  <SP HEIGHT="76" WIDTH="22" VPOS="2138" HPOS="592"/>
                  <String HEIGHT="76"
                          WIDTH="216"
                          VPOS="2138"
                          HPOS="527"
                          CONTENT="schola"/>
                  <SP HEIGHT="76" WIDTH="22" VPOS="2138" HPOS="743"/>
                  <String HEIGHT="76"
                          WIDTH="216"
                          VPOS="2138"
                          HPOS="678"
                          CONTENT="omnium"/>
                  <SP HEIGHT="76" WIDTH="22" VPOS="2138" HPOS="894"/>
                  <String HEIGHT="76"
                          WIDTH="389"
                          VPOS="2138"
                          HPOS="829"
                          CONTENT="praeclarissima"/>
                  <SP HEIGHT="76" WIDTH="22" VPOS="2138" HPOS="1218"/>
                  <String HEIGHT="76" WIDTH="108" VPOS="2138" HPOS="1153" CONTENT="&amp;"/>
                  <SP HEIGHT="76" WIDTH="22" VPOS="2138" HPOS="1261"/>
                  <String HEIGHT="76"
                          WIDTH="216"
                          VPOS="2138"
                          HPOS="1196"
                          CONTENT="ueluti"/>
                  <SP HEIGHT="76" WIDTH="22" VPOS="2138" HPOS="1412"/>
                  <String HEIGHT="76"
                          WIDTH="345"
                          VPOS="2138"
                          HPOS="1347"
                          CONTENT="uniuersalis,"/>
                  <SP HEIGHT="76" WIDTH="22" VPOS="2138" HPOS="1693"/>
                  <String HEIGHT="76"
                          WIDTH="130"
                          VPOS="2138"
                          HPOS="1628"
                          CONTENT="ut"/>
                  <SP HEIGHT="76" WIDTH="22" VPOS="2138" HPOS="1757"/>
                  <String HEIGHT="76"
                          WIDTH="108"
                          VPOS="2138"
                          HPOS="1671"
                          CONTENT="ho"
                          SUBS_TYPE="HypPart1"
                          SUBS_CONTENT="hodie"/>
                  <HYP CONTENT="-"/>
               </TextLine>
               <TextLine ID="r1l40"
                         BASELINE="2272"
                         HEIGHT="80"
                         WIDTH="1652"
                         VPOS="2192"
                         HPOS="115">
                  <String HEIGHT="80"
                          WIDTH="143"
                          VPOS="2192"
                          HPOS="95"
                          CONTENT="die"
                          SUBS_TYPE="HypPart2"
                          SUBS_CONTENT="hodie"/>
                  <SP HEIGHT="80" WIDTH="20" VPOS="2192" HPOS="237"/>
                  <String HEIGHT="80"
                          WIDTH="286"
                          VPOS="2192"
                          HPOS="176"
                          CONTENT="nuncupant."/>
                  <SP HEIGHT="80" WIDTH="20" VPOS="2192" HPOS="462"/>
                  <String HEIGHT="80"
                          WIDTH="306"
                          VPOS="2192"
                          HPOS="401"
                          CONTENT="Clarissimos"/>
                  <SP HEIGHT="80" WIDTH="20" VPOS="2192" HPOS="706"/>
                  <String HEIGHT="80"
                          WIDTH="184"
                          VPOS="2192"
                          HPOS="645"
                          CONTENT="autem"/>
                  <SP HEIGHT="80" WIDTH="20" VPOS="2192" HPOS="829"/>
                  <String HEIGHT="80"
                          WIDTH="184"
                          VPOS="2192"
                          HPOS="768"
                          CONTENT="uiros"/>
                  <SP HEIGHT="80" WIDTH="20" VPOS="2192" HPOS="951"/>
                  <String HEIGHT="80"
                          WIDTH="224"
                          VPOS="2192"
                          HPOS="890"
                          CONTENT="scholis"/>
                  <SP HEIGHT="80" WIDTH="20" VPOS="2192" HPOS="1114"/>
                  <String HEIGHT="80"
                          WIDTH="286"
                          VPOS="2192"
                          HPOS="1053"
                          CONTENT="praefuisse"/>
                  <SP HEIGHT="80" WIDTH="20" VPOS="2192" HPOS="1339"/>
                  <String HEIGHT="80"
                          WIDTH="184"
                          VPOS="2192"
                          HPOS="1278"
                          CONTENT="eadem"/>
                  <SP HEIGHT="80" WIDTH="20" VPOS="2192" HPOS="1461"/>
                  <String HEIGHT="80"
                          WIDTH="245"
                          VPOS="2192"
                          HPOS="1400"
                          CONTENT="testatur"/>
                  <SP HEIGHT="80" WIDTH="20" VPOS="2192" HPOS="1645"/>
                  <String HEIGHT="80"
                          WIDTH="184"
                          VPOS="2192"
                          HPOS="1583"
                          CONTENT="sacra"/>
                  <SP HEIGHT="80" WIDTH="20" VPOS="2192" HPOS="1767"/>
                  <String HEIGHT="80" WIDTH="82" VPOS="2192" HPOS="1685" CONTENT="hi"/>
               </TextLine>
               <TextLine ID="r1l42"
                         BASELINE="2322"
                         HEIGHT="66"
                         WIDTH="1664"
                         VPOS="2256"
                         HPOS="104">
                  <String HEIGHT="66"
                          WIDTH="247"
                          VPOS="2256"
                          HPOS="82"
                          CONTENT="storia."/>
                  <SP HEIGHT="66" WIDTH="22" VPOS="2256" HPOS="329"/>
                  <String HEIGHT="66"
                          WIDTH="157"
                          VPOS="2256"
                          HPOS="261"
                          CONTENT="Nam"/>
                  <SP HEIGHT="66" WIDTH="22" VPOS="2256" HPOS="419"/>
                  <String HEIGHT="66" WIDTH="135" VPOS="2256" HPOS="351" CONTENT="in"/>
                  <SP HEIGHT="66" WIDTH="22" VPOS="2256" HPOS="486"/>
                  <String HEIGHT="66"
                          WIDTH="180"
                          VPOS="2256"
                          HPOS="419"
                          CONTENT="Rama"/>
                  <SP HEIGHT="66" WIDTH="22" VPOS="2256" HPOS="599"/>
                  <String HEIGHT="66"
                          WIDTH="247"
                          VPOS="2256"
                          HPOS="531"
                          CONTENT="legimus"/>
                  <SP HEIGHT="66" WIDTH="22" VPOS="2256" HPOS="779"/>
                  <String HEIGHT="66"
                          WIDTH="292"
                          VPOS="2256"
                          HPOS="711"
                          CONTENT="Samuelem,"/>
                  <SP HEIGHT="66" WIDTH="22" VPOS="2256" HPOS="1003"/>
                  <String HEIGHT="66"
                          WIDTH="225"
                          VPOS="2256"
                          HPOS="936"
                          CONTENT="apicem"/>
                  <SP HEIGHT="66" WIDTH="22" VPOS="2256" HPOS="1161"/>
                  <String HEIGHT="66"
                          WIDTH="202"
                          VPOS="2256"
                          HPOS="1093"
                          CONTENT="omnis"/>
                  <SP HEIGHT="66" WIDTH="22" VPOS="2256" HPOS="1296"/>
                  <String HEIGHT="66"
                          WIDTH="337"
                          VPOS="2256"
                          HPOS="1228"
                          CONTENT="sapientiae,"/>
                  <SP HEIGHT="66" WIDTH="22" VPOS="2256" HPOS="1566"/>
                  <String HEIGHT="66"
                          WIDTH="270"
                          VPOS="2256"
                          HPOS="1498"
                          CONTENT="pietatis"/>
                  <SP HEIGHT="66" WIDTH="22" VPOS="2256" HPOS="1768"/>
                  <String HEIGHT="66" WIDTH="112" VPOS="2256" HPOS="1701" CONTENT="&amp;"/>
                  <SP HEIGHT="66" WIDTH="22" VPOS="2256" HPOS="1813"/>
                  <String HEIGHT="66" WIDTH="45" VPOS="2256" HPOS="1723" CONTENT=""/>
               </TextLine>
               <TextLine ID="r1l44"
                         BASELINE="2391"
                         HEIGHT="85"
                         WIDTH="1662"
                         VPOS="2306"
                         HPOS="102">
                  <String HEIGHT="85"
                          WIDTH="313"
                          VPOS="2306"
                          HPOS="82"
                          CONTENT="eruditionis,"/>
                  <SP HEIGHT="85" WIDTH="20" VPOS="2306" HPOS="395"/>
                  <String HEIGHT="85"
                          WIDTH="274"
                          VPOS="2306"
                          HPOS="337"
                          CONTENT="praefuisse"/>
                  <SP HEIGHT="85" WIDTH="20" VPOS="2306" HPOS="610"/>
                  <String HEIGHT="85"
                          WIDTH="215"
                          VPOS="2306"
                          HPOS="552"
                          CONTENT="natoth,"/>
                  <SP HEIGHT="85" WIDTH="20" VPOS="2306" HPOS="767"/>
                  <String HEIGHT="85" WIDTH="117" VPOS="2306" HPOS="708" CONTENT="id"/>
                  <SP HEIGHT="85" WIDTH="20" VPOS="2306" HPOS="825"/>
                  <String HEIGHT="85"
                          WIDTH="137"
                          VPOS="2306"
                          HPOS="767"
                          CONTENT="est"/>
                  <SP HEIGHT="85" WIDTH="20" VPOS="2306" HPOS="904"/>
                  <String HEIGHT="85"
                          WIDTH="196"
                          VPOS="2306"
                          HPOS="845"
                          CONTENT="bursae"/>
                  <SP HEIGHT="85" WIDTH="20" VPOS="2306" HPOS="1041"/>
                  <String HEIGHT="85" WIDTH="98" VPOS="2306" HPOS="982" CONTENT="("/>
                  <SP HEIGHT="85" WIDTH="20" VPOS="2306" HPOS="1080"/>
                  <String HEIGHT="85"
                          WIDTH="117"
                          VPOS="2306"
                          HPOS="1021"
                          CONTENT="ut"/>
                  <SP HEIGHT="85" WIDTH="20" VPOS="2306" HPOS="1138"/>
                  <String HEIGHT="85"
                          WIDTH="215"
                          VPOS="2306"
                          HPOS="1080"
                          CONTENT="uocant)"/>
                  <SP HEIGHT="85" WIDTH="20" VPOS="2306" HPOS="1295"/>
                  <String HEIGHT="85"
                          WIDTH="137"
                          VPOS="2306"
                          HPOS="1236"
                          CONTENT="uel"/>
                  <SP HEIGHT="85" WIDTH="20" VPOS="2306" HPOS="1373"/>
                  <String HEIGHT="85"
                          WIDTH="235"
                          VPOS="2306"
                          HPOS="1314"
                          CONTENT="collegio"/>
                  <SP HEIGHT="85" WIDTH="20" VPOS="2306" HPOS="1549"/>
                  <String HEIGHT="85"
                          WIDTH="313"
                          VPOS="2306"
                          HPOS="1490"
                          CONTENT="prophetarum,"/>
                  <SP HEIGHT="85" WIDTH="20" VPOS="2306" HPOS="1803"/>
                  <String HEIGHT="85" WIDTH="39" VPOS="2306" HPOS="1725" CONTENT=""/>
               </TextLine>
               <TextLine ID="r1l46"
                         BASELINE="2445"
                         HEIGHT="81"
                         WIDTH="1652"
                         VPOS="2364"
                         HPOS="112">
                  <String HEIGHT="81"
                          WIDTH="236"
                          VPOS="2364"
                          HPOS="91"
                          CONTENT="Scholae"/>
                  <SP HEIGHT="81" WIDTH="21" VPOS="2364" HPOS="327"/>
                  <String HEIGHT="81"
                          WIDTH="386"
                          VPOS="2364"
                          HPOS="262"
                          CONTENT="Hierichuntinae"/>
                  <SP HEIGHT="81" WIDTH="21" VPOS="2364" HPOS="648"/>
                  <String HEIGHT="81" WIDTH="107" VPOS="2364" HPOS="584" CONTENT="&amp;"/>
                  <SP HEIGHT="81" WIDTH="21" VPOS="2364" HPOS="691"/>
                  <String HEIGHT="81"
                          WIDTH="215"
                          VPOS="2364"
                          HPOS="627"
                          CONTENT="Gilgal"/>
                  <SP HEIGHT="81" WIDTH="21" VPOS="2364" HPOS="841"/>
                  <String HEIGHT="81"
                          WIDTH="257"
                          VPOS="2364"
                          HPOS="777"
                          CONTENT="rectores"/>
                  <SP HEIGHT="81" WIDTH="21" VPOS="2364" HPOS="1035"/>
                  <String HEIGHT="81"
                          WIDTH="236"
                          VPOS="2364"
                          HPOS="970"
                          CONTENT="fuerunt"/>
                  <SP HEIGHT="81" WIDTH="21" VPOS="2364" HPOS="1206"/>
                  <String HEIGHT="81"
                          WIDTH="215"
                          VPOS="2364"
                          HPOS="1142"
                          CONTENT="Helias"/>
                  <SP HEIGHT="81" WIDTH="21" VPOS="2364" HPOS="1356"/>
                  <String HEIGHT="81" WIDTH="107" VPOS="2364" HPOS="1292" CONTENT="&amp;"/>
                  <SP HEIGHT="81" WIDTH="21" VPOS="2364" HPOS="1399"/>
                  <String HEIGHT="81"
                          WIDTH="257"
                          VPOS="2364"
                          HPOS="1335"
                          CONTENT="Heliseus"/>
                  <SP HEIGHT="81" WIDTH="21" VPOS="2364" HPOS="1592"/>
                  <String HEIGHT="81"
                          WIDTH="257"
                          VPOS="2364"
                          HPOS="1507"
                          CONTENT="clarissima"/>
               </TextLine>
               <TextLine ID="r1l48"
                         BASELINE="2492"
                         HEIGHT="76"
                         WIDTH="1639"
                         VPOS="2416"
                         HPOS="114">
                  <String HEIGHT="76"
                          WIDTH="341"
                          VPOS="2416"
                          HPOS="93"
                          CONTENT="lsraeliticae"/>
                  <SP HEIGHT="76" WIDTH="21" VPOS="2416" HPOS="433"/>
                  <String HEIGHT="76"
                          WIDTH="277"
                          VPOS="2416"
                          HPOS="369"
                          CONTENT="ecclesiae"/>
                  <SP HEIGHT="76" WIDTH="21" VPOS="2416" HPOS="646"/>
                  <String HEIGHT="76"
                          WIDTH="234"
                          VPOS="2416"
                          HPOS="582"
                          CONTENT="lumina."/>
                  <SP HEIGHT="76" WIDTH="21" VPOS="2416" HPOS="816"/>
                  <String HEIGHT="76"
                          WIDTH="319"
                          VPOS="2416"
                          HPOS="753"
                          CONTENT="Subuerterat"/>
                  <SP HEIGHT="76" WIDTH="21" VPOS="2416" HPOS="1072"/>
                  <String HEIGHT="76"
                          WIDTH="234"
                          VPOS="2416"
                          HPOS="1008"
                          CONTENT="impurus"/>
                  <SP HEIGHT="76" WIDTH="21" VPOS="2416" HPOS="1242"/>
                  <String HEIGHT="76"
                          WIDTH="255"
                          VPOS="2416"
                          HPOS="1178"
                          CONTENT="Ieroboam"/>
                  <SP HEIGHT="76" WIDTH="21" VPOS="2416" HPOS="1434"/>
                  <String HEIGHT="76"
                          WIDTH="255"
                          VPOS="2416"
                          HPOS="1370"
                          CONTENT="scholas,"/>
                  <SP HEIGHT="76" WIDTH="21" VPOS="2416" HPOS="1625"/>
                  <String HEIGHT="76" WIDTH="106" VPOS="2416" HPOS="1561" CONTENT="&amp;"/>
                  <SP HEIGHT="76" WIDTH="21" VPOS="2416" HPOS="1668"/>
                  <String HEIGHT="76"
                          WIDTH="170"
                          VPOS="2416"
                          HPOS="1583"
                          CONTENT="concul"/>
               </TextLine>
               <TextLine ID="r1l50"
                         BASELINE="2552"
                         HEIGHT="65"
                         WIDTH="1656"
                         VPOS="2487"
                         HPOS="108">
                  <String HEIGHT="65"
                          WIDTH="191"
                          VPOS="2487"
                          HPOS="87"
                          CONTENT="carat"/>
                  <SP HEIGHT="65" WIDTH="21" VPOS="2487" HPOS="278"/>
                  <String HEIGHT="65"
                          WIDTH="340"
                          VPOS="2487"
                          HPOS="214"
                          CONTENT="sacerdotalem"/>
                  <SP HEIGHT="65" WIDTH="21" VPOS="2487" HPOS="554"/>
                  <String HEIGHT="65"
                          WIDTH="255"
                          VPOS="2487"
                          HPOS="490"
                          CONTENT="ordinem,"/>
                  <SP HEIGHT="65" WIDTH="21" VPOS="2487" HPOS="745"/>
                  <String HEIGHT="65" WIDTH="127" VPOS="2487" HPOS="681" CONTENT="in"/>
                  <SP HEIGHT="65" WIDTH="21" VPOS="2487" HPOS="809"/>
                  <String HEIGHT="65"
                          WIDTH="318"
                          VPOS="2487"
                          HPOS="745"
                          CONTENT="sacerdotium"/>
                  <SP HEIGHT="65" WIDTH="21" VPOS="2487" HPOS="1063"/>
                  <String HEIGHT="65"
                          WIDTH="255"
                          VPOS="2487"
                          HPOS="1000"
                          CONTENT="admissis"/>
                  <SP HEIGHT="65" WIDTH="21" VPOS="2487" HPOS="1254"/>
                  <String HEIGHT="65"
                          WIDTH="127"
                          VPOS="2487"
                          HPOS="1191"
                          CONTENT="ex"/>
                  <SP HEIGHT="65" WIDTH="21" VPOS="2487" HPOS="1318"/>
                  <String HEIGHT="65"
                          WIDTH="170"
                          VPOS="2487"
                          HPOS="1254"
                          CONTENT="fece"/>
                  <SP HEIGHT="65" WIDTH="21" VPOS="2487" HPOS="1424"/>
                  <String HEIGHT="65"
                          WIDTH="212"
                          VPOS="2487"
                          HPOS="1361"
                          CONTENT="populi"/>
                  <SP HEIGHT="65" WIDTH="21" VPOS="2487" HPOS="1573"/>
                  <String HEIGHT="65"
                          WIDTH="191"
                          VPOS="2487"
                          HPOS="1509"
                          CONTENT="citra"/>
                  <SP HEIGHT="65" WIDTH="21" VPOS="2487" HPOS="1700"/>
                  <String HEIGHT="65"
                          WIDTH="149"
                          VPOS="2487"
                          HPOS="1615"
                          CONTENT="dele"
                          SUBS_TYPE="HypPart1"
                          SUBS_CONTENT="delectum"/>
                  <HYP CONTENT="-"/>
               </TextLine>
               <TextLine ID="r1l51"
                         BASELINE="2608"
                         HEIGHT="77"
                         WIDTH="1645"
                         VPOS="2531"
                         HPOS="114">
                  <String HEIGHT="77"
                          WIDTH="165"
                          VPOS="2531"
                          HPOS="93"
                          CONTENT="ctum"
                          SUBS_TYPE="HypPart2"
                          SUBS_CONTENT="delectum"/>
                  <SP HEIGHT="77" WIDTH="21" VPOS="2531" HPOS="258"/>
                  <String HEIGHT="77"
                          WIDTH="329"
                          VPOS="2531"
                          HPOS="196"
                          CONTENT="quibuslibet."/>
                  <SP HEIGHT="77" WIDTH="21" VPOS="2531" HPOS="525"/>
                  <String HEIGHT="77"
                          WIDTH="350"
                          VPOS="2531"
                          HPOS="464"
                          CONTENT="Intellexerunt"/>
                  <SP HEIGHT="77" WIDTH="21" VPOS="2531" HPOS="813"/>
                  <String HEIGHT="77"
                          WIDTH="185"
                          VPOS="2531"
                          HPOS="751"
                          CONTENT="autem"/>
                  <SP HEIGHT="77" WIDTH="21" VPOS="2531" HPOS="937"/>
                  <String HEIGHT="77"
                          WIDTH="165"
                          VPOS="2531"
                          HPOS="875"
                          CONTENT="uiri"/>
                  <SP HEIGHT="77" WIDTH="21" VPOS="2531" HPOS="1039"/>
                  <String HEIGHT="77"
                          WIDTH="144"
                          VPOS="2531"
                          HPOS="978"
                          CONTENT="dei"/>
                  <SP HEIGHT="77" WIDTH="21" VPOS="2531" HPOS="1122"/>
                  <String HEIGHT="77"
                          WIDTH="206"
                          VPOS="2531"
                          HPOS="1060"
                          CONTENT="Helias"/>
                  <SP HEIGHT="77" WIDTH="21" VPOS="2531" HPOS="1266"/>
                  <String HEIGHT="77" WIDTH="103" VPOS="2531" HPOS="1204" CONTENT="&amp;"/>
                  <SP HEIGHT="77" WIDTH="21" VPOS="2531" HPOS="1307"/>
                  <String HEIGHT="77"
                          WIDTH="247"
                          VPOS="2531"
                          HPOS="1245"
                          CONTENT="Heliseus"/>
                  <SP HEIGHT="77" WIDTH="21" VPOS="2531" HPOS="1492"/>
                  <String HEIGHT="77"
                          WIDTH="165"
                          VPOS="2531"
                          HPOS="1430"
                          CONTENT="sine"/>
                  <SP HEIGHT="77" WIDTH="21" VPOS="2531" HPOS="1595"/>
                  <String HEIGHT="77"
                          WIDTH="226"
                          VPOS="2531"
                          HPOS="1533"
                          CONTENT="scholis"/>
                  <SP HEIGHT="77" WIDTH="21" VPOS="2531" HPOS="1759"/>
                  <String HEIGHT="77" WIDTH="82" VPOS="2531" HPOS="1677" CONTENT="do"/>
               </TextLine>
               <TextLine ID="r1l52"
                         BASELINE="2671"
                         HEIGHT="80"
                         WIDTH="1650"
                         VPOS="2591"
                         HPOS="115">
                  <String HEIGHT="80"
                          WIDTH="224"
                          VPOS="2591"
                          HPOS="95"
                          CONTENT="ctrinam"/>
                  <SP HEIGHT="80" WIDTH="20" VPOS="2591" HPOS="319"/>
                  <String HEIGHT="80"
                          WIDTH="183"
                          VPOS="2591"
                          HPOS="258"
                          CONTENT="sanam"/>
                  <SP HEIGHT="80" WIDTH="20" VPOS="2591" HPOS="441"/>
                  <String HEIGHT="80"
                          WIDTH="143"
                          VPOS="2591"
                          HPOS="380"
                          CONTENT="non"/>
                  <SP HEIGHT="80" WIDTH="20" VPOS="2591" HPOS="522"/>
                  <String HEIGHT="80"
                          WIDTH="183"
                          VPOS="2591"
                          HPOS="461"
                          CONTENT="posse"/>
                  <SP HEIGHT="80" WIDTH="20" VPOS="2591" HPOS="645"/>
                  <String HEIGHT="80"
                          WIDTH="143"
                          VPOS="2591"
                          HPOS="584"
                          CONTENT="uel"/>
                  <SP HEIGHT="80" WIDTH="20" VPOS="2591" HPOS="726"/>
                  <String HEIGHT="80"
                          WIDTH="224"
                          VPOS="2591"
                          HPOS="665"
                          CONTENT="ssorere"/>
                  <SP HEIGHT="80" WIDTH="20" VPOS="2591" HPOS="889"/>
                  <String HEIGHT="80"
                          WIDTH="143"
                          VPOS="2591"
                          HPOS="828"
                          CONTENT="uel"/>
                  <SP HEIGHT="80" WIDTH="20" VPOS="2591" HPOS="971"/>
                  <String HEIGHT="80"
                          WIDTH="306"
                          VPOS="2591"
                          HPOS="909"
                          CONTENT="conseruari,"/>
                  <SP HEIGHT="80" WIDTH="20" VPOS="2591" HPOS="1215"/>
                  <String HEIGHT="80"
                          WIDTH="163"
                          VPOS="2591"
                          HPOS="1154"
                          CONTENT="toti"/>
                  <SP HEIGHT="80" WIDTH="20" VPOS="2591" HPOS="1317"/>
                  <String HEIGHT="80"
                          WIDTH="163"
                          VPOS="2591"
                          HPOS="1256"
                          CONTENT="ergo"/>
                  <SP HEIGHT="80" WIDTH="20" VPOS="2591" HPOS="1419"/>
                  <String HEIGHT="80"
                          WIDTH="183"
                          VPOS="2591"
                          HPOS="1358"
                          CONTENT="erant"/>
                  <SP HEIGHT="80" WIDTH="20" VPOS="2591" HPOS="1541"/>
                  <String HEIGHT="80"
                          WIDTH="122"
                          VPOS="2591"
                          HPOS="1480"
                          CONTENT="in"/>
                  <SP HEIGHT="80" WIDTH="20" VPOS="2591" HPOS="1602"/>
                  <String HEIGHT="80"
                          WIDTH="244"
                          VPOS="2591"
                          HPOS="1521"
                          CONTENT="instauran"
                          SUBS_TYPE="HypPart1"
                          SUBS_CONTENT="instaurandis"/>
                  <HYP CONTENT="-"/>
               </TextLine>
               <TextLine ID="r1l53"
                         BASELINE="2714"
                         HEIGHT="71"
                         WIDTH="1656"
                         VPOS="2643"
                         HPOS="106">
                  <String HEIGHT="71"
                          WIDTH="141"
                          VPOS="2643"
                          HPOS="86"
                          CONTENT="dis"
                          SUBS_TYPE="HypPart2"
                          SUBS_CONTENT="instaurandis"/>
                  <SP HEIGHT="71" WIDTH="20" VPOS="2643" HPOS="227"/>
                  <String HEIGHT="71"
                          WIDTH="242"
                          VPOS="2643"
                          HPOS="167"
                          CONTENT="scholis."/>
                  <SP HEIGHT="71" WIDTH="20" VPOS="2643" HPOS="409"/>
                  <String HEIGHT="71"
                          WIDTH="202"
                          VPOS="2643"
                          HPOS="348"
                          CONTENT="Cumque"/>
                  <SP HEIGHT="71" WIDTH="20" VPOS="2643" HPOS="550"/>
                  <String HEIGHT="71"
                          WIDTH="182"
                          VPOS="2643"
                          HPOS="490"
                          CONTENT="iusta"/>
                  <SP HEIGHT="71" WIDTH="20" VPOS="2643" HPOS="671"/>
                  <String HEIGHT="71"
                          WIDTH="141"
                          VPOS="2643"
                          HPOS="611"
                          CONTENT="his"/>
                  <SP HEIGHT="71" WIDTH="20" VPOS="2643" HPOS="752"/>
                  <String HEIGHT="71"
                          WIDTH="283"
                          VPOS="2643"
                          HPOS="692"
                          CONTENT="negarentur"/>
                  <SP HEIGHT="71" WIDTH="20" VPOS="2643" HPOS="974"/>
                  <String HEIGHT="71"
                          WIDTH="303"
                          VPOS="2643"
                          HPOS="914"
                          CONTENT="uectigalia,"/>
                  <SP HEIGHT="71" WIDTH="20" VPOS="2643" HPOS="1217"/>
                  <String HEIGHT="71"
                          WIDTH="202"
                          VPOS="2643"
                          HPOS="1156"
                          CONTENT="impijs"/>
                  <SP HEIGHT="71" WIDTH="20" VPOS="2643" HPOS="1358"/>
                  <String HEIGHT="71"
                          WIDTH="222"
                          VPOS="2643"
                          HPOS="1298"
                          CONTENT="regibus"/>
                  <SP HEIGHT="71" WIDTH="20" VPOS="2643" HPOS="1520"/>
                  <String HEIGHT="71"
                          WIDTH="121"
                          VPOS="2643"
                          HPOS="1459"
                          CONTENT="ea"/>
                  <SP HEIGHT="71" WIDTH="20" VPOS="2643" HPOS="1580"/>
                  <String HEIGHT="71"
                          WIDTH="263"
                          VPOS="2643"
                          HPOS="1499"
                          CONTENT="transferen"
                          SUBS_TYPE="HypPart1"
                          SUBS_CONTENT="transferentibus"/>
                  <HYP CONTENT="-"/>
               </TextLine>
               <TextLine ID="r1l54"
                         BASELINE="2776"
                         HEIGHT="73"
                         WIDTH="1665"
                         VPOS="2703"
                         HPOS="109">
                  <String HEIGHT="73"
                          WIDTH="183"
                          VPOS="2703"
                          HPOS="89"
                          CONTENT="tibus"
                          SUBS_TYPE="HypPart2"
                          SUBS_CONTENT="transferentibus"/>
                  <SP HEIGHT="73" WIDTH="20" VPOS="2703" HPOS="271"/>
                  <String HEIGHT="73" WIDTH="122" VPOS="2703" HPOS="211" CONTENT="ad"/>
                  <SP HEIGHT="73" WIDTH="20" VPOS="2703" HPOS="332"/>
                  <String HEIGHT="73"
                          WIDTH="305"
                          VPOS="2703"
                          HPOS="271"
                          CONTENT="adulatores,"/>
                  <SP HEIGHT="73" WIDTH="20" VPOS="2703" HPOS="576"/>
                  <String HEIGHT="73"
                          WIDTH="244"
                          VPOS="2703"
                          HPOS="515"
                          CONTENT="uentres,"/>
                  <SP HEIGHT="73" WIDTH="20" VPOS="2703" HPOS="759"/>
                  <String HEIGHT="73" WIDTH="122" VPOS="2703" HPOS="698" CONTENT="id"/>
                  <SP HEIGHT="73" WIDTH="20" VPOS="2703" HPOS="820"/>
                  <String HEIGHT="73"
                          WIDTH="142"
                          VPOS="2703"
                          HPOS="759"
                          CONTENT="est"/>
                  <SP HEIGHT="73" WIDTH="20" VPOS="2703" HPOS="901"/>
                  <String HEIGHT="73" WIDTH="122" VPOS="2703" HPOS="840" CONTENT="ad"/>
                  <SP HEIGHT="73" WIDTH="20" VPOS="2703" HPOS="962"/>
                  <String HEIGHT="73"
                          WIDTH="284"
                          VPOS="2703"
                          HPOS="901"
                          CONTENT="sacerdotes"/>
                  <SP HEIGHT="73" WIDTH="20" VPOS="2703" HPOS="1185"/>
                  <String HEIGHT="73"
                          WIDTH="244"
                          VPOS="2703"
                          HPOS="1124"
                          CONTENT="idolorum"/>
                  <SP HEIGHT="73" WIDTH="20" VPOS="2703" HPOS="1368"/>
                  <String HEIGHT="73"
                          WIDTH="264"
                          VPOS="2703"
                          HPOS="1307"
                          CONTENT="uitulorum"/>
                  <SP HEIGHT="73" WIDTH="20" VPOS="2703" HPOS="1571"/>
                  <String HEIGHT="73" WIDTH="102" VPOS="2703" HPOS="1510" CONTENT="&amp;"/>
                  <SP HEIGHT="73" WIDTH="20" VPOS="2703" HPOS="1612"/>
                  <String HEIGHT="73"
                          WIDTH="223"
                          VPOS="2703"
                          HPOS="1551"
                          CONTENT="Baalis,"/>
                  <SP HEIGHT="73" WIDTH="20" VPOS="2703" HPOS="1774"/>
                  <String HEIGHT="73" WIDTH="81" VPOS="2703" HPOS="1693" CONTENT="fa"/>
               </TextLine>
               <TextLine ID="r1l55"
                         BASELINE="2839"
                         HEIGHT="82"
                         WIDTH="1658"
                         VPOS="2757"
                         HPOS="108">
                  <String HEIGHT="82"
                          WIDTH="160"
                          VPOS="2757"
                          HPOS="88"
                          CONTENT="ctum"/>
                  <SP HEIGHT="82" WIDTH="20" VPOS="2757" HPOS="248"/>
                  <String HEIGHT="82"
                          WIDTH="140"
                          VPOS="2757"
                          HPOS="188"
                          CONTENT="est"/>
                  <SP HEIGHT="82" WIDTH="20" VPOS="2757" HPOS="328"/>
                  <String HEIGHT="82"
                          WIDTH="180"
                          VPOS="2757"
                          HPOS="268"
                          CONTENT="tamen"/>
                  <SP HEIGHT="82" WIDTH="20" VPOS="2757" HPOS="448"/>
                  <String HEIGHT="82"
                          WIDTH="240"
                          VPOS="2757"
                          HPOS="388"
                          CONTENT="bonitate"/>
                  <SP HEIGHT="82" WIDTH="20" VPOS="2757" HPOS="627"/>
                  <String HEIGHT="82"
                          WIDTH="220"
                          VPOS="2757"
                          HPOS="567"
                          CONTENT="domini,"/>
                  <SP HEIGHT="82" WIDTH="20" VPOS="2757" HPOS="787"/>
                  <String HEIGHT="82" WIDTH="120" VPOS="2757" HPOS="727" CONTENT="ut"/>
                  <SP HEIGHT="82" WIDTH="20" VPOS="2757" HPOS="847"/>
                  <String HEIGHT="82"
                          WIDTH="160"
                          VPOS="2757"
                          HPOS="787"
                          CONTENT="uiri"/>
                  <SP HEIGHT="82" WIDTH="20" VPOS="2757" HPOS="947"/>
                  <String HEIGHT="82"
                          WIDTH="220"
                          VPOS="2757"
                          HPOS="887"
                          CONTENT="aliquot"/>
                  <SP HEIGHT="82" WIDTH="20" VPOS="2757" HPOS="1107"/>
                  <String HEIGHT="82"
                          WIDTH="160"
                          VPOS="2757"
                          HPOS="1047"
                          CONTENT="boni"/>
                  <SP HEIGHT="82" WIDTH="20" VPOS="2757" HPOS="1207"/>
                  <String HEIGHT="82"
                          WIDTH="220"
                          VPOS="2757"
                          HPOS="1147"
                          CONTENT="aliquid"/>
                  <SP HEIGHT="82" WIDTH="20" VPOS="2757" HPOS="1366"/>
                  <String HEIGHT="82"
                          WIDTH="280"
                          VPOS="2757"
                          HPOS="1307"
                          CONTENT="conferrent"/>
                  <SP HEIGHT="82" WIDTH="20" VPOS="2757" HPOS="1586"/>
                  <String HEIGHT="82"
                          WIDTH="280"
                          VPOS="2757"
                          HPOS="1526"
                          CONTENT="studiosis,"/>
                  <SP HEIGHT="82" WIDTH="20" VPOS="2757" HPOS="1806"/>
                  <String HEIGHT="82" WIDTH="40" VPOS="2757" HPOS="1726" CONTENT=""/>
               </TextLine>
               <TextLine ID="r1l56"
                         BASELINE="2896"
                         HEIGHT="82"
                         WIDTH="1661"
                         VPOS="2814"
                         HPOS="107">
                  <String HEIGHT="82" WIDTH="101" VPOS="2814" HPOS="87" CONTENT="&amp;"/>
                  <SP HEIGHT="82" WIDTH="20" VPOS="2814" HPOS="188"/>
                  <String HEIGHT="82" WIDTH="122" VPOS="2814" HPOS="127" CONTENT="hi"/>
                  <SP HEIGHT="82" WIDTH="20" VPOS="2814" HPOS="249"/>
                  <String HEIGHT="82"
                          WIDTH="203"
                          VPOS="2814"
                          HPOS="188"
                          CONTENT="modico"/>
                  <SP HEIGHT="82" WIDTH="20" VPOS="2814" HPOS="391"/>
                  <String HEIGHT="82"
                          WIDTH="243"
                          VPOS="2814"
                          HPOS="330"
                          CONTENT="contenti"/>
                  <SP HEIGHT="82" WIDTH="20" VPOS="2814" HPOS="573"/>
                  <String HEIGHT="82"
                          WIDTH="203"
                          VPOS="2814"
                          HPOS="512"
                          CONTENT="uictu,"/>
                  <SP HEIGHT="82" WIDTH="20" VPOS="2814" HPOS="715"/>
                  <String HEIGHT="82"
                          WIDTH="243"
                          VPOS="2814"
                          HPOS="654"
                          CONTENT="fortiter"/>
                  <SP HEIGHT="82" WIDTH="20" VPOS="2814" HPOS="897"/>
                  <String HEIGHT="82" WIDTH="122" VPOS="2814" HPOS="836" CONTENT="se"/>
                  <SP HEIGHT="82" WIDTH="20" VPOS="2814" HPOS="958"/>
                  <String HEIGHT="82"
                          WIDTH="243"
                          VPOS="2814"
                          HPOS="897"
                          CONTENT="gererent"/>
                  <SP HEIGHT="82" WIDTH="20" VPOS="2814" HPOS="1140"/>
                  <String HEIGHT="82"
                          WIDTH="122"
                          VPOS="2814"
                          HPOS="1079"
                          CONTENT="in"/>
                  <SP HEIGHT="82" WIDTH="20" VPOS="2814" HPOS="1201"/>
                  <String HEIGHT="82"
                          WIDTH="365"
                          VPOS="2814"
                          HPOS="1140"
                          CONTENT="deprauatissimo"/>
                  <SP HEIGHT="82" WIDTH="20" VPOS="2814" HPOS="1505"/>
                  <String HEIGHT="82"
                          WIDTH="243"
                          VPOS="2814"
                          HPOS="1444"
                          CONTENT="saeculo."/>
                  <SP HEIGHT="82" WIDTH="20" VPOS="2814" HPOS="1687"/>
                  <String HEIGHT="82"
                          WIDTH="142"
                          VPOS="2814"
                          HPOS="1626"
                          CONTENT="Qui"/>
                  <SP HEIGHT="82" WIDTH="20" VPOS="2814" HPOS="1768"/>
                  <String HEIGHT="82" WIDTH="81" VPOS="2814" HPOS="1687" CONTENT="ue"/>
               </TextLine>
               <TextLine ID="r1l57"
                         BASELINE="2941"
                         HEIGHT="63"
                         WIDTH="1660"
                         VPOS="2878"
                         HPOS="110">
                  <String HEIGHT="63" WIDTH="120" VPOS="2878" HPOS="90" CONTENT="ro"/>
                  <SP HEIGHT="63" WIDTH="20" VPOS="2878" HPOS="210"/>
                  <String HEIGHT="63"
                          WIDTH="220"
                          VPOS="2878"
                          HPOS="150"
                          CONTENT="Scholis"/>
                  <SP HEIGHT="63" WIDTH="20" VPOS="2878" HPOS="370"/>
                  <String HEIGHT="63"
                          WIDTH="140"
                          VPOS="2878"
                          HPOS="310"
                          CONTENT="sic"/>
                  <SP HEIGHT="63" WIDTH="20" VPOS="2878" HPOS="450"/>
                  <String HEIGHT="63"
                          WIDTH="260"
                          VPOS="2878"
                          HPOS="390"
                          CONTENT="praeerant"/>
                  <SP HEIGHT="63" WIDTH="20" VPOS="2878" HPOS="650"/>
                  <String HEIGHT="63"
                          WIDTH="320"
                          VPOS="2878"
                          HPOS="590"
                          CONTENT="probatissimi"/>
                  <SP HEIGHT="63" WIDTH="20" VPOS="2878" HPOS="910"/>
                  <String HEIGHT="63"
                          WIDTH="180"
                          VPOS="2878"
                          HPOS="850"
                          CONTENT="uiri,"/>
                  <SP HEIGHT="63" WIDTH="20" VPOS="2878" HPOS="1030"/>
                  <String HEIGHT="63"
                          WIDTH="260"
                          VPOS="2878"
                          HPOS="970"
                          CONTENT="sapientes"/>
                  <SP HEIGHT="63" WIDTH="20" VPOS="2878" HPOS="1230"/>
                  <String HEIGHT="63"
                          WIDTH="120"
                          VPOS="2878"
                          HPOS="1170"
                          CONTENT="ac"/>
                  <SP HEIGHT="63" WIDTH="20" VPOS="2878" HPOS="1290"/>
                  <String HEIGHT="63"
                          WIDTH="260"
                          VPOS="2878"
                          HPOS="1230"
                          CONTENT="prophete,"/>
                  <SP HEIGHT="63" WIDTH="20" VPOS="2878" HPOS="1490"/>
                  <String HEIGHT="63"
                          WIDTH="340"
                          VPOS="2878"
                          HPOS="1430"
                          CONTENT="appellabantur"/>
                  <SP HEIGHT="63" WIDTH="20" VPOS="2878" HPOS="1770"/>
                  <String HEIGHT="63" WIDTH="80" VPOS="2878" HPOS="1690" CONTENT="pa"/>
               </TextLine>
               <TextLine ID="line_1593818933992_1797"
                         BASELINE="3016"
                         HEIGHT="93"
                         WIDTH="1683"
                         VPOS="2923"
                         HPOS="100">
                  <String HEIGHT="93"
                          WIDTH="197"
                          VPOS="2923"
                          HPOS="78"
                          CONTENT="tres."/>
                  <SP HEIGHT="93" WIDTH="22" VPOS="2923" HPOS="275"/>
                  <String HEIGHT="93"
                          WIDTH="175"
                          VPOS="2923"
                          HPOS="209"
                          CONTENT="Vnde"/>
                  <SP HEIGHT="93" WIDTH="22" VPOS="2923" HPOS="384"/>
                  <String HEIGHT="93" WIDTH="109" VPOS="2923" HPOS="319" CONTENT="&amp;"/>
                  <SP HEIGHT="93" WIDTH="22" VPOS="2923" HPOS="428"/>
                  <String HEIGHT="93"
                          WIDTH="284"
                          VPOS="2923"
                          HPOS="362"
                          CONTENT="discipuli"/>
                  <SP HEIGHT="93" WIDTH="22" VPOS="2923" HPOS="646"/>
                  <String HEIGHT="93"
                          WIDTH="153"
                          VPOS="2923"
                          HPOS="581"
                          CONTENT="uel"/>
                  <SP HEIGHT="93" WIDTH="22" VPOS="2923" HPOS="734"/>
                  <String HEIGHT="93"
                          WIDTH="284"
                          VPOS="2923"
                          HPOS="668"
                          CONTENT="scholares"/>
                  <SP HEIGHT="93" WIDTH="22" VPOS="2923" HPOS="952"/>
                  <String HEIGHT="93"
                          WIDTH="372"
                          VPOS="2923"
                          HPOS="887"
                          CONTENT="nuncupabantur"/>
                  <SP HEIGHT="93" WIDTH="22" VPOS="2923" HPOS="1258"/>
                  <String HEIGHT="93"
                          WIDTH="197"
                          VPOS="2923"
                          HPOS="1193"
                          CONTENT="filij"/>
                  <SP HEIGHT="93" WIDTH="22" VPOS="2923" HPOS="1390"/>
                  <String HEIGHT="93"
                          WIDTH="350"
                          VPOS="2923"
                          HPOS="1324"
                          CONTENT="prophetarum."/>
                  <SP HEIGHT="93" WIDTH="22" VPOS="2923" HPOS="1674"/>
                  <String HEIGHT="93"
                          WIDTH="175"
                          VPOS="2923"
                          HPOS="1608"
                          CONTENT="Amos"/>
                  <SP HEIGHT="93" WIDTH="22" VPOS="2923" HPOS="1783"/>
                  <String HEIGHT="93" WIDTH="109" VPOS="2923" HPOS="1717" CONTENT="&amp;"/>
                  <SP HEIGHT="93" WIDTH="22" VPOS="2923" HPOS="1827"/>
                  <String HEIGHT="93" WIDTH="44" VPOS="2923" HPOS="1739" CONTENT=""/>
               </TextLine>
            </TextBlock>
         </PrintSpace>
      </Page>
   </Layout>
</alto>
