2288 3632
65 270 175 80 sunt
174 270 284 80 linguarum
393 270 262 80 sacrarum
590 270 306 80 praecipue,
831 270 372 80 sermocionalis
1137 270 372 80 philosophiae,
1443 270 262 80 physices
1640 270 109 80 &
1662 270 109 80 ma-

76 351 236 64 theseos
247 351 236 64 studia:
419 351 107 64 &
462 351 172 64 haec
569 351 215 64 quidem
719 351 279 64 moderata,
934 351 107 64 &
977 351 129 64 ad
1041 351 215 64 certum
1192 351 258 64 pietatis
1385 351 215 64 scopum
1513 351 258 64 delineata.

70 395 252 63 lnuenias
259 395 168 63 enim
364 395 231 63 ingenia
533 395 168 63 quae
638 395 126 63 in
701 395 231 63 artibus
869 395 105 63 &
911 395 315 63 disciplinis
1163 395 357 63 consenescant,
1458 395 189 63 sacra
1584 395 168 63 uero
1668 395 105 63 at-

69 461 254 67 tingant
254 461 277 67 nunquam.
462 461 208 67 Atque
600 461 231 67 utinam
762 461 139 67 ex
831 461 300 67 prophanis
1062 461 231 67 nimium
1224 461 370 67 ingurgitatis
1524 461 162 67 non
1616 461 208 67 etiam

79 510 164 66 ipsa
182 510 205 66 sacra,
326 510 205 66 ueluti
469 510 246 66 barbara,
654 510 287 66 contemnere
879 510 267 66 discerent
1084 510 205 66 impij.
1228 510 246 66 Inuenias
1412 510 226 66 ingenia
1576 510 164 66 alia
1658 510 103 66 qua

69 566 231 85 studijs
237 566 273 85 matheseos
447 566 147 85 ita
530 566 357 85 inhaerescunt,
824 566 126 85 ut
887 566 252 85 meliores
1076 566 189 85 agere
1202 566 231 85 possint
1369 566 336 85 aedificiorum
1621 566 147 85 magi-

76 622 206 67 stros,
220 622 164 67 quam
323 622 247 67 rectores
508 622 144 67 uel
590 622 247 67 pastores
775 622 329 67 ecclesiarum,
1043 622 144 67 imo
1125 622 164 67 quae
1228 622 185 67 coelo
1351 622 308 67 astronomico
1598 622 144 67 sic
1659 622 103 67 im-

65 681 294 73 plicentur,
296 681 126 73 ut
359 681 189 73 uerum
485 681 210 73 coelum
632 681 189 73 sedem
758 681 252 73 beatorum
947 681 189 73 nihil
1073 681 126 73 ad
1136 681 126 73 se
1199 681 273 73 pertinere
1409 681 336 73 arbitrentur,
1661 681 105 73 sa-

78 742 146 57 tis
162 742 188 57 beati
287 742 230 57 futuri,
454 742 125 57 si
517 742 167 57 modo
621 742 188 57 motus
747 742 188 57 illos
872 742 188 57 coeli
997 742 272 57 uisibilis
1206 742 104 57 &
1248 742 251 57 astrorum
1436 742 209 57 cursum
1582 742 146 57 uel
1645 742 125 57 pun-

78 793 144 72 cto
161 793 268 72 attingere
367 793 248 72 possint.
553 793 144 72 Qui
635 793 186 72 autem
759 793 330 72 philosophiae
1027 793 227 72 studijs
1192 793 103 72 &
1234 793 351 72 dialecticorum
1522 793 206 72 tricis
1646 793 124 72 rhe-

65 850 271 61 torumque
269 850 317 61 praeceptis
518 850 181 61 plus
631 850 226 61 nimium
789 850 339 61 immorantur,
1060 850 158 61 nec
1151 850 203 61 finem
1286 850 203 61 ullum
1422 850 317 61 attingunt,
1648 850 113 61 aut

69 908 186 76 serio
193 908 248 76 cogitant
380 908 207 76 studia
525 908 145 76 sua
607 908 124 76 ad
669 908 372 76 aedificationem
980 908 269 76 ecclesiae
1187 908 269 76 conferre,
1394 908 166 76 fere
1476 908 290 76 disputatores

73 962 230 61 rixosi,
240 962 105 61 &
282 962 251 61 censores
470 962 335 61 superbissimi
742 962 209 61 fiunt,
889 962 209 61 quibus
1035 962 188 61 nihil
1161 962 251 61 proprie,
1349 962 188 61 terse
1474 962 105 61 &
1516 962 230 61 expense
1662 962 105 61 sa-

77 1027 146 69 tis
161 1027 209 69 dictum
307 1027 146 69 aut
390 1027 209 69 factum
536 1027 230 69 uidetur
703 1027 125 69 ab
766 1027 209 69 alijs,
912 1027 167 69 nisi
1017 1027 167 69 quod
1121 1027 230 69 ipsorum
1288 1027 271 69 capitibus
1497 1027 251 69 grauidis
1664 1027 104 69 ad-

73 1075 300 60 modulatum,
308 1075 300 60 regulisque
544 1075 343 60 praescriptis
822 1075 171 60 pilo
930 1075 193 60 tenus
1058 1075 193 60 etiam
1187 1075 279 60 congruit.
1401 1075 129 60 Hi
1465 1075 171 60 fere
1551 1075 214 60 disputa-

75 1133 257 59 tionibus
267 1133 343 59 impexissimis
546 1133 193 59 omnia
674 1133 300 59 inuoluunt,
910 1133 193 59 nihil
1039 1133 193 59 aliud
1167 1133 171 59 quam
1274 1133 364 59 disputationes
1574 1133 107 59 &
1596 1133 171 59 rixas.

70 1183 262 73 spirant,
267 1183 197 73 omnia
398 1183 219 73 omnium
551 1183 240 73 aliorum
726 1183 197 73 etiam
857 1183 175 73 bene
966 1183 153 73 aut
1054 1183 372 73 tolerabiliter
1360 1183 197 73 dicta
1491 1183 109 73 &
1534 1183 197 73 facta
1644 1183 109 73 ar-

59 1246 354 73 rogantissime
347 1246 266 73 censent,
546 1246 288 73 arrodunt,
767 1246 111 73 &
811 1246 243 73 maligne
988 1246 354 73 cauillantur,
1276 1246 398 73 philosophastri
1586 1246 177 73 uerius

70 1304 187 59 quam
187 1304 351 59 philosophi,
468 1304 164 59 imo
561 1304 304 59 scholarum
796 1304 117 59 &
843 1304 351 59 ecclesiarum
1124 1304 234 59 pestes
1288 1304 117 59 :
1334 1304 141 59 ex
1405 1304 234 59 quibus
1545 1304 211 59 uenenum

66 1361 390 68 altercationum,
392 1361 325 68 simultatum,
652 1361 347 68 dissidiorum,
934 1361 108 68 &
977 1361 282 68 scisionum
1194 1361 304 68 effunditur
1433 1361 130 68 in
1498 1361 304 68 ecclesiam.

73 1417 236 55 Contra
239 1417 166 55 hos
333 1417 260 55 uidetur
523 1417 260 55 locutus
712 1417 307 55 apostolus
948 1417 236 55 Paulus
1114 1417 142 55 ad
1185 1417 331 55 Timotheum.
1445 1417 166 55 Nam
1540 1417 189 55 post
1634 1417 142 55 com-

72 1475 243 65 pendium
249 1475 199 65 sanae
382 1475 288 65 doctrinae
603 1475 288 65 redditum,
824 1475 310 65 subiungit.
1067 1475 177 65 Haec
1178 1475 177 65 doce
1288 1475 111 65 &
1333 1475 310 65 exhortare.
1576 1475 133 65 Si
1620 1475 133 65 quis

68 1535 215 62 aliter
218 1535 215 62 docet,
368 1535 150 62 nec
454 1535 301 62 acquiescit
691 1535 193 62 sanis
820 1535 301 62 sermonibus
1056 1535 215 62 domini
1206 1535 215 62 nostri
1357 1535 172 62 Iesu
1464 1535 258 62 Christi,
1658 1535 107 62 &
1679 1535 86 62 ei

73 1587 162 72 quae
174 1587 243 72 secundum
356 1587 243 72 pietatem
538 1587 142 72 est
619 1587 283 72 doctrinae,
842 1587 243 72 inslatus
1024 1587 162 72 est,
1125 1587 182 72 nihil
1246 1587 202 72 sciens
1388 1587 142 72 sed
1469 1587 243 72 languens
1631 1587 121 72 cir-

63 1640 132 65 ca
129 1640 329 65 quaestiones
392 1640 110 65 &
436 1640 219 65 pugnas
589 1640 285 65 uerborum:
809 1640 132 65 ex
875 1640 219 65 quibus
1028 1640 219 65 oritur
1182 1640 263 65 inuidia,
1379 1640 307 65 contentio,
1598 1640 154 65 male-

64 1695 308 59 dicentiae,
306 1695 330 59 suspiciones
570 1695 220 59 malae,
724 1695 330 59 superuacuae
987 1695 418 59 confictationes,
1339 1695 242 59 hominum
1515 1695 198 59 mente
1625 1695 132 59 cor-

62 1755 283 71 ruptorum,
280 1755 109 71 &
324 1755 153 71 qui
411 1755 262 71 ueritate
607 1755 240 71 priuati
781 1755 196 71 sunt,
912 1755 370 71 existimantium
1217 1755 262 71 quaestum
1413 1755 174 71 esse
1522 1755 283 71 pietatem.

69 1799 274 77 Seiungere
280 1799 105 77 a
322 1799 253 77 talibus,

125 1851 235 68 Equidem
296 1851 278 68 feliciter
510 1851 235 68 nunquam
681 1851 214 68 cessit
831 1851 300 68 ecclesiae,
1067 1851 214 68 quando
1216 1851 235 68 homines
1388 1851 193 68 docti
1516 1851 107 68 &
1559 1851 257 68 studiosi

64 1914 235 86 deserta
235 1914 342 86 simplicitate
512 1914 107 86 &
555 1914 256 86 puritate
747 1914 192 86 uerbi
876 1914 171 86 dei,
982 1914 171 86 alio
1089 1914 342 86 conuerterunt
1367 1914 235 86 oculos,
1538 1914 192 86 neque
1666 1914 150 86 hos

68 1985 206 70 unice
206 1985 137 70 in
274 1985 206 70 solum
412 1985 229 70 uerbum
572 1985 160 70 dei
664 1985 366 70 collimarunt.
961 1985 137 70 Ex
1030 1985 298 70 ueteribus
1259 1985 229 70 quidam
1419 1985 160 70 non
1488 1985 275 70 contempse-

55 2035 180 58 runt
168 2035 225 58 uerbum
326 2035 180 58 dei,
439 2035 158 58 sed
529 2035 248 58 interim
709 2035 180 58 plus
822 2035 180 58 quam
934 2035 248 58 decebat
1115 2035 315 58 tribuerunt
1362 2035 406 58 traditionibus.
1678 2035 90 58 At

72 2093 134 68 ea
139 2093 134 68 re
206 2093 112 68 &
251 2093 291 68 erroribus
474 2093 313 68 occasionem
720 2093 358 68 praebuerunt,
1011 2093 112 68 &
1056 2093 268 68 inductos
1257 2093 224 68 abusus
1414 2093 380 68 confirmarunt,

62 2143 185 79 Ante
178 2143 255 79 saecula
363 2143 255 79 aliquot
548 2143 301 79 Gratianus
779 2143 116 79 &
825 2143 301 79 Lombardus
1057 2143 116 79 &
1103 2143 185 79 alij
1219 2143 231 79 quidam
1381 2143 139 79 ex
1427 2143 324 79 scriptoribus

60 2202 409 74 ecclesiasticis,
405 2202 387 74 conciliationem
727 2202 258 74 dogmatum
921 2202 237 74 facere,
1093 2202 108 74 &
1136 2202 215 74 certam
1287 2202 280 74 plenamque
1502 2202 301 74 theologiam

58 2264 216 70 conati
210 2264 173 70 sunt
318 2264 303 70 colligere.
556 2264 195 70 Verum
686 2264 130 70 ea
751 2264 130 70 re
816 2264 152 70 non
903 2264 173 70 modo
1011 2264 108 70 a
1054 2264 303 70 scripturis
1292 2264 303 70 abduxerunt
1531 2264 260 70 scholas,

62 2312 152 62 sed
149 2312 108 62 &
192 2312 281 62 doctrinas
409 2312 303 62 peregrinas
647 2312 281 62 ecclesiae
863 2312 346 62 obtruserunt.
1145 2312 216 62 Secuti
1296 2312 195 62 istos
1426 2312 303 62 Alexander,
1643 2312 108 62 Ala

54 2368 234 63 bertus,
224 2368 106 63 &
266 2368 234 63 Thomas,
437 2368 149 63 qui
522 2368 149 63 non
607 2368 170 63 modo
713 2368 170 63 ipsi
819 2368 106 63 a
862 2368 298 63 sententijs
1096 2368 191 63 illis
1223 2368 340 63 pependerunt,
1500 2368 106 63 &
1542 2368 149 63 eas
1606 2368 149 63 alijs

53 2427 214 61 etiam
196 2427 403 61 commendarunt,
528 2427 214 61 uerum
670 2427 214 61 ipsam
813 2427 237 61 quoque
979 2427 380 61 philosophiam
1287 2427 261 61 miscere
1477 2427 166 61 cum
1548 2427 214 61 theolo-

60 2483 178 69 gia,
171 2483 111 69 &
215 2483 133 69 in
282 2483 178 69 unum
393 2483 222 69 ueluti
549 2483 222 69 corpus
704 2483 267 69 redigere
904 2483 378 69 contenderunt.
1216 2483 156 69 Sed
1304 2483 178 69 inde
1416 2483 200 69 nobis
1549 2483 156 69 tot
1616 2483 133 69 uiae

60 2545 118 67 ac
119 2545 217 67 sectae,
277 2545 138 67 tot
356 2545 197 67 inquam
493 2545 217 67 paludes
651 2545 177 67 ranis
769 2545 276 67 scatentes,
985 2545 138 67 tot
1064 2545 236 67 scholae,
1241 2545 138 67 tot
1320 2545 295 67 monasteria,
1556 2545 118 67 ac
1596 2545 157 67 sophi-

57 2591 193 63 stae.
185 2591 236 63 Proinde
357 2591 129 63 si
421 2591 193 63 hodie
550 2591 214 63 quoque
700 2591 257 63 pergamus
893 2591 300 63 scripturis
1129 2591 236 63 sanctis
1301 2591 172 63 male
1408 2591 257 63 copulare
1579 2591 172 63 philo-

57 2646 252 66 sophiam,
246 2646 105 66 &
288 2646 189 66 illas
414 2646 315 66 superstitio
665 2646 126 66 se
728 2646 126 66 ad
791 2646 357 66 disputationes
1085 2646 273 66 reuocare,
1295 2646 126 66 ac
1357 2646 147 66 sub
1441 2646 231 66 regulas
1588 2646 168 66 cogere

56 2702 245 58 humanas
234 2702 156 58 uel
323 2702 245 58 artium,
501 2702 334 58 corrumpemus
769 2702 111 58 &
813 2702 178 58 ipsi
925 2702 134 58 in
991 2702 267 58 scholis,
1192 2702 223 58 grandi
1348 2702 156 58 cum
1437 2702 290 58 ecclesiae
1638 2702 111 58 dea

51 2764 273 73 trimento,
261 2764 336 73 synceritatem
535 2764 273 73 doctrinae
745 2764 336 73 apostolicae.
1018 2764 231 73 Interim
1186 2764 210 73 certum
1334 2764 147 73 est
1418 2764 189 73 bonas
1544 2764 189 73 artes
1649 2764 105 73 uel

52 2815 242 69 literas
228 2815 264 69 plurimum
426 2815 220 69 facere
580 2815 132 69 ad
646 2815 396 69 perspicuitatem
977 2815 132 69 ac
1043 2815 330 69 euidentiam,
1307 2815 154 69 sed
1395 2815 264 69 moderate
1593 2815 110 69 &
1637 2815 154 69 cum

59 2879 222 69 iudicio
221 2879 263 69 religiose
423 2879 283 69 adhibitas,
645 2879 121 69 ut
706 2879 243 69 imperium
888 2879 303 69 relinquatur
1130 2879 202 69 sacris
1272 2879 243 69 literis,
1454 2879 243 69 seruiant
1615 2879 142 69 autem

64 2926 187 93 omnes
189 2926 187 93 artes
313 2926 270 93 exoticae.
