2288 3632
548 293 259 72 Doceatur
743 293 173 72 ergo
851 293 130 72 in
916 293 238 72 scholis
1089 293 389 72 ecclesiasticis
1413 293 173 72 pura
1521 293 238 72 pietas,
1694 293 151 72 imo
1780 293 151 72 sit
1866 293 216 72 PIETAS
1996 293 173 72 scopus

498 354 298 65 studiorum
727 354 229 65 omnium
887 354 115 65 :
933 354 321 65 inculcetur
1185 354 298 65 studiosis
1414 354 160 65 mox
1506 354 137 65 ab
1575 354 229 65 initio
1735 354 298 65 studiorum
1941 354 229 65 Cateche-

508 419 166 63 sis,
612 419 145 63 nec
695 419 166 63 ulla
798 419 145 63 eis
881 419 311 63 permittatur
1130 419 249 63 requies,
1316 419 186 63 donec
1441 419 145 63 eam
1524 419 186 63 plene
1648 419 104 63 &
1689 419 311 63 imbiberint,
1938 419 104 63 &
1959 419 207 63 familia-

493 463 151 67 rem
580 463 172 67 sibi
687 463 280 67 fecerint:
903 463 258 67 augeatur
1096 463 215 67 deinde
1247 463 258 67 concepta
1441 463 215 67 pietas
1592 463 323 67 quotidianis
1850 463 323 67 fectionibus
2108 463 108 67 &

499 520 317 66 concionibus
753 520 212 66 sacris
901 520 106 66 :
943 520 338 66 praelegantur
1218 520 254 66 perpetuo
1408 520 233 66 scripta
1578 520 296 66 euangelica
1810 520 106 66 &
1853 520 317 66 apostolica,
2085 520 85 66 ut

511 576 104 76 &
553 576 166 76 haec
657 576 187 76 illis
781 576 208 76 mature
926 576 187 76 fiant
1051 576 332 76 familiaria::
1321 576 187 76 simul
1445 576 187 76 autem
1570 576 228 76 commode
1736 576 270 76 imbuantur
1944 576 228 76 linguis
2110 576 104 76 &

508 627 254 74 artibus,
698 627 381 74 exerceanturque
1016 627 106 74 &
1058 627 275 74 scribendo
1270 627 106 74 &
1313 627 254 74 dicendo.
1503 627 127 74 In
1567 627 212 74 primis
1715 627 191 74 autem
1842 627 212 74 exulet
1990 627 127 74 ex
2033 627 148 74 scho-

510 689 135 65 lis
587 689 135 65 pie
664 689 270 65 institutis
877 689 116 65 et
934 689 309 65 Christianis,
1185 689 174 65 luxus
1301 689 97 65 &
1340 689 212 65 libido.
1494 689 212 65 Floreat
1649 689 270 65 disciplina
1861 689 174 65 etiam
1958 689 212 65 seuerior.

514 744 127 73 Si
577 744 169 73 enim
683 744 316 73 corrumpatur
936 744 253 73 iuuentus
1126 744 127 73 in
1189 744 253 73 scholis,
1379 744 190 73 atque
1505 744 127 73 in
1568 744 316 73 corruptione
1821 744 316 73 adoleuerit,
2053 744 127 73 quid

515 799 237 70 obsecro
688 799 129 70 ab
753 799 151 70 his
839 799 302 70 expectemus
1076 799 216 70 quando
1227 799 280 70 praefecti
1443 799 237 70 fuerint
1615 799 280 70 muneribus
1809 799 367 70 ecclesiasticis?

510 854 175 74 lllos
626 854 116 74 ne
684 854 233 74 credamus
859 854 214 74 futuros
1014 854 252 74 ecclesiae
1208 854 155 74 sal,
1305 854 136 74 qui
1383 854 116 74 ut
1441 854 349 74 dissolutissimi
1733 854 369 74 insulsissimique
2043 854 175 74 sunt,

508 911 144 72 ita
591 911 289 72 acrimoniam
818 911 124 72 in
879 911 186 72 alijs
1003 911 186 72 ferre
1127 911 144 72 non
1209 911 247 72 possunt?
1395 911 186 72 lllos
1518 911 124 72 ne
1580 911 268 72 putabimus
1786 911 165 72 fore
1889 911 268 72 ecclesiae
2075 911 103 72 lu-

518 979 197 65 mina,
650 979 154 65 qui
737 979 175 65 ipsi
847 979 197 65 odere
979 979 219 65 lucem,
1132 979 110 65 &
1176 979 329 65 delectantur
1439 979 285 65 tenebris,
1659 979 110 65 &
1702 979 307 65 tenebrarum
1944 979 285 65 operibus?

523 1030 162 64 Quod
624 1030 162 64 ergo
725 1030 121 64 in
786 1030 243 64 ecclesia
968 1030 243 64 lsraelis
1150 1030 223 64 fuerunt
1312 1030 182 64 filij
1433 1030 182 64 Heli,
1555 1030 223 64 idipsum
1717 1030 182 64 erunt
1838 1030 101 64 &
1878 1030 162 64 sunt
1980 1030 121 64 in
2020 1030 162 64 eccle-

518 1091 143 59 sia
599 1091 224 59 Christi
762 1091 244 59 corrupti
945 1091 306 59 prophetarum
1190 1091 204 59 filij.
1332 1091 244 59 Peribunt
1516 1091 204 59 itaque
1658 1091 183 59 simul
1781 1091 143 59 cum
1862 1091 183 59 plebe
1984 1091 163 59 sibi
2066 1091 122 59 cre-

510 1133 195 79 dita.
640 1133 238 79 Proinde
814 1133 325 79 indulgentia
1074 1133 195 79 nimia
1204 1133 260 79 peccatur
1399 1133 195 79 hodie
1529 1133 130 79 in
1594 1133 238 79 scholis
1767 1133 238 79 scelere
1941 1133 238 79 nunquam
2092 1133 87 79 e-

528 1208 240 58 luibili.
708 1208 200 58 Venias
848 1208 160 58 enim
948 1208 120 58 in
1008 1208 220 58 scholas
1168 1208 140 58 non
1248 1208 220 58 paucas,
1407 1208 120 58 in
1467 1208 200 58 quibus
1607 1208 220 58 milites
1767 1208 100 58 &
1807 1208 240 58 scurras,
1987 1208 140 58 non
2047 1208 140 58 scho-

523 1249 180 70 lares
643 1249 140 70 aut
723 1249 260 70 studiosos
923 1249 220 70 credas,
1083 1249 160 70 quos
1183 1249 200 70 uulgus
1323 1249 240 70 clericos
1502 1249 260 70 appellat.
1702 1249 180 70 Neque
1822 1249 220 70 uictus,
1982 1249 180 70 neque
2082 1249 100 70 ue-

514 1305 218 72 stitus,
673 1305 179 72 neque
792 1305 198 72 mores.
931 1305 179 72 neque
1050 1305 198 72 dicta,
1189 1305 179 72 neque
1308 1305 179 72 facta
1427 1305 238 72 referunt
1606 1305 218 72 homines
1764 1305 258 72 ingenuos,
1963 1305 258 72 honestos,

525 1378 138 53 aut
604 1378 275 53 studiosos.
820 1378 157 53 Scio
919 1378 216 53 interim
1076 1378 177 53 multa
1194 1378 197 53 deberi
1332 1378 236 53 infelici
1509 1378 98 53 &
1548 1378 354 53 dissolutissimo
1844 1378 197 53 nostro
1981 1378 236 53 saeculo,

517 1416 128 74 in
581 1416 150 74 quo
666 1416 107 74 a
709 1416 342 74 contumacibus
987 1416 107 74 &
1030 1416 300 74 rebellibus
1266 1416 150 74 non
1351 1416 278 74 audiuntur
1565 1416 257 74 seniorum
1758 1416 257 74 consilia
1951 1416 107 74 :
1993 1416 150 74 sed
2058 1416 128 74 rur-

524 1475 159 68 sus
615 1475 182 68 noui
729 1475 273 68 plurimum
934 1475 159 68 non
1024 1475 182 68 raro
1138 1475 273 68 delinqui
1343 1475 387 68 praesidentium
1661 1475 250 68 incuria
1843 1475 114 68 &
1866 1475 318 68 indulgentia.

522 1532 229 74 Quoniam
689 1532 167 74 uero
793 1532 125 74 in
855 1532 229 74 scholis
1022 1532 187 74 recte
1147 1532 292 74 institutis
1376 1532 312 74 incolumitas
1626 1532 271 74 consistit
1834 1532 333 74 ecclesiarum,
2084 1532 104 74 an-

512 1601 272 60 nitendum
716 1601 181 60 erit
830 1601 204 60 summa
966 1601 159 60 ope
1057 1601 204 60 nobis
1193 1601 272 60 omnibus,
1397 1601 136 60 ne
1465 1601 181 60 quid
1579 1601 159 60 hac
1669 1601 204 60 parte
1805 1601 159 60 per
1896 1601 250 60 nostram
2055 1601 136 60 pec-

526 1645 181 62 cetur
647 1645 241 62 incuriam
828 1645 121 62 ac
888 1645 322 62 oscitantiam.
1149 1645 161 62 Haec
1250 1645 121 62 de
1310 1645 221 62 scholis
1471 1645 382 62 ecclesiasticis,
1793 1645 141 62 qua
1873 1645 181 62 potui
1974 1645 221 62 breuitate

525 1700 273 77 recensui:
735 1700 126 77 de
798 1700 210 77 quibus
945 1700 189 77 plura
1071 1700 168 77 dixi
1176 1700 126 77 in
1239 1700 189 77 libro
1366 1700 126 77 de
1429 1700 336 77 lnstitutione
1681 1700 294 77 episcoporum.

581 1756 203 66 Porro
717 1756 135 66 ut
784 1756 315 66 conseruari
1032 1756 248 66 possint
1212 1756 248 66 scholae
1392 1756 158 66 cum
1483 1756 315 66 ministerio
1730 1756 293 66 uniuerso,
1956 1756 113 66 &
1978 1756 203 66 omnibus

518 1813 271 72 aedificijs
731 1813 213 72 sacris,
885 1813 310 72 sumptibusque
1137 1813 368 72 ecclesiasticis,
1447 1813 155 72 opus
1543 1813 135 72 est
1621 1813 194 72 omnino
1756 1813 194 72 iustis
1892 1813 329 72 facultatibus,

523 1866 188 69 Locus
648 1866 167 69 ergo
752 1866 146 69 hic
836 1866 229 69 admonet
1003 1866 229 69 aliquid
1169 1866 250 69 proferre
1357 1866 125 69 de
1420 1866 188 69 Bonis
1545 1866 396 69 Ecclesiasticis.
1878 1866 167 69 Deus
1983 1866 125 69 in
2045 1866 125 69 ea
2087 1866 104 69 re-

526 1931 166 71 pub.
630 1931 166 71 quam
734 1931 187 71 alijs
859 1931 312 71 praelucere,
1109 1931 125 71 ut
1171 1931 208 71 optime
1317 1931 125 71 in
1379 1931 229 71 omnibus
1545 1931 187 71 rebus
1670 1931 312 71 necessarijs
1920 1931 312 71 institutam,

532 1990 220 68 uoluit,
692 1990 120 68 ex
752 1990 220 68 publico
913 1990 281 68 uectigalia
1133 1990 180 68 sacro
1253 1990 281 68 ministerio
1474 1990 281 68 deputauit,
1694 1990 220 68 decimas
1854 1990 281 68 uidelicet,
2055 1990 140 68 pri-

516 2034 213 77 mitias
665 2034 106 77 &
707 2034 191 77 uarij
835 2034 234 77 generis
1005 2034 319 77 oblationes.
1260 2034 213 77 Extant
1409 2034 170 77 haec
1515 2034 213 77 multis
1664 2034 128 77 ab
1728 2034 170 77 ipso
1834 2034 170 77 uiro
1941 2034 149 77 dei
2026 2034 170 77 Mose
2111 2034 85 77 in

525 2093 164 67 lege
627 2093 266 67 exposita:
831 2093 143 67 qui
913 2093 184 67 nihil
1036 2093 225 67 ueritus
1199 2093 164 67 est,
1302 2093 123 67 ne
1363 2093 143 67 eam
1445 2093 123 67 ob
1506 2093 327 67 tractationem
1772 2093 307 67 accusaretur
1997 2093 184 67 iniquae

515 2150 291 75 cupiditatis
747 2150 136 75 aut
825 2150 271 75 auaritiae.
1038 2150 213 75 Diserte
1193 2150 155 75 enim
1290 2150 155 75 quae
1387 2150 155 75 deus
1483 2150 174 75 loqui
1600 2150 233 75 iubebat,
1774 2150 252 75 fideliter
1968 2150 252 75 reddidit.

525 2206 172 75 Quid
633 2206 172 75 quod
741 2206 172 75 ipsa
848 2206 151 75 lex
934 2206 237 75 naturae
1106 2206 194 75 iubet
1235 2206 280 75 laboranti
1451 2206 172 75 dare
1558 2206 280 75 mercedem,
1773 2206 108 75 &
1816 2206 258 75 publicos
1988 2206 194 75 sumptus

519 2261 123 80 ex
580 2261 286 80 collatione
804 2261 225 80 publica
968 2261 327 80 suppeditare?
1233 2261 123 80 Et
1295 2261 286 80 uectigalia
1519 2261 143 80 uel
1601 2261 225 80 tributa
1764 2261 163 80 illa
1866 2261 163 80 quae
1968 2261 123 80 ex
2009 2261 184 80 publico

519 2321 401 70 colligebantur,
853 2321 156 70 non
942 2321 334 70 erogabantur
1210 2321 178 70 nisi
1321 2321 134 70 in
1388 2321 178 70 usus
1499 2321 290 70 publicos.
1722 2321 223 70 Partim
1878 2321 178 70 enim
1967 2321 223 70 cedebant

516 2375 281 75 ministris
733 2375 152 75 pro
819 2375 238 75 ipsorum
993 2375 325 75 ministerio,
1252 2375 216 75 partim
1404 2375 368 75 impendebantur
1707 2375 260 75 publicis
1902 2375 303 75 aedificijs
2118 2375 65 75 &

517 2432 280 63 sumptibus
733 2432 237 63 sacris,
905 2432 280 63 Seruiebat
1120 2432 172 63 item
1228 2432 215 63 portio
1378 2432 323 63 subleuandis
1636 2432 323 63 pauperibus.

592 2496 235 62 Tametsi
763 2496 171 62 uero
870 2496 257 62 abrogata
1063 2496 150 62 sit
1148 2496 171 62 nouo
1255 2496 300 62 testamento
1491 2496 150 62 lex
1576 2496 257 62 Leuitica
1769 2496 150 62 cum
1855 2496 300 62 sacerdotio
2069 2496 128 62 uni-

522 2551 220 65 uerso,
676 2551 220 65 certum
829 2551 154 65 est
917 2551 198 65 tamen
1049 2551 329 65 uniuersalem
1313 2551 198 65 illam
1444 2551 220 65 legem,
1598 2551 264 65 publicos
1796 2551 242 65 sumptus
1971 2551 132 65 ex
2015 2551 176 65 publi-

528 2603 157 64 cis
617 2603 381 64 collationibus
931 2603 224 64 facere
1088 2603 291 64 iubentem,
1312 2603 157 64 non
1401 2603 179 64 esse
1513 2603 291 64 abolitam.
1737 2603 157 64 Nam
1827 2603 246 64 legimus
1983 2603 202 64 dominum

523 2658 193 71 Iesum
651 2658 278 71 Christum,
865 2658 193 71 licet
993 2658 150 71 non
1079 2658 128 71 ex
1143 2658 235 71 decimis
1314 2658 107 71 &
1357 2658 299 71 sacerdotum
1592 2658 364 71 uectigalibus,
1892 2658 128 71 ex
1956 2658 278 71 collatio

525 2727 208 68 nibus
663 2727 208 68 tamen
802 2727 231 68 nihilo
963 2727 208 68 minus
1101 2727 231 68 piorum
1263 2727 277 68 uixisse.
1470 2727 161 68 Nam
1562 2727 254 68 publico
1747 2727 323 68 fungebatur
1977 2727 208 68 munere.

523 2768 167 62 ldem
627 2768 292 62 discipulos
857 2768 167 62 suos
961 2768 125 62 ad
1024 2768 334 62 praedicandum
1295 2768 271 62 ablegans,
1503 2768 229 62 diserte
1670 2768 208 62 dicit,
1816 2768 167 62 Nolo
1920 2768 146 62 uos
2003 2768 125 62 de
2045 2768 146 62 uictu

533 2825 107 63 &
575 2825 215 63 amictu
726 2825 172 63 esse
833 2825 300 63 solicitos,
1069 2825 215 63 Dignus
1219 2825 150 63 est
1305 2825 172 63 enim
1412 2825 279 63 operarius
1627 2825 236 63 mercede
1799 2825 172 63 sua.
1906 2825 172 63 Ergo
1992 2825 193 63 confert

530 2882 262 75 primitiua
731 2882 262 75 ecclesia,
933 2882 121 75 ab
993 2882 262 75 apostolis
1195 2882 222 75 Christo
1356 2882 262 75 collecta,
1557 2882 201 75 domos,
1698 2882 222 75 praedia
1860 2882 101 75 &
1900 2882 242 75 pecunias
2061 2882 121 75 suas

511 2946 127 77 ad
574 2946 380 77 conseruationem
891 2946 296 77 ministerij
1123 2946 253 77 rerumque
1313 2946 274 77 ecclesiae
1524 2946 380 77 necessariarum.
1841 2946 296 77 Sacerdotes
2073 2946 106 77 &
2094 2946 106 77 Le
