2288 3632
116 288 159 74 adeo
216 288 239 74 dilexit,
394 288 119 74 ut
454 288 99 74 &
494 288 119 74 in
553 288 219 74 palatio
713 288 99 74 &
752 288 239 74 publicis
931 288 219 74 operib.
1090 288 258 74 perscribi
1289 288 239 74 iuberet.
1468 288 179 74 Porro
1587 288 119 74 ad
1627 288 159 74 gener-

124 349 147 63 lem
208 349 189 63 illam
334 349 189 63 legem
461 349 274 63 pertinent
671 349 147 63 hae
755 349 232 63 quoque.
924 349 232 63 Honeste
1092 349 232 63 uiuito,
1261 349 232 63 Alterum
1429 349 126 63 ne
1492 349 253 63 laedito,
1661 349 126 63 Suum

124 404 217 66 cuique
276 404 282 66 tribuito,
493 404 195 66 Vitae
623 404 238 66 commoda
796 404 217 66 tueto,
948 404 282 66 incommoda
1164 404 325 66 propulsato.
1424 404 238 66 Quoniam
1597 404 173 66 uero
1706 404 152 66 lex

129 456 213 71 naturae
284 456 116 71 ab
342 456 232 71 apostolo
516 456 252 71 opponitur
710 456 155 71 legi
807 456 136 71 dei
884 456 252 71 scriptae,
1078 456 155 71 ideo
1175 456 213 71 necesse
1330 456 136 71 est
1407 456 116 71 ut
1465 456 155 71 illa
1562 456 155 71 huic
1659 456 194 71 respon

123 516 195 77 deat:
253 516 260 77 uideamus
448 516 173 77 ergo
557 516 173 77 quid
665 516 260 77 proditum
860 516 152 77 sit
946 516 108 77 a
990 516 238 77 Gentium
1163 516 325 77 sapientibus
1423 516 108 77 &
1444 516 347 77 legislatoribus

115 571 184 62 quod
230 571 322 62 respondeat
483 571 276 62 decalogo
690 571 115 62 &
736 571 276 62 quatenus
920 571 299 62 respondeat.

197 619 286 64 pythagoras
422 619 164 64 apud
524 619 123 64 S.
585 619 246 64 Cyrillum
769 619 205 64 contra
913 619 246 64 lulianum
1097 619 184 64 libro
1220 619 123 64 5.
1281 619 123 64 de
1342 619 143 64 deo
1424 619 143 64 sic
1506 619 246 64 scribit,
1690 619 164 64 Deus

117 680 232 78 quidem
279 680 209 78 unus:
419 680 116 78 &
465 680 186 78 ipse
581 680 163 78 non
674 680 139 78 ut
744 680 232 78 quidam
907 680 349 78 suspicantur
1186 680 209 78 extra
1325 680 209 78 mundi
1441 680 372 78 gubernationem,

118 740 141 62 sed
199 740 121 62 in
259 740 161 62 ipso
360 740 182 62 totus
481 740 121 62 in
541 740 161 62 toto
642 740 222 62 circulo
804 740 182 62 omnes
925 740 323 62 generationes
1187 740 303 62 considerat,
1429 740 323 62 conteperatio
1671 740 121 62 exi-

108 800 213 58 stens
250 800 237 58 omnium
416 800 355 58 saeculorum,
700 800 118 58 &
747 800 166 58 lux
842 800 237 58 suarum
1008 800 284 58 uirtutum
1221 800 118 58 &
1268 800 237 58 operum
1434 800 331 58 principium
1671 800 118 58 om-

117 855 207 66 nium,
255 855 207 66 lumen
392 855 138 66 in
461 855 229 66 coelo,
622 855 115 66 &
668 855 207 66 pater
805 855 252 66 omnium,
989 855 184 66 mens
1104 855 115 66 &
1150 855 275 66 animatio
1356 855 252 66 omnium,
1517 855 275 66 circulorum

124 903 225 71 omnium
282 903 225 71 motio.
440 903 135 71 En
508 903 315 71 confitetur
755 903 315 71 Pythagoras
1003 903 180 71 unum
1116 903 180 71 esse
1229 903 203 71 deum,
1364 903 225 71 eumque
1522 903 315 71 creatorem,

113 965 424 60 conseruatorem,
467 965 448 60 gubernatoremque
844 965 259 60 omnium,
1033 965 236 60 patrem
1198 965 259 60 omnium,
1386 965 212 60 lumen
1528 965 118 60 &
1575 965 212 60 uitam
1693 965 94 60 om

122 1022 200 64 nium.
255 1022 245 64 aleucus
433 1022 133 64 in
500 1022 267 64 Prooemio
700 1022 200 64 legum
834 1022 222 64 suarum
989 1022 178 64 baec
1100 1022 245 64 scripta
1278 1022 289 64 reliquit.
1501 1022 200 64 Omnes
1634 1022 156 64 qui
1701 1022 89 64 ur

118 1075 151 62 bem
205 1075 129 62 ac
269 1075 258 62 regionem
463 1075 323 62 inhabitant,
721 1075 280 62 persuasos
936 1075 172 62 esse
1043 1075 237 62 oportet
1215 1075 172 62 deos
1323 1075 194 62 esse:
1452 1075 172 62 quod
1538 1075 258 62 manifestum

125 1132 141 66 fit
205 1132 121 66 ex
266 1132 181 66 coeli
386 1132 101 66 &
427 1132 201 66 totius
568 1132 181 66 mundi
688 1132 322 66 inspectione,
950 1132 241 66 rerumque
1131 1132 121 66 in
1191 1132 181 66 ipsis
1312 1132 302 66 dispositone
1533 1132 262 66 pulcherrima

115 1190 116 60 &
161 1190 254 60 ordine.
346 1190 185 60 Haud
462 1190 185 60 enim
577 1190 278 60 fortuita
786 1190 162 60 aut
878 1190 231 60 humana
1040 1190 301 60 huiusmodi
1271 1190 208 60 opera
1410 1190 231 60 putare
1549 1190 231 60 conuenit

127 1242 219 66 Deinde
280 1242 241 66 colendi
456 1242 351 66 honorandique
740 1242 153 66 dij
828 1242 197 66 sunt,
960 1242 131 66 ut
1025 1242 241 66 bonorum
1201 1242 219 66 omnium
1354 1242 197 66 nobis
1485 1242 263 66 authores
1661 1242 131 66 quae

124 1300 217 65 aliqua
276 1300 238 65 ratione
449 1300 217 65 fiunt.
601 1300 260 65 Singulos
796 1300 217 65 igitur
947 1300 217 65 habere
1099 1300 108 65 &
1142 1300 282 65 comparare
1359 1300 217 65 animam
1510 1300 238 65 quemque
1662 1300 130 65 suam

124 1366 265 62 oportet,
323 1366 132 62 ut
389 1366 132 62 ab
455 1366 243 62 omnibus
632 1366 199 62 malis
764 1366 177 62 pura
875 1366 177 62 sit.
985 1366 155 62 Nam
1073 1366 132 62 ab
1140 1366 243 62 improbo
1316 1366 221 62 homine
1471 1366 155 62 non
1537 1366 243 62 honoratur

135 1409 175 66 deus.
251 1409 175 66 neque
368 1409 253 66 sumptibus
563 1409 234 66 colitur,
738 1409 175 66 neque
855 1409 273 66 tragoedijs
1069 1409 214 66 capitur
1225 1409 195 66 instar
1362 1409 214 66 hominis
1517 1409 175 66 mali,
1634 1409 136 66 sed
1693 1409 97 66 uir

122 1471 178 72 tute
233 1471 134 72 ac
300 1471 290 72 instituto
523 1471 245 72 bonorum
701 1471 223 72 operum
857 1471 111 72 &
901 1471 290 72 iustorum.
1124 1471 267 72 Quocirca
1324 1471 178 72 opus
1436 1471 156 72 est
1502 1471 290 72 unumquemque

123 1521 142 67 pro
204 1521 202 67 uirili
345 1521 182 67 bonum
467 1521 162 67 esse
568 1521 142 67 tum
649 1521 202 67 factis
791 1521 142 67 tum
872 1521 283 67 uoluntate,
1095 1521 142 67 qui
1176 1521 162 67 modo
1277 1521 223 67 futurus
1439 1521 142 67 sit
1520 1521 142 67 deo
1601 1521 223 67 charus,

137 1578 141 71 &c.
217 1578 202 71 Cicero
359 1578 121 71 de
419 1578 202 71 Natura
560 1578 202 71 deorum
701 1578 121 71 2.
762 1578 161 71 lib.
863 1578 202 71 Cultus
1004 1578 202 71 deorum
1145 1578 121 71 is
1205 1578 141 71 est
1286 1578 242 71 optimus,
1467 1578 222 71 inquit,
1609 1578 181 71 idemque

124 1636 329 64 sanctissimus
392 1636 103 64 &
433 1636 308 64 castissimus
679 1636 267 64 pietatis,
885 1636 123 64 ut
946 1636 164 64 deos
1049 1636 206 64 semper
1193 1636 185 64 pura,
1316 1636 247 64 integra,
1501 1636 308 64 incorrupta,
1727 1636 62 64 &

133 1692 195 70 mente
263 1692 108 70 &
307 1692 173 70 uoce
415 1692 303 70 ueneremur.
653 1692 216 70 Seneca
804 1692 195 70 autem
934 1692 173 70 lib.
1042 1692 130 70 ad
1107 1692 238 70 Lucill.
1281 1692 152 70 15.
1367 1692 216 70 dicit,
1519 1692 238 70 Quomodo
1670 1692 130 70 sint

127 1745 144 60 dij
210 1745 226 60 colendi
374 1745 185 60 solet
497 1745 267 60 praecipi.
703 1745 267 60 Accendere
908 1745 226 60 aliquem
1073 1745 247 60 lucernas
1258 1745 247 60 sabbatis
1443 1745 329 60 prohibeamus,
1689 1745 103 60 quo

129 1800 173 61 niam
237 1800 151 61 nec
324 1800 216 61 lumine
475 1800 151 61 Dij
562 1800 281 61 indigent,
778 1800 108 61 &
821 1800 130 61 ne
886 1800 238 61 homines
1058 1800 216 61 quidem
1210 1800 324 61 delectantur
1469 1800 281 61 fuligine.
1663 1800 130 61 Vete

131 1859 149 69 mus
216 1859 384 69 salutationibus
536 1859 278 69 matutinis
750 1859 214 69 fungi,
899 1859 128 69 et
963 1859 235 69 foribus
1134 1859 256 69 assidere
1326 1859 299 69 templorum.
1561 1859 214 69 Humana
1711 1859 128 69 am

132 1908 168 69 bitio
244 1908 168 69 istis
356 1908 224 69 officijs
524 1908 224 69 capitur.
692 1908 149 69 Deum
785 1908 168 69 colit
897 1908 131 69 qui
972 1908 187 69 nouit.
1103 1908 205 69 Vetemus
1252 1908 187 69 lintea
1383 1908 93 69 &
1420 1908 243 69 strigiles
1606 1908 149 69 loui
1681 1908 112 69 fer-

127 1976 141 67 ri,
207 1976 101 67 &
248 1976 242 67 speculum
429 1976 201 67 tenere
570 1976 222 67 lunoni.
731 1976 141 67 Non
812 1976 222 67 quaerit
973 1976 262 67 ministros
1174 1976 181 67 deus.
1295 1976 161 67 Quid
1396 1976 141 67 ni?
1477 1976 161 67 Ipse
1577 1976 201 67 generi
1698 1976 101 67 hu-

130 2025 169 67 mano
236 2025 296 67 ministrat.
468 2025 212 67 Vbique
616 2025 106 67 &
659 2025 233 67 omnibus
828 2025 233 67 praesto
997 2025 169 67 est.
1103 2025 212 67 Audiat
1251 2025 190 67 licet
1378 2025 317 67 quemadmodum
1611 2025 190 67 seruire

136 2077 119 65 in
196 2077 297 65 sacrificijs
433 2077 218 65 debeat,
592 2077 159 65 quam
691 2077 198 65 procul
830 2077 238 65 resilire
1008 2077 99 65 a
1048 2077 258 65 molestis,
1246 2077 396 65 superstitionibus
1583 2077 218 65 nunquam
1722 2077 79 65 sa

135 2135 150 67 tis
220 2135 278 67 perfectum
434 2135 192 67 erit,
562 2135 171 67 nisi
669 2135 214 67 qualem
819 2135 192 67 debet
947 2135 171 67 deum
1054 2135 192 67 mente
1182 2135 321 67 conceperit,
1439 2135 192 67 omnia
1546 2135 235 67 habentem,

131 2188 182 66 omnia
252 2188 303 66 tribuentem,
495 2188 263 66 beneficia
697 2188 202 66 gratis
839 2188 222 66 dantem.
1000 2188 162 66 Quae
1101 2188 182 66 causa
1223 2188 142 66 est
1304 2188 182 66 dijus
1425 2188 344 66 benefaciendi?
1688 2188 101 66 Na-

141 2252 173 70 tura.
256 2252 173 70 Errat
372 2252 231 70 quisquis
545 2252 173 70 putat
660 2252 173 70 illos
776 2252 192 70 nocere
911 2252 173 70 uelle
1026 2252 135 70 uel
1103 2252 192 70 posse:
1238 2252 135 70 nec
1315 2252 231 70 accipere
1488 2252 231 70 iniuriam
1642 2252 154 70 queunt

124 2314 146 58 nec
208 2314 229 58 facere.
374 2314 229 58 Laedere
541 2314 167 58 enim
646 2314 250 58 laedique
833 2314 292 58 coniunctum
1063 2314 167 58 est.
1167 2314 188 58 Summa
1292 2314 167 58 illa
1397 2314 125 58 ac
1459 2314 313 58 pulcherrima
1689 2314 104 58 om-

130 2359 167 65 nium
235 2359 230 65 natura,
402 2359 167 65 quos
506 2359 251 65 periculo
694 2359 230 65 exemit,
861 2359 146 65 nec
945 2359 313 65 periculosos
1195 2359 209 65 quidem
1342 2359 209 65 fecit.
1488 2359 209 65 Primus
1634 2359 146 65 est
1697 2359 104 65 deo

131 2415 143 66 rum
212 2415 225 66 cultus,
376 2415 164 66 deos
478 2415 225 66 credere
642 2415 102 66 :
683 2415 205 66 deinde
826 2415 225 66 reddere
990 2415 184 66 illis
1113 2415 286 66 maiestatem
1338 2415 184 66 suam,
1461 2415 225 66 reddere
1604 2415 184 66 bonita-

129 2470 139 66 tem
209 2470 159 66 sine
308 2470 139 66 qua
388 2470 179 66 nulla
507 2470 239 66 maiestas
686 2470 159 66 est.
785 2470 179 66 Scire
904 2470 179 66 illos
1024 2470 159 66 esse
1123 2470 139 66 qui
1203 2470 278 66 praesident
1421 2470 199 66 mundo:
1560 2470 139 66 qui
1620 2470 179 66 uniuer-

129 2523 172 58 saut
237 2523 151 58 sua
323 2523 301 58 temperant,
560 2523 151 58 qui
646 2523 215 58 humani
796 2523 237 58 generis
968 2523 237 58 tutelam
1140 2523 237 58 gerunt,
1312 2523 258 58 interdum
1506 2523 237 58 curiosi
1656 2523 151 58 singu

132 2581 219 62 lorum.
286 2581 132 62 Hi
351 2581 153 62 nec
439 2581 175 62 dant
549 2581 197 62 malum
680 2581 153 62 nec
768 2581 241 62 habent.
943 2581 263 62 Caeterum
1140 2581 285 62 castigant
1360 2581 241 62 quosdam
1535 2581 110 62 &
1557 2581 241 62 cohercent

122 2640 111 72 &
166 2640 266 72 irrogant
366 2640 222 72 poenas
521 2640 111 72 &
566 2640 288 72 aliquando
787 2640 155 72 spe
876 2640 178 72 boni
987 2640 266 72 puniunt.
1187 2640 155 72 Vis
1276 2640 178 72 deos
1387 2640 333 72 propitiare?
1631 2640 155 72 Bonus

136 2695 160 68 esto.
243 2695 160 68 Satis
350 2695 160 68 illos
457 2695 196 68 coluit,
599 2695 214 68 quisquis
760 2695 214 68 imitatus
920 2695 143 68 est,

200 2744 123 75 ln
261 2744 184 75 hisce
383 2744 225 75 Senecae
547 2744 204 75 uerbis
690 2744 163 75 etsi
792 2744 245 75 egregijs
976 2744 102 75 &
1017 2744 266 75 teligioni
1221 2744 184 75 uerae
1344 2744 266 75 congruis,
1548 2744 245 75 desidero
1712 2744 102 75 ta-

139 2815 154 66 men
227 2815 176 66 duo.
337 2815 198 66 Prius
470 2815 176 66 quod
580 2815 242 66 subinde
756 2815 220 66 deorum
910 2815 198 66 facit
1043 2815 309 66 mentionem,
1285 2815 154 66 cum
1373 2815 198 66 tamen
1505 2815 198 66 alibi
1616 2815 198 66 ingenue

136 2862 258 64 fateatur
330 2862 172 64 unum
438 2862 172 64 modo
545 2862 301 64 substantia
782 2862 172 64 esse
889 2862 194 64 deum.
1018 2862 151 64 Nec
1104 2862 194 64 ausim
1233 2862 301 64 asseuerare
1470 2862 194 64 illum
1599 2862 172 64 more
1685 2862 129 64 scri

131 2919 205 89 pturae
275 2919 185 89 usum.
398 2919 164 89 llla
501 2919 185 89 uocat
624 2919 164 89 deum
727 2919 226 89 Elohim,
891 2919 185 89 quasi
1014 2919 123 89 tu
1075 2919 185 89 dicas
1198 2919 185 89 Deos,
1322 2919 226 89 propter
1486 2919 287 89 trinitatis
1711 2919 144 89 ado
