2288 3632
446 292 219 86 randae
599 292 306 86 mysterium.
840 292 240 86 Interim
1014 292 153 86 non
1102 292 219 86 nescio
1255 292 328 86 doctissimos
1517 292 306 86 religionis
1757 292 240 86 nostrae
1932 292 197 86 uiros
2042 292 87 86 ex

451 343 234 83 Gentium
621 343 320 83 testimonijs
877 343 234 83 probare
1047 343 256 83 uoluisse
1239 343 213 83 Gentes
1388 343 213 83 quoque
1537 343 277 83 agnouisse
1750 343 298 83 Trinitatis
1964 343 170 83 myste-

460 416 192 70 rium.
588 416 277 70 Posterius
801 416 149 70 est
886 416 170 70 quod
992 416 149 70 non
1078 416 234 70 diserte
1248 416 256 70 (quantum
1440 416 149 70 ego
1525 416 213 70 quidem
1674 416 192 70 noui)
1802 416 256 70 exprimit
1994 416 128 70 et
2037 416 85 70 do

401 1717 99 111 t

446 482 151 62 cet
533 482 216 62 Seneca
684 482 151 62 cum
771 482 195 62 alijs
900 482 238 62 Gentium
1073 482 324 62 sapientibus
1332 482 238 62 solidam
1505 482 130 62 in
1570 482 173 62 deum
1678 482 281 62 fiduciam.

531 536 192 64 Porro
658 536 149 64 non
744 536 170 64 fuit
850 536 170 64 apud
956 536 234 64 Romanos
1127 536 170 64 ulla
1233 536 128 64 in
1297 536 192 64 ullis
1425 536 234 64 templis
1595 536 192 64 imago
1723 536 170 64 dei,
1829 536 192 64 annis
1957 536 128 64 ab
1999 536 128 64 urbe

445 574 103 80 a
487 574 226 80 condita
651 574 165 80 plus
754 574 185 80 minus
877 574 165 80 170.
980 574 288 80 Plutarchus
1206 574 165 80 enim
1309 574 123 80 in
1371 574 165 80 uita
1474 574 185 80 Numae
1597 574 247 80 Pompilij
1782 574 247 80 scribit.
1967 574 165 80 Quae
2050 574 82 80 de

457 631 221 76 deorum
611 631 331 76 immortalium
876 631 331 76 simulachris
1141 631 198 76 etiam
1273 631 176 76 Numa
1383 631 265 76 statuit,
1582 631 176 76 quam
1692 631 287 76 simillima
1912 631 176 76 sunt
2001 631 132 76 pror

460 685 149 88 sus
545 685 299 88 Pythagorae
780 685 320 88 documentis.
1036 685 149 88 Nam
1122 685 214 88 primum
1271 685 299 88 principium
1506 685 171 88 ille
1613 685 192 88 neque
1741 685 214 88 sensui
1890 685 192 88 neque
1997 685 128 88 per-

469 742 295 83 turbationi
700 742 295 83 subiectum,
932 742 147 83 sed
1016 742 210 83 mentem
1163 742 316 83 inuisibilem
1416 742 105 83 &
1458 742 274 83 increatam
1668 742 168 83 esse
1773 742 252 83 censuit.
1963 742 147 83 Hic
2026 742 105 83 au-

459 801 151 75 tem
546 801 238 75 Romanos
719 801 281 75 prohibuit
935 801 303 75 existimare
1173 801 259 75 imaginem
1367 801 151 75 dei
1454 801 151 75 aut
1540 801 238 75 hominis
1713 801 238 75 speciem
1886 801 151 75 aut
1951 801 173 75 anima-

470 861 133 72 lis
546 861 191 72 habere
680 861 210 72 siguram
832 861 133 72 uel
908 861 210 72 formam.
1061 861 133 72 Nec
1137 861 152 72 fuit
1232 861 152 72 apud
1328 861 133 72 eos
1404 861 172 72 neque
1518 861 172 72 picta
1632 861 172 72 neque
1747 861 172 72 ficta
1861 861 133 72 dei
1937 861 172 72 prius
2033 861 95 72 spe

467 930 178 60 cies,
586 930 138 60 sed
665 930 119 60 in
724 930 257 60 prioribus
922 930 158 60 170.
1021 930 178 60 annis
1139 930 198 60 templa
1278 930 198 60 quidem
1416 930 316 60 aedificabant
1673 930 237 60 sacraque
1851 930 217 60 tuguria
1990 930 138 60 erige

468 969 192 76 bant,
596 969 320 76 simulachrum
852 969 171 76 uero
959 969 214 76 nullum
1108 969 278 76 corporeum
1322 969 299 76 faciebant,
1557 969 235 76 perinde
1727 969 192 76 atque
1855 969 214 76 nephas
1984 969 149 76 esset

471 1031 332 71 deterioribus
741 1031 228 71 meliora
907 1031 312 71 assimilare,
1157 1031 187 71 neque
1281 1031 208 71 aliter
1427 1031 166 71 quam
1531 1031 353 71 intelligentia
1821 1031 228 71 percipi
1967 1031 166 71 possit

466 1094 197 60 deus.
597 1094 197 60 Eadem
728 1094 262 60 testatur
925 1094 131 60 de
991 1094 240 60 Romanis
1165 1094 131 60 M.
1231 1094 197 60 Varro
1362 1094 175 60 apud
1471 1094 131 60 S.
1537 1094 306 60 Augustinum
1777 1094 175 60 lib.
1887 1094 131 60 de
1952 1094 219 60 Ciuit.

464 1142 146 66 Dei
548 1142 125 66 4.
610 1142 167 66 cap.
715 1142 146 66 31.
798 1142 188 66 Dicit
923 1142 167 66 enim
1028 1142 230 66 Romanos
1195 1142 250 66 coluisse
1383 1142 167 66 deos
1487 1142 167 66 sine
1591 1142 313 66 simulachris
1842 1142 188 66 annos
1967 1142 167 66 170.
2071 1142 104 66 &

466 1196 224 66 addit,.
629 1196 163 66 Quod
731 1196 122 66 si
792 1196 183 66 adhuc
914 1196 285 66 mansisset,
1138 1196 224 66 castius
1301 1196 143 66 dij
1383 1196 367 66 obseruarentur.
1689 1196 143 66 Nec
1770 1196 224 66 dubitat
1933 1196 143 66 eum
1994 1196 143 66 locum

472 1248 144 72 sic
555 1248 288 72 concludere
781 1248 123 72 ut
842 1248 206 72 dicat,
986 1248 144 72 Qui
1068 1248 185 72 primi
1192 1248 288 72 simulachra
1418 1248 226 72 populis
1582 1248 288 72 posuerunt,
1808 1248 144 72 eos
1870 1248 267 72 ciuitatibus

470 1306 170 74 suis
576 1306 106 74 &
618 1306 191 74 metum
746 1306 276 74 dempsisse
958 1306 106 74 &
1001 1306 234 74 errorem
1171 1306 276 74 addidisse
1383 1306 106 74 :
1426 1306 276 74 prudenter
1638 1306 297 74 existimans
1872 1306 170 74 deos
1957 1306 170 74 facile

472 1360 188 85 posse
597 1360 125 85 in
660 1360 354 85 simulachrorum
951 1360 313 85 stoliditate
1201 1360 271 85 contemni,
1389 1360 104 85 &c.

562 1416 207 83 Quanti
707 1416 165 83 uero
810 1416 248 83 Gentiles
997 1416 352 83 aestimauerint
1286 1416 186 83 nomen
1410 1416 165 83 dei,
1514 1416 207 83 claret
1658 1416 124 83 ex
1720 1416 269 83 religione
1927 1416 207 83 maxima
2051 1416 83 83 sa

478 1473 235 68 cramenti
654 1473 156 68 siue
752 1473 274 68 iuramenti.
967 1473 235 68 Historia
1143 1473 176 68 extat
1261 1473 215 68 elegans
1417 1473 156 68 apud
1515 1473 215 68 Gellium
1672 1473 156 68 lib.
1769 1473 117 68 7.
1828 1473 156 68 cap.
1926 1473 137 68 18.
2004 1473 137 68 ubi
2063 1473 78 68 et

478 1532 186 74 illud
602 1532 186 74 inter
726 1532 165 74 alia
830 1532 248 74 legitur,
1016 1532 310 74 lusiurandum
1264 1532 165 74 apud
1367 1532 227 74 Romanos
1533 1532 269 74 inuiolate
1739 1532 269 74 sancteque
1946 1532 227 74 habitum

475 1585 297 73 seruatumque
712 1585 158 73 est:
811 1585 119 73 id
871 1585 99 73 &
910 1585 217 73 moribus
1068 1585 277 73 legibusque
1286 1585 198 73 multis
1424 1585 297 73 ostenditur.
1661 1585 158 73 Quod
1760 1585 119 73 si
1820 1585 158 73 quis
1919 1585 257 73 conuitium

469 1638 250 86 dixisset
657 1638 125 86 in
719 1638 167 86 deum
824 1638 167 86 apud
928 1638 271 86 Gentiles,
1137 1638 313 86 grauissimae
1387 1638 250 86 obnoxius
1575 1638 209 86 poenae
1700 1638 271 86 reddebatur.

569 1706 257 64 Praeterea
767 1706 217 64 fuerunt
925 1706 237 64 Gentibus
1103 1706 138 64 sua
1182 1706 198 64 sacra,
1320 1706 158 64 suae
1419 1706 198 64 feriae
1557 1706 356 64 caeremoniaeque
1853 1706 99 64 &
1893 1706 237 64 sacrorum
2051 1706 79 64 an

477 1753 280 74 tistites.
693 1753 259 74 Insignes
887 1753 237 74 fuerunt
1060 1753 237 74 Gentium
1232 1753 302 74 sacerdotes
1469 1753 323 74 Melchizedek
1728 1753 108 74 &
1771 1753 237 74 lethro.
1944 1753 129 74 Et
1987 1753 151 74 quan-

473 1819 173 68 quam
581 1819 216 68 Paulus
732 1819 259 68 fateatur
926 1819 129 68 id
991 1819 173 68 quod
1099 1819 216 68 Gentes
1250 1819 323 68 obtulerunt,
1509 1819 151 68 non
1595 1819 151 68 deo
1681 1819 280 68 obtulisse
1897 1819 151 68 sed
1961 1819 173 68 daemo-

476 1860 187 81 nijs:
601 1860 166 81 quia
705 1860 187 81 tamen
829 1860 187 81 sacra
954 1860 104 81 &
996 1860 312 81 caeremonias
1245 1860 208 81 sacras
1390 1860 187 81 magni
1515 1860 270 81 fecerunt,
1723 1860 353 81 declarauerunt
2013 1860 166 81 deum

471 1922 266 75 notiones
670 1922 221 75 cultus
825 1922 111 75 &
870 1922 310 75 religionis
1113 1922 221 75 indere
1268 1922 221 75 animis
1423 1922 266 75 hominum,
1623 1922 177 75 quas
1733 1922 221 75 deinde
1866 1922 266 75 corrumpunt

471 1970 205 76 falsae
615 1970 267 76 doctrinae
820 1970 103 76 &
861 1970 267 76 opiniones
1066 1970 267 76 conceptae
1271 1970 123 76 de
1333 1970 144 76 deo
1415 1970 103 76 &
1456 1970 246 76 sacrorum
1620 1970 205 76 ritibus,

548 2035 122 70 De
609 2035 285 70 honorandis
833 2035 285 70 parentibus
1057 2035 102 70 &
1098 2035 367 70 magistratibus,
1403 2035 163 70 item
1505 2035 122 70 de
1566 2035 265 70 educandis
1770 2035 245 70 liberis,
1954 2035 183 70 deque
2055 2035 82 70 li

458 2084 97 78 s
496 2084 214 78 berorum
652 2084 214 78 officio
808 2084 253 78 praecepta
1002 2084 97 78 &
1041 2084 272 78 sententiae
1255 2084 156 78 sunt
1353 2084 156 78 apud
1450 2084 214 78 gentium
1606 2084 253 78 sapientes
1800 2084 370 78 illustrissimae,

481 2140 257 73 Hierocles
679 2140 178 73 inter
798 2140 178 73 alia,
916 2140 119 73 Si
976 2140 178 73 quis,
1094 2140 218 73 inquit,
1253 2140 237 73 parentes
1431 2140 237 73 secundos
1609 2140 119 73 ac
1668 2140 277 73 terrestres
1886 2140 218 73 quosdam
2024 2140 119 73 deos

480 2195 211 73 dixerit
633 2195 134 73 non
710 2195 230 73 errabit,
883 2195 134 73 cum
960 2195 173 73 nobis
1075 2195 211 73 propter
1228 2195 307 73 uicinitatem,
1478 2195 115 73 si
1535 2195 192 73 dicere
1669 2195 134 73 fas
1746 2195 154 73 est,
1842 2195 134 73 uel
1919 2195 173 73 ipsis
2015 2195 115 73 dijs

481 2261 369 65 honorabiliores
789 2261 185 65 sint.
912 2261 308 65 Necessarium
1158 2261 185 65 autem
1281 2261 144 65 est
1364 2261 144 65 ita
1446 2261 308 65 existimare,
1692 2261 103 65 &
1733 2261 246 65 perpetua
1917 2261 185 65 animi
2020 2261 123 65 prom

466 2313 306 75 ptitudine
702 2313 282 75 conandum
913 2313 141 75 ut
984 2313 329 75 beneficijs
1242 2313 212 75 eorum
1384 2313 212 75 paria
1525 2313 306 75 faciamus,
1760 2313 329 75 Quantumuis
1995 2313 141 75 uero

465 2373 200 68 multa
598 2373 133 68 in
665 2373 200 68 eorum
798 2373 245 68 gratiam
976 2373 311 68 fecerimus,
1221 2373 222 68 semper
1376 2373 200 68 tamen
1510 2373 289 68 inferiora
1732 2373 200 68 erunt
1865 2373 200 68 omnia
1999 2373 178 68 quam

471 2430 167 69 esse
575 2430 271 69 deberent.
784 2430 125 69 Et
846 2430 250 69 reliqua.
1034 2430 208 69 Tempus
1180 2430 167 69 enim
1284 2430 125 69 me
1347 2430 208 69 citius
1493 2430 271 69 destituet
1701 2430 167 69 quam
1805 2430 167 69 haec
1910 2430 104 69 &
1951 2430 167 69 alia
2035 2430 104 69 huc

470 2474 317 83 pertinentia
723 2474 296 83 commemorem
956 2474 127 83 ex
1019 2474 275 83 Gentibus:
1230 2474 190 83 neque
1357 2474 148 83 hoc
1421 2474 232 83 institui-

554 2517 204 88 Contra
696 2517 306 88 homicidium,
941 2517 286 88 uiolentiam
1165 2517 102 88 &
1206 2517 245 88 iniurias
1390 2517 184 88 latae
1512 2517 163 88 sunt
1614 2517 184 88 leges
1737 2517 306 88 grauissimae
1981 2517 102 88 a
2002 2517 122 88 Gen-

472 2608 202 52 tibus.
613 2608 121 52 Ab
674 2608 202 52 ijsdem
815 2608 243 52 profecta
997 2608 141 52 est
1078 2608 141 52 lex
1159 2608 182 52 lulia
1280 2608 202 52 contra
1422 2608 263 52 adulteria
1624 2608 101 52 &
1664 2608 263 52 nephandos
1866 2608 303 52 concubitus,

471 2646 297 66 Statuerunt
704 2646 233 66 egregia
874 2646 233 66 decreta
1043 2646 127 66 de
1107 2646 276 66 connubijs
1319 2646 170 66 rite
1425 2646 339 66 contrahendis
1701 2646 106 66 &
1743 2646 276 66 colendis.
1955 2646 127 66 Ac
1998 2646 127 66 uer-

446 2703 100 77 7
486 2703 140 77 bum
566 2703 260 77 ueritatis
766 2703 220 77 diserte
927 2703 220 77 indicat
1087 2703 280 77 Chananaeos
1307 2703 160 77 esse
1407 2703 220 77 deletos
1567 2703 220 77 propter
1728 2703 240 77 incestas
1908 2703 220 77 nuptias
2068 2703 100 77 &

467 2764 297 65 nephandas
696 2764 320 65 libidines,
947 2764 228 65 Leuit.
1107 2764 160 65 18.
1198 2764 160 65 Sed
1290 2764 114 65 &
1335 2764 274 65 Lycurgus
1541 2764 206 65 Solon
1678 2764 114 65 &
1724 2764 228 65 Romani
1884 2764 228 65 contra
2021 2764 114 65 om-

458 2810 160 70 nem
550 2810 206 70 luxum
687 2810 366 70 promulgauere
985 2810 206 70 leges
1122 2810 343 70 sumptuarias
1397 2810 114 70 :
1442 2810 137 70 ut
1511 2810 160 70 iam
1603 2810 160 70 non
1694 2810 320 70 commemorem
1923 2810 206 70 insitum

476 2871 162 68 esse
577 2871 303 68 naturaliter
820 2871 223 68 gignere
982 2871 101 68 &
1022 2871 223 68 nutrire
1164 2871 202 68 sobolem,

529 2912 213 86 Contra
678 2912 192 86 furta
806 2912 107 86 &
849 2912 213 86 dolos,
998 2912 213 86 contra
1147 2912 235 86 usuram,
1318 2912 128 86 de
1382 2912 192 86 iusta
1510 2912 192 86 rerum
1638 2912 341 86 acquisitione
1915 2912 107 86 &
1936 2912 192 86 posses
