2288 3632
46 265 196 94 uitae
177 265 174 94 tunc
285 265 304 94 occupabant
524 265 196 94 sacra
655 265 326 94 uectigalia,
916 265 196 94 neque
1046 265 217 94 culmum
1198 265 326 94 impendebant
1437 265 283 94 apostolicae

53 338 299 74 ecclesiae,
288 338 214 74 utpote
437 338 171 74 quam
544 338 171 74 fame
651 338 278 74 extinctam
865 338 299 74 cupiebant.
1100 338 128 74 At
1164 338 363 74 intelligebant
1463 338 235 74 interim
1613 338 107 74 pij

55 397 106 68 &
97 397 232 68 fideles
266 397 232 68 homines
435 397 127 68 ad
499 397 275 68 ecclesiae
710 397 380 68 conseruationem
1027 397 211 68 omnino
1175 397 275 68 pertinere
1386 397 254 68 terrenas
1555 397 169 68 facul-

53 451 212 64 tates.
201 451 233 64 Homines
371 451 169 64 enim
476 451 191 64 dedit
603 451 275 64 ministros
815 451 297 64 ecclesiae,
1048 451 148 64 non
1133 451 233 64 angelos
1302 451 106 64 :
1345 451 254 64 pauperes
1535 451 169 64 item
1620 451 106 64 lo-

49 503 128 70 co
113 503 150 70 sui
198 503 278 70 ecclesiae
412 503 321 70 comendauit.
669 503 128 70 At
733 503 128 70 hi
798 503 214 70 utpote
948 503 235 70 homines
1119 503 214 70 uarijs
1269 503 193 70 rebus
1397 503 278 70 indigent.
1590 503 128 70 Con-

56 561 196 65 serunt
194 561 157 65 ergo
292 561 216 65 sancti,
449 561 216 65 spiritu
606 561 196 65 sancto
743 561 275 65 exagitati,
959 561 196 65 aedes,
1096 561 255 65 pecunias,
1292 561 216 65 fundos,
1449 561 235 65 aliasque
1606 561 118 65 suas

49 617 322 74 facultates,
306 617 129 74 ut
370 617 129 74 ex
435 617 150 74 his
520 617 107 74 &
563 617 279 74 pauperes,
778 617 107 74 &
820 617 322 74 ministerium
1078 617 214 74 sacrum
1228 617 343 74 conseruetur.
1485 617 236 74 Certissi-

43 669 148 73 mum
128 669 148 73 est
212 669 212 73 itaque
361 669 276 73 ecclesiam
573 669 212 73 populi
721 669 170 73 noui
827 669 297 73 testamenti
1060 669 127 73 ab
1124 669 191 73 ipsis
1251 669 233 73 Christi
1420 669 106 73 &
1442 669 276 73 apostolorum

55 727 294 78 temporibus
286 727 273 78 faculates
496 727 252 78 habuisse
685 727 252 78 collatas
874 727 105 78 e
916 727 252 78 publico,
1105 727 105 78 &
1147 727 252 78 erogatas
1336 727 168 78 esse
1441 727 210 78 rursum
1588 727 126 78 in
1630 727 84 78 u-

58 788 150 72 sus
122 788 236 72 publicos.

120 843 322 75 Gregorius
368 843 198 75 eius
492 843 272 75 nominis
690 843 272 75 primus,
888 843 322 75 episcopus
1136 843 297 75 Romanus,
1359 843 347 75 commemorat
1606 843 124 75 suo

59 900 271 70 tempore,
263 900 113 70 &
308 900 181 70 ante
421 900 158 70 sua
511 900 248 70 tempora
692 900 203 70 moris
827 900 248 70 fuisse,
1008 900 135 70 ut
1075 900 135 70 ex
1143 900 203 70 bonis
1278 900 406 70 ecclesiasticis
1595 900 135 70 fie-

53 968 168 62 rent
158 968 272 62 portiones
367 968 251 62 quatuor,
556 968 147 62 Vna
640 968 251 62 episcopo
828 968 105 62 &
870 968 251 62 familiae
1059 968 189 62 eius:
1184 968 168 62 alia
1289 968 189 62 clero
1415 968 105 62 :
1457 968 209 62 tertia
1603 968 168 62 pau¬

48 1012 262 74 peribus:
245 1012 218 74 quarta
397 1012 284 74 ecclesijs
616 1012 327 74 reparandis.
878 1012 218 74 Negant
1030 1012 196 74 autem
1161 1012 153 74 non
1249 1012 196 74 pauci
1380 1012 196 74 iuste
1489 1012 240 74 episcopos

54 1068 301 68 stipendium
291 1068 258 68 accipere
485 1068 129 68 ab
550 1068 280 68 ecclesia.
765 1068 258 68 Videamus
959 1068 172 68 ergo
1066 1068 172 68 quid
1174 1068 129 68 ea
1238 1068 129 68 in
1303 1068 129 68 re
1368 1068 151 68 nos
1454 1068 237 68 doceant
1604 1068 108 68 cum

45 1126 238 72 Christo
219 1126 217 72 domino
370 1126 282 72 apostoli.
587 1126 260 72 Christus
782 1126 260 72 dominus,
977 1126 152 72 qui
1064 1126 195 72 nihil
1194 1126 217 72 unquam
1346 1126 238 72 admisit
1519 1126 238 72 iniqui,

59 1183 97 66 a
97 1183 272 66 mulieribus
311 1183 214 66 legitur
467 1183 253 66 accepisse
662 1183 156 66 quae
759 1183 156 66 ipsi
856 1183 311 66 ministrarunt
1109 1183 214 66 docenti
1265 1183 117 66 de
1323 1183 311 66 facultatibus
1576 1183 175 66 suis,

59 1236 170 76 ldem
165 1236 254 76 amandans
356 1236 297 76 discipulos
589 1236 106 76 &
631 1236 212 76 iubens
779 1236 127 76 ne
843 1236 254 76 soliciti
1034 1236 170 76 sint
1140 1236 127 76 de
1203 1236 191 76 uictu
1330 1236 106 76 &
1373 1236 233 76 amictu,
1521 1236 191 76 subiun-

46 1300 185 65 git.
161 1300 231 65 Dignus
323 1300 161 65 est
415 1300 185 65 enim
530 1300 300 65 operarius
761 1300 254 65 mercede
946 1300 185 65 sua.
1061 1300 231 65 Dignum
1222 1300 231 65 aequum
1384 1300 115 65 &
1430 1300 231 65 iustum
1569 1300 161 65 iudi-

54 1350 154 66 cat
142 1350 242 66 dominus
318 1350 419 66 praedicatoribus
671 1350 331 66 suppeditare
936 1350 331 66 necessaria.
1200 1350 176 66 Ergo
1310 1350 242 66 indigne
1487 1350 132 66 se
1553 1350 154 66 non
1619 1350 110 66 ge-

58 1403 169 73 runt
164 1403 148 73 qui
248 1403 275 73 accipiunt
460 1403 317 73 stipendium,
714 1403 169 73 unde
819 1403 212 73 parent
967 1403 169 73 sibi
1073 1403 233 73 suisque
1242 1403 317 73 necessaria:
1496 1403 148 73 imo
1560 1403 169 73 compa-

58 1474 150 66 rat
143 1474 364 66 praedicatores
443 1474 150 66 non
528 1474 235 66 ociosis
699 1474 299 66 uentribus,
935 1474 150 66 non
1020 1474 214 66 gratis
1170 1474 364 66 manducantibus
1469 1474 193 66 panem
1576 1474 150 66 alie-

43 1518 173 74 num,
152 1518 195 74 neque
281 1518 281 74 mendicis,
498 1518 151 74 sed
584 1518 303 74 operarijs.
822 1518 130 74 Vt
887 1518 195 74 autem
1017 1518 130 74 in
1082 1518 173 74 lege
1190 1518 260 74 testatur
1385 1518 238 74 dominus
1536 1518 173 74 ingens

47 1590 169 60 esse
152 1590 253 60 fagitium
342 1590 211 60 negare
490 1590 253 60 mercedem
680 1590 295 60 operarijs:
912 1590 148 60 ita
997 1590 148 60 non
1081 1590 232 60 peccant
1250 1590 317 60 uulgariter,
1503 1590 148 60 qui
1566 1590 148 60 fidos

50 1633 258 68 pastores
244 1633 172 68 fame
352 1633 344 68 contabescere
632 1633 108 68 &
675 1633 215 68 inedia
825 1633 215 68 perire
976 1633 237 68 sinunt.
1148 1633 194 68 Alibi
1277 1633 237 68 quidem,
1449 1633 215 68 Gratis
1578 1633 151 68 acce-

51 1692 224 68 pistis,
214 1692 143 68 ait
295 1692 122 68 ad
356 1692 285 68 discipulos
580 1692 244 68 dominus,
764 1692 204 68 gratis
906 1692 183 68 date.
1028 1692 143 68 Sed
1110 1692 244 68 loquitur
1293 1692 122 68 de
1354 1692 163 68 dono
1436 1692 285 68 miraculorum,

52 1741 337 74 sanitatisque
326 1741 274 74 beneficio
536 1741 253 74 infirmis
726 1741 147 74 aut
810 1741 189 74 morbo
936 1741 337 74 laborantibus
1210 1741 105 74 &
1252 1741 274 74 oppressis
1441 1741 274 74 conferendo.

63 1799 141 71 lta
143 1799 161 71 enim
244 1799 242 71 scriptum
426 1799 161 71 est,
527 1799 242 71 Infirmos
708 1799 222 71 sanate,
869 1799 242 71 seprosos
1051 1799 242 71 mundate,
1232 1799 222 71 mortuos
1393 1799 282 71 suscitate,
1595 1799 121 71 dae-

52 1852 185 67 monia
176 1852 247 67 eiicite.
361 1852 144 67 His
444 1852 185 67 demum
567 1852 268 67 subiicit,
773 1852 206 67 Gratis
917 1852 309 67 accepistis,
1164 1852 206 67 gratis
1308 1852 185 67 date.
1432 1852 226 67 Proinde
1576 1852 144 67 licet

52 1913 252 71 apostoli
241 1913 294 71 stipendium
472 1913 294 71 acceperint
703 1913 126 71 ab
766 1913 147 71 eis
850 1913 210 71 quibus
997 1913 336 71 praedicarunt
1270 1913 105 71 :
1312 1913 147 71 pro
1396 1913 168 71 dono
1501 1913 189 71 tamen
1606 1913 105 71 sa-

58 1963 256 62 nitatis,
250 1963 128 62 in
314 1963 213 62 nomine
463 1963 213 62 domini
612 1963 256 62 collato,
804 1963 192 62 nihil
932 1963 213 62 unquam
1081 1963 277 62 accepisse
1295 1963 107 62 a
1337 1963 235 62 quoquam
1486 1963 235 62 leguntur.

46 2021 198 73 Sicut
178 2021 132 73 ne
244 2021 264 73 Heliseus
441 2021 220 73 quidem
595 2021 110 73 a
639 2021 242 73 Naamano
815 2021 220 73 Syriae
968 2021 329 73 imperatore,
1232 2021 198 73 ultro
1364 2021 198 73 magna
1473 2021 242 73 offerenti

53 2080 183 68 dona,
174 2080 142 68 uel
256 2080 264 68 tantillum
459 2080 244 68 accipere
641 2080 284 68 sustinuit,
865 2080 162 68 quod
966 2080 162 68 eius
1068 2080 244 68 consilio
1250 2080 101 68 a
1291 2080 183 68 sepra
1413 2080 223 68 fuisset
1555 2080 162 68 munda-

55 2134 165 72 tus.
158 2134 124 72 At
220 2134 165 72 idem
323 2134 165 72 ille
426 2134 185 72 donum
550 2134 165 72 uiri
652 2134 103 72 a
694 2134 165 72 Baal
797 2134 206 72 salisa
941 2134 268 72 uenientis
1147 2134 144 72 non
1229 2134 247 72 respuit.
1414 2134 124 72 Ex
1476 2134 185 72 eodem
1579 2134 144 72 Chri-

63 2188 147 74 sti
147 2188 211 74 domini
295 2188 274 74 euangelio
505 2188 232 74 discunt
673 2188 253 74 ministri
863 2188 316 74 ecclesiarum
1116 2188 126 74 ad
1179 2188 168 74 quos
1284 2188 168 74 usus
1389 2188 295 74 conuertant
1600 2188 126 74 sti-

53 2245 249 67 pendium
235 2245 136 67 ab
303 2245 272 67 ecclesia
506 2245 295 67 acceptum.
733 2245 159 67 Cum
824 2245 181 67 enim
937 2245 249 67 dominus
1118 2245 272 67 secedere
1322 2245 295 67 iussisset
1549 2245 227 67 ludam,

51 2310 237 58 loculos
224 2310 280 58 gerentem,
439 2310 345 58 existimarunt
720 2310 237 58 caeteri
892 2310 280 58 discipuli
1108 2310 194 58 illum
1237 2310 280 58 accepisse
1452 2310 259 58 mandatum
1625 2310 86 58 e-

51 2357 190 72 mendi
178 2357 295 72 necessaria
410 2357 169 72 diei
515 2357 211 72 festo,
663 2357 148 72 aut
747 2357 211 72 egenis
895 2357 232 72 aliquid
1064 2357 274 72 erogandi.
1275 2357 232 72 Proinde
1444 2357 232 72 dominus
1591 2357 127 72 sti-

45 2413 206 72 pendio
190 2413 227 72 accepto
355 2413 165 72 usus
458 2413 144 72 est
540 2413 124 72 ad
602 2413 144 72 res
685 2413 165 72 sibi
788 2413 227 72 suisque
953 2413 309 72 necessarias
1200 2413 268 72 parandas,
1407 2413 103 72 &
1448 2413 124 72 ad
1489 2413 227 72 eleemosy-

52 2484 155 62 nam
141 2484 333 62 largiendam.
407 2484 133 62 En
473 2484 200 62 omnia
607 2484 200 62 uitae
740 2484 111 62 &
784 2484 222 62 muneri
939 2484 155 62 suo
1028 2484 311 62 necessaria
1272 2484 244 62 possunt
1450 2484 266 62 ministri
1627 2484 89 62 ex

46 2529 272 77 stipendio
255 2529 356 77 ecclesiastico
549 2529 167 77 sibi
653 2529 105 77 &
695 2529 251 77 familiae
884 2529 167 77 suae
988 2529 230 77 parare.
1156 2529 209 77 Deinde
1302 2529 126 77 ex
1365 2529 188 77 eodem
1491 2529 230 77 possunt
1658 2529 105 77 &

49 2586 316 74 eleemosynam
302 2586 253 74 elargiri
492 2586 316 74 pauperibus,
744 2586 190 74 uelut
871 2586 126 74 de
934 2586 253 74 proprijs
1124 2586 105 74 &
1166 2586 190 74 iuste
1292 2586 211 74 partis
1440 2586 232 74 opibus.
1588 2586 126 74 Ete-

56 2645 144 62 nim
139 2645 124 62 in
201 2645 165 62 Lege
304 2645 206 62 quoque
448 2645 227 62 dominus
613 2645 227 62 diserte
779 2645 206 62 dicit,
923 2645 289 62 sacrificia
1150 2645 268 62 Leuitarum
1356 2645 186 62 facta
1480 2645 124 62 ex
1521 2645 186 62 decimis

59 2696 99 71 &
99 2696 177 71 alijs
217 2696 315 71 oblationibus
473 2696 138 71 uel
552 2696 315 71 uectigalibus
808 2696 217 71 sacris,
966 2696 138 71 tam
1045 2696 158 71 sibi
1143 2696 177 71 grata
1262 2696 217 71 futura,
1419 2696 158 71 quam
1518 2696 177 71 eorum
1616 2696 99 71 est

48 2748 244 68 oblatio,
231 2748 143 68 qui
312 2748 244 68 osserunt
496 2748 224 68 aliquid
658 2748 122 68 ex
719 2748 224 68 propria
882 2748 163 68 arca
984 2748 143 68 aut
1066 2748 122 68 ex
1127 2748 224 68 proprio
1289 2748 265 68 torculari
1473 2748 244 68 praedijsue

47 2811 259 71 proprijs.
246 2811 179 71 Certe
366 2811 119 71 si
425 2811 259 71 operarius
624 2811 219 71 aliquid
784 2811 119 71 de
843 2811 219 71 mercede
1002 2811 139 71 sua
1082 2811 219 71 offerat
1241 2811 159 71 deo,
1341 2811 139 71 hoc
1420 2811 139 71 est
1480 2811 239 71 largiatur.

58 2863 249 78 pauperi,
245 2863 124 78 an
307 2863 145 78 non
390 2863 290 78 gratissima
617 2863 145 78 deo
700 2863 228 78 uidetur
866 2863 166 78 esse
969 2863 249 78 oblatio?
1156 2863 290 78 Gratissima
1384 2863 166 78 ergo
1487 2863 145 78 deo
1549 2863 166 78 fuerit

50 2919 285 90 eleemosyna
274 2919 224 90 collata
437 2919 102 90 a
477 2919 244 90 ministro
661 2919 265 90 ecclesiae
864 2919 122 90 ex
926 2919 265 90 stipendio
1129 2919 224 90 accepto
1292 2919 122 90 ex
1353 2919 183 90 sacro
1455 2919 265 90 ministerio.
