2288 3632
474 330 162 80 mini
575 330 202 80 nostri
717 330 162 80 Iesu
818 330 243 80 Christi,
1000 330 243 80 tradatur
1182 330 223 80 sathane
1344 330 121 80 ad
1405 330 263 80 interitum
1607 330 223 80 carnis,
1769 330 142 80 quo
1850 330 243 80 spiritus
2012 330 162 80 saluus

482 387 144 81 sit
565 387 123 81 in
626 387 144 81 die
709 387 206 81 domini
852 387 185 81 Iesu.
976 387 123 81 En
1037 387 267 81 ecclesiae
1243 387 288 81 seniorumue
1469 387 123 81 in
1531 387 247 81 ecclesia
1716 387 144 81 est
1798 387 164 81 ista
1901 387 247 81 potestas
2065 387 103 81 uel

494 457 264 63 uindicta.
697 457 183 63 Modus
819 457 183 63 autem
941 457 163 63 est,
1042 457 264 63 interitus
1245 457 223 63 carnis.
1408 457 183 63 Finis
1530 457 183 63 uero,
1652 457 183 63 salus
1774 457 264 63 spiritus,
1977 457 163 63 siue
2058 457 122 63 con-

492 499 245 78 seruatio
675 499 224 78 fidelis
838 499 245 78 hominis.
1021 499 143 78 Nam
1103 499 122 78 et
1164 499 122 78 ad
1225 499 245 78 Thessal.
1409 499 163 78 idem
1511 499 285 78 apostolus,
1735 499 122 78 Si
1796 499 183 78 quis,
1918 499 224 78 inquit,
2081 499 143 78 non

491 559 218 84 obedit
644 559 239 84 sermoni
818 559 239 84 nostro,
992 559 174 84 hunc
1100 559 152 84 per
1187 559 283 84 epistolam
1405 559 283 84 indicate,
1622 559 174 84 etne
1731 559 305 84 commertium
1949 559 218 84 habeatis

491 616 147 77 cum
575 616 189 77 illo,
701 616 126 77 ut
764 616 210 77 pudore
911 616 336 77 suffundatur:
1184 616 189 77 neque
1310 616 189 77 uelut
1437 616 252 77 inimicum
1626 616 273 77 habeatis,
1836 616 147 77 sed
1920 616 252 77 admonete
2088 616 84 77 ut

498 663 243 82 fratrem.
680 663 162 82 Idem
782 663 264 82 apostolus
984 663 183 82 alibi
1106 663 203 82 quoque
1248 663 183 82 satis
1370 663 223 82 diserte
1532 663 264 82 indicans,
1735 663 142 82 qui
1816 663 142 82 nam
1877 663 304 82 ecclesiastico

497 727 242 74 feriendi
678 727 161 74 sint
779 727 222 74 gladio,
940 727 141 74 non
1021 727 282 74 peccatores
1243 727 202 74 quidem
1384 727 242 74 infirmi,
1565 727 141 74 aut
1646 727 161 74 uiri
1747 727 181 74 boni,
1867 727 181 74 solis
1968 727 222 74 episcopis

488 782 112 78 &
532 782 313 78 coniuratis
778 782 246 78 ipsorum
957 782 291 78 haeretici
1181 782 291 78 iudicati,
1404 782 157 78 aut
1494 782 268 78 pauperes
1695 782 246 78 propter
1874 782 268 78 pecuniam
2053 782 134 78 non-

505 833 141 89 dum
585 833 261 89 numeratam
786 833 261 89 officiali
987 833 141 89 aut
1068 833 221 89 uicario
1228 833 402 89 inspiritualibus,
1570 833 141 89 sed
1650 833 261 89 scelerati
1851 833 121 89 et
1912 833 261 89 nepharij,
2093 833 80 89 ma

497 889 272 89 nifesteque
711 889 272 89 flagitiosi
925 889 234 89 homines.
1100 889 117 89 Si
1158 889 156 89 quis
1255 889 136 89 cum
1333 889 214 89 ffrater
1489 889 292 89 appelletur,
1722 889 214 89 inquit,
1878 889 195 89 fuerit
1995 889 175 89 scorta.

509 952 155 78 tor,
606 952 136 78 aut
683 952 214 78 auarus,
839 952 136 78 aut
916 952 291 78 idololatra,
1150 952 136 78 aut
1227 952 311 78 conuitiator,
1480 952 136 78 aut
1557 952 253 78 ebriosus,
1752 952 136 78 aut
1829 952 194 78 rapax,
1965 952 136 78 cum
2043 952 175 78 eius¬

502 1001 178 81 modi
613 1001 133 81 ne
679 1001 200 81 cibum
813 1001 222 81 quidem
968 1001 289 81 capiatis.
1190 1001 133 81 S.
1257 1001 311 81 Augustinus
1501 1001 133 81 in
1567 1001 266 81 uindicta
1767 1001 289 81 exercenda
1967 1001 222 81 admittit

500 1074 374 62 moderationem,
808 1074 154 62 tum
896 1074 220 62 maxime
1050 1074 154 62 cum
1138 1074 132 62 ex
1204 1074 264 62 uindicta
1403 1074 154 62 non
1491 1074 352 62 aedificatio,
1777 1074 154 62 sed
1865 1074 308 62 destructio
2085 1074 110 62 ec-

502 1116 222 82 clesiae
663 1116 262 82 metuitur.
865 1116 141 82 Qui
946 1116 182 82 metus
1067 1116 182 82 forte
1188 1116 222 82 inanis,
1349 1116 141 82 aut
1430 1116 202 82 nimius
1571 1116 202 82 uideri
1712 1116 282 82 potuisset,
1934 1116 121 82 si
1994 1116 141 82 non
2055 1116 121 82 idem

505 1185 288 64 apostolus,
731 1185 144 64 qui
814 1185 308 64 incestuosum
1060 1185 226 64 moechum
1224 1185 226 64 sathane
1389 1185 185 64 tradi
1512 1185 267 64 iusserat,
1718 1185 123 64 in
1779 1185 288 64 posteriori
1985 1185 205 64 dixisset

509 1242 259 67 epistola
704 1242 130 67 ad
768 1242 324 67 Corinthios,
1027 1242 194 67 Timeo
1157 1242 194 67 autem
1286 1242 130 67 ne
1351 1242 194 67 forte
1481 1242 151 67 cum
1567 1242 237 67 uenero,
1740 1242 151 67 non
1826 1242 216 67 quales
1977 1242 194 67 uolo,
2085 1242 108 67 in-

510 1291 220 78 ueniam
664 1291 176 78 uos,
774 1291 110 78 &
818 1291 220 78 lugeam
972 1291 220 78 multos
1126 1291 132 78 ex
1192 1291 154 78 his
1280 1291 154 78 qui
1368 1291 176 78 ante
1478 1291 352 78 peccauerunt,
1764 1291 110 78 &
1808 1291 154 78 non
1896 1291 242 78 egerunt
2050 1291 132 78 poe-

506 1335 291 82 nitentiam
730 1335 202 82 super
864 1335 313 82 immundicia
1110 1335 112 82 &
1155 1335 336 82 scortatione
1424 1335 112 82 &
1468 1335 336 82 impudicitia
1737 1335 179 82 quam
1849 1335 313 82 gesserunt,
2073 1335 112 82 &c.

512 1398 237 73 Minatur
685 1398 151 73 his
771 1398 216 73 quidem
922 1398 280 73 grauiter,
1138 1398 129 73 se
1203 1398 151 73 eis
1289 1398 151 73 non
1375 1398 280 73 parsurum:
1591 1398 151 73 sed
1677 1398 237 73 quoniam
1850 1398 237 73 uidebat
2022 1398 129 73 ad
2066 1398 129 73 dis-

503 1458 286 70 sipationem
727 1458 266 70 ecclesiae
932 1458 143 70 non
1014 1458 327 70 collectionem
1279 1458 266 70 spectare,
1484 1458 123 70 si
1545 1458 204 70 omnes,
1688 1458 204 70 moechi
1831 1458 225 70 instar,
1975 1458 204 70 sathanae

509 1521 349 67 tradidisset,
792 1521 349 67 moderationem
1076 1521 283 67 adhibuit,
1294 1521 196 67 iuxta
1424 1521 305 67 praeceptum
1664 1521 240 67 domini,
1838 1521 218 67 Sinite
1969 1521 218 67 crescere

507 1563 243 81 utraque.
689 1563 122 81 ne
750 1563 142 81 dum
831 1563 264 81 euellitis
1034 1563 243 81 zizania,
1217 1563 183 81 simul
1338 1563 284 81 eradicetis
1561 1563 101 81 &
1602 1563 264 81 triticum.
1805 1563 162 81 Opus
1906 1563 142 81 est
1987 1563 162 81 ergo
2068 1563 122 81 san-

508 1615 140 80 cto
588 1615 241 80 iudicio,
769 1615 120 80 ne
829 1615 140 80 hic
909 1615 181 80 nimia
1030 1615 241 80 peccetur
1210 1615 140 80 uel
1290 1615 301 80 indulgentia
1531 1615 140 80 uel
1611 1615 301 80 seueritate,
1852 1615 261 80 Praeterea
2033 1615 160 80 ualeat

507 1680 119 71 in
567 1680 376 71 resipiscentibus
883 1680 198 71 matura
1021 1680 356 71 reconciliatio.
1318 1680 119 71 S.
1377 1680 218 71 Paulus,
1535 1680 257 71 Sufficit,
1733 1680 218 71 inquit,
1891 1680 198 71 homini
2010 1680 178 71 istius-

500 1747 172 60 modi
608 1747 302 60 increpatio
845 1747 194 60 haec.
975 1747 129 60 S.
1039 1747 216 60 Petrus
1190 1747 151 60 qui
1277 1747 259 60 turpiter
1471 1747 280 60 abnegarat
1686 1747 259 60 dominum,
1880 1747 194 60 audit
2010 1747 172 60 sibi
2096 1747 86 60 in

506 1804 169 70 ipsa
612 1804 381 70 resurrectionis
929 1804 148 70 die
1013 1804 106 70 a
1056 1804 296 70 mulieribus
1288 1804 148 70 per
1373 1804 233 70 angelos
1542 1804 254 70 nunciari
1711 1804 275 70 euangelium.

595 1839 182 92 Porro
716 1839 162 92 esse
817 1839 121 92 in
878 1839 242 92 ecclesia
1060 1839 182 92 etiam
1181 1839 323 92 magistratum,
1443 1839 101 92 &
1484 1839 141 92 ius
1565 1839 202 92 gladij
1706 1839 263 92 ferientis
1908 1839 283 92 maleficos,
2130 1839 101 92 &

511 1901 327 76 magistratum
773 1901 305 76 iudicantem
1012 1901 348 76 ferientemque
1295 1901 240 76 gladio,
1469 1901 218 76 nihilo
1622 1901 196 76 minus
1752 1901 261 76 numerari
1948 1901 196 76 inter
2057 1901 131 76 uera

508 1955 273 75 ecclesiae
718 1955 231 75 membra,
885 1955 147 75 imo
969 1955 314 75 magistratum
1221 1955 231 75 officio
1388 1955 147 75 suo
1472 1955 273 75 ecclesiae
1682 1955 210 75 omnino
1829 1955 210 75 utilem
1975 1955 189 75 esse,
2080 1955 105 75 do-

501 2024 155 66 cui
590 2024 244 66 Sermone
767 2024 133 66 7.
833 2024 111 66 &
878 2024 133 66 8.
944 2024 244 66 Decadis
1099 2024 89 66 2-

598 2081 293 63 Singularia
828 2081 167 63 uero
933 2081 146 63 dei
1016 2081 272 63 instituta
1226 2081 126 63 in
1288 2081 251 63 ecclesia
1477 2081 167 63 sunt
1581 2081 126 63 ea
1644 2081 167 63 quae
1749 2081 293 63 sequuntur.
1979 2081 126 63 Et
2021 2081 167 63 coniu-

511 2126 167 84 gium
615 2126 209 84 quidem
761 2126 188 84 inter
887 2126 271 84 ecclesiae
1095 2126 271 84 instituta
1304 2126 146 84 non
1387 2126 271 84 postremas
1596 2126 229 84 obtinet
1763 2126 229 84 partes:
1930 2126 167 84 quod
2034 2126 125 84 si
2076 2126 104 84 re-

509 2187 143 65 cte
590 2187 244 65 colatur,
773 2187 224 65 fructus
936 2187 244 65 egregios
1119 2187 102 65 &
1160 2187 265 65 innumeros
1364 2187 122 65 in
1425 2187 244 65 ecclesia
1608 2187 244 65 profert:
1791 2187 122 65 si
1852 2187 143 65 non
1934 2187 183 65 recte
2035 2187 143 65 cola-

505 2238 166 72 tur,
609 2238 248 72 scandala
795 2238 104 72 &
836 2238 166 72 mala
940 2238 269 72 pestifera
1147 2238 104 72 &
1188 2238 248 72 infinita
1375 2238 124 72 ex
1437 2238 124 72 se
1499 2238 269 72 profundit
1706 2238 124 72 in
1768 2238 290 72 ecclesiam.
1996 2238 186 72 Recte
2099 2238 83 72 em

509 2292 251 76 iudicant
697 2292 146 76 qui
781 2292 188 76 aiunt
906 2292 125 76 ex
969 2292 251 76 plurimis
1157 2292 167 76 bene
1262 2292 293 76 institutis
1492 2292 251 76 domibus,
1680 2292 209 76 optime
1827 2292 105 76 &
1868 2292 314 76 sanctissime
2098 2292 84 76 in

514 2348 249 83 stitutam
701 2348 228 83 colligi
867 2348 291 83 ecclesiam:
1095 2348 208 83 rursus
1241 2348 125 83 ex
1303 2348 208 83 multis
1448 2348 208 83 impijs
1593 2348 249 83 domibus,
1780 2348 208 83 impiam
1925 2348 270 83 constitui
2112 2348 83 83 ec

508 2416 259 64 clesiam.
702 2416 172 64 Deus
810 2416 172 64 ergo
918 2416 194 64 uerbo
1047 2416 151 64 suo
1134 2416 302 64 diligenter
1371 2416 280 64 instituit
1586 2416 280 64 coniuges,
1802 2416 108 64 &
1845 2416 280 64 coniugium
2039 2416 151 64 ornat

506 2469 321 84 pulcherrime.
767 2469 141 84 Non
847 2469 141 84 est
927 2469 161 84 aunt
1028 2469 281 84 praesentis
1249 2469 261 84 instituti
1449 2469 281 84 matrimonij
1670 2469 241 84 encomium
1851 2469 221 84 canere,
1991 2469 201 84 sufficit

509 2516 180 75 nosse
629 2516 180 75 ipsum
749 2516 160 75 deum
849 2516 280 75 matrimonij
1069 2516 160 75 esse
1169 2516 240 75 authore:
1349 2516 300 75 instituisse
1589 2516 160 75 aunt
1689 2516 140 75 hoc
1769 2516 120 75 in
1829 2516 160 75 ipsa
1929 2516 260 75 paradyso,
2129 2516 100 75 &

508 2581 121 69 in
568 2581 162 69 hunc
670 2581 202 69 finem,
811 2581 121 69 ut
872 2581 162 69 bene
973 2581 142 69 uel
1054 2581 202 69 comode
1195 2581 162 69 apud
1296 2581 222 69 sodalem
1458 2581 162 69 homo
1559 2581 202 69 uiuat:
1701 2581 222 69 denique
1862 2581 182 69 illum
1984 2581 182 69 ipsum
2085 2581 101 69 pri

509 2644 143 63 mos
590 2644 266 63 copulasse
795 2644 266 63 coniuges,
1000 2644 102 63 &
1041 2644 266 63 copulatis
1245 2644 328 63 benedixisse.
1512 2644 225 63 Vixisse
1675 2644 164 63 aunt
1778 2644 123 63 in
1839 2644 143 63 hoc
1921 2644 225 63 uiuendi
2064 2644 123 63 gene

506 2698 122 59 re
567 2698 324 59 sanctissimos
830 2698 223 59 quosque
992 2698 142 59 dei
1074 2698 223 59 amicos,
1236 2698 324 59 patriarchas,
1499 2698 284 59 principes,
1723 2698 284 59 prophetas,
1946 2698 203 59 reges,
2067 2698 122 59 pon-

512 2755 242 68 tifices,
693 2755 262 68 sapientes
895 2755 101 68 &
935 2755 303 68 sacerdotes.
1177 2755 161 68 Vnde
1278 2755 262 68 fortassis
1480 2755 202 68 Paulus
1621 2755 222 68 dixisse
1783 2755 242 68 legitur.
1944 2755 242 68 Honorabile

511 2808 145 71 est
594 2808 270 71 coniugium
802 2808 166 71 apud
906 2808 208 71 omnes,
1051 2808 104 71 &
1093 2808 208 71 cubile
1238 2808 312 71 impollutum.
1488 2808 166 71 Idem
1592 2808 187 71 alibi
1716 2808 270 71 doctrinam
1924 2808 312 71 prohibentem

505 2870 300 63 contrahere
740 2870 321 63 matrimonium
997 2870 257 63 appellat
1190 2870 321 63 daemoniorum
1447 2870 300 63 doctrinam.
1682 2870 236 63 Constat
1853 2870 128 63 em
1918 2870 193 63 ipsos
2025 2870 171 63 quoque

512 2919 223 67 Christi
674 2919 283 67 discipulos
896 2919 101 67 &
937 2919 263 67 apostolos
1139 2919 202 67 fuisse
1281 2919 304 67 coniugatos.
1524 2919 182 67 neque
1645 2919 263 67 dimisisse
1848 2919 101 67 (
1888 2919 162 67 quod
1990 2919 182 67 tamen
2091 2919 101 67 qui

508 2976 147 65 dam
592 2976 293 65 impudenter
822 2976 314 65 confingunt)
1074 2976 273 65 coniuges,
1284 2976 147 65 cum
1367 2976 231 65 obirent
1535 2976 189 65 munus
1661 2976 335 65 praedicandi.
1912 2976 273 65 Clarissimum

491 3037 170 73 enim
597 3037 191 73 illud
724 3037 148 73 est
809 3037 170 73 quod
915 3037 276 73 apostolus
1127 3037 127 73 ab
1190 3037 254 73 episcopo
1381 3037 148 73 uel
1466 3037 297 73 presbytero
1699 3037 276 73 requirit,
1911 3037 127 73 ut
1975 3037 148 73 sit
2039 3037 148 73 unius
