2192 3684
186 324 236 72 minari,
357 324 171 72 Deum
464 324 257 72 inuocare
657 324 214 72 solum,
806 324 107 72 &
849 324 214 72 colere
999 324 300 72 religiose.
1235 324 193 72 Porro
1363 324 214 72 cultum
1513 324 150 72 Dei
1599 324 257 72 constare
1770 324 107 72 re-

194 380 132 80 bus
269 380 339 80 spiritualibus,
552 380 169 80 fide,
665 380 151 80 spe,
759 380 264 80 charitate,
966 380 282 80 obedientia,
1192 380 245 80 iustitia,
1380 380 301 80 sanctimonia,
1606 380 264 80 innocentia,.

193 449 268 75 patientia,
403 449 249 75 ueritate,
595 449 211 75 iudicio
748 449 96 75 &
786 449 230 75 pietate.
959 449 211 75 Ideoque
1112 449 268 75 accusabant
1323 449 211 75 scelera
1476 449 172 75 atque
1591 449 230 75 peccata,
1744 449 134 75 perfi

192 505 191 66 diam,
319 505 403 66 incredulitatem,
659 505 382 66 desperationem,
977 505 382 66 inobedientiam,
1296 505 361 66 impatientiam,
1593 505 318 66 mendacium,.

187 544 306 90 hypocrisim,
431 544 184 90 odia,
554 544 326 90 contumelias,
819 544 163 90 uim,
921 544 265 90 iniurias,
1125 544 326 90 iniustitiam,
1390 544 326 90 impuritatem,
1655 544 204 90 luxum,
1777 544 102 90 cra

191 614 221 74 pulam,
346 614 243 74 stupra,
522 614 353 74 iniquitatem,
810 614 331 74 impietatem.
1075 614 265 74 Docebant
1273 614 177 74 Deum
1384 614 177 74 boni
1494 614 177 74 esse
1583 614 287 74 remunerato-

183 671 186 50 rem,
299 671 186 50 mali
415 671 209 50 autem
554 671 279 50 uindicem
763 671 348 50 ultoremque.
1042 671 302 50 Docuerunt
1274 671 232 50 animas
1436 671 255 50 hominum
1622 671 186 50 esse
1715 671 162 50 immor

189 721 201 76 tales,
330 721 100 76 &
370 721 221 76 corpora
531 721 201 76 quoque
671 721 261 76 resurgere
872 721 121 76 in
932 721 241 76 iudicio:
1113 721 161 76 ergo
1214 721 301 76 hortabantur
1455 721 141 76 ita
1535 721 121 76 in
1596 721 141 76 hac
1676 721 161 76 uita
1777 721 141 76 tem

190 781 218 74 porali
343 781 284 74 uiueremus
561 781 218 74 omnes,
714 781 131 74 ne
779 781 327 74 amitteremus
1041 781 284 74 aeternam.
1259 781 175 74 Haec
1368 781 153 74 est
1456 781 196 74 summa
1586 781 196 74 uerbi
1717 781 153 74 Dei
1783 781 87 74 re

190 839 195 63 uelati
327 839 254 63 patribus,
523 839 98 63 &
562 839 137 63 per
640 839 137 63 hos
718 839 215 63 tradita
874 839 313 63 posteritati.
1128 839 156 63 Haec
1226 839 137 63 est
1304 839 234 63 traditio
1480 839 195 63 diuina
1617 839 215 63 patrum,
1754 839 117 63 quae

192 895 191 69 omnem
319 895 255 69 pietatem
510 895 361 69 comprehendit.
807 895 170 69 Haec
914 895 149 69 est
999 895 234 69 denique
1168 895 191 69 fides
1296 895 212 69 patrum
1444 895 191 69 uera,
1572 895 212 69 uetus,
1699 895 170 69 indubi

185 947 183 78 tata,
306 947 304 78 authentica,
550 947 264 78 orthodoxa
753 947 101 78 &
793 947 284 78 catholica.
1017 947 122 78 Ad
1078 947 162 78 haec
1179 947 304 78 tradiderunt
1423 947 203 78 sancti
1565 947 203 78 patres
1686 947 183 78 liberis

186 999 106 89 &
228 999 254 89 posteris
419 999 170 89 suis
525 999 360 89 supputationem
822 999 233 89 annorum
992 999 127 89 ab
1055 999 233 89 exordio
1225 999 212 89 mundi,
1373 999 212 89 certam
1522 999 233 89 denique
1691 999 212 89 histo¬

181 1057 167 75 riam
286 1057 209 75 utilem
432 1057 104 75 &
474 1057 313 75 necessariam
724 1057 188 75 rerum
849 1057 104 75 a
891 1057 230 75 condito
1058 1057 188 75 mundo
1184 1057 125 75 ad
1246 1057 167 75 suam
1351 1057 188 75 usque
1476 1057 251 75 aetatem,
1664 1057 125 75 ne
1706 1057 146 75 filij

181 1111 316 72 ignorarent
430 1111 316 72 principium
678 1111 113 72 &
724 1111 361 72 successionem
1017 1111 203 72 rerum
1153 1111 316 72 humanarum,
1401 1111 248 72 iudicia
1582 1111 181 72 item
1695 1111 158 72 Dei
1785 1111 113 72 &

186 1172 240 79 exempla
361 1172 153 79 pie
448 1172 240 79 pariter
623 1172 109 79 &
667 1172 197 79 impie
798 1172 306 79 uiuentium.
1039 1172 262 79 Possemus
1235 1172 197 79 autem
1366 1172 175 79 haec
1476 1172 197 79 omnia
1607 1172 131 79 ex
1672 1172 197 79 primo
1782 1172 87 79 li

179 1219 147 85 bro
263 1219 189 85 Mosis
389 1219 147 85 qui
473 1219 231 85 Genesis
641 1219 252 85 dicitur,
830 1219 189 85 clare
956 1219 105 85 &
998 1219 210 85 ordine
1146 1219 315 85 pulcherrimo
1398 1219 315 85 demostrare,
1650 1219 168 85 nisi
1734 1219 126 85 pro-

184 1273 168 85 lixe
289 1273 189 85 nimis
415 1273 356 85 protraheretur
708 1273 210 85 sermo.
855 1273 147 85 Sed
939 1273 105 85 &
981 1273 252 85 pauculos
1169 1273 231 85 adeoque
1337 1273 210 85 nullos
1484 1273 210 85 astare
1630 1273 273 85 arbitror,

182 1338 140 71 qui
262 1338 140 71 non
342 1338 300 71 intelligant
582 1338 120 71 me
641 1338 160 71 ista
741 1338 120 71 de
801 1338 220 71 ueterum
961 1338 280 71 traditione
1181 1338 180 71 quasi
1301 1338 240 71 uerbotim
1480 1338 260 71 recitasse
1680 1338 120 71 ex
1740 1338 160 71 lib.

185 1383 160 76 Gen.
285 1383 120 76 ut
345 1383 140 76 iam
425 1383 200 76 liceat
564 1383 120 76 in
624 1383 200 76 coepta
764 1383 220 76 pergere
903 1383 220 76 historia.

255 1440 256 70 Caeterum
447 1440 171 70 quae
554 1440 256 70 hactenus
746 1440 149 70 ore
831 1440 128 70 ac
895 1440 213 70 ueluti
1044 1440 149 70 per
1130 1440 192 70 manus
1258 1440 235 70 tradita
1429 1440 171 70 sunt
1535 1440 107 70 a
1578 1440 256 70 patribus
1749 1440 128 70 mun-

177 1497 143 83 do,
258 1497 205 83 primum
402 1497 102 83 a
443 1497 184 83 beato
566 1497 164 83 Mose
668 1497 205 83 relata
812 1497 164 83 sunt
914 1497 123 83 in
976 1497 246 83 literas,
1160 1497 143 83 una
1242 1497 143 83 cum
1324 1497 143 83 ijs
1406 1497 164 83 quae
1508 1497 164 83 toto
1611 1497 184 83 uitae
1734 1497 184 83 Mosis

176 1564 228 78 tempore
342 1564 145 78 per
425 1564 187 78 annos
550 1564 166 78 120.
654 1564 187 78 gesta
778 1564 187 78 sunt.
903 1564 187 78 Atque
1028 1564 125 78 ut
1090 1564 228 78 maiorem
1256 1564 125 78 in
1318 1564 166 78 toto
1422 1564 249 78 terrarum
1609 1564 166 78 orbe
1713 1564 104 78 &
1754 1564 166 78 apud

176 1610 191 82 omnes
303 1610 234 82 homines
473 1610 298 82 omnibusque
707 1610 255 82 saeculis
899 1610 340 82 authoritatem
1175 1610 255 82 haberet,
1367 1610 234 82 nemoque
1537 1610 276 82 ignoraret
1728 1610 149 82 scri-

180 1668 155 86 pta
268 1668 199 86 Mosis
401 1668 310 86 ipsissimum
645 1668 177 86 esse
755 1668 155 86 Dei
844 1668 243 86 uerbum,
1021 1668 243 86 ornatur
1198 1668 111 86 a
1242 1668 155 86 Deo
1331 1668 199 86 Moses
1464 1668 111 86 &
1508 1668 221 86 ueluti
1641 1668 221 86 inaugura

172 1736 146 69 tur
256 1736 209 69 signis
402 1736 104 69 &
443 1736 271 69 portentis
652 1736 167 69 uere
756 1736 292 69 stupendis,
985 1736 167 69 quae
1090 1736 146 69 per
1173 1736 188 69 Mosis
1298 1736 209 69 manum,
1444 1736 146 69 hoc
1527 1736 146 69 est
1590 1736 271 69 ministerium

177 1782 255 66 patrabat
368 1782 319 66 omnipotens,
623 1782 106 66 &
665 1782 255 66 patrabat
857 1782 212 66 quidem
1005 1782 149 66 non
1090 1782 127 66 in
1154 1782 212 66 angulo
1303 1782 212 66 aliquo
1451 1782 212 66 mundi,
1600 1782 149 66 aut
1685 1782 127 66 in
1728 1782 127 66 loco

177 1848 246 76 obscuro,
361 1848 143 76 sed
443 1848 123 76 in
504 1848 164 76 eius
607 1848 225 76 aetatis
771 1848 348 76 florentissimo
1058 1848 369 76 famosissimoque
1365 1848 287 76 Aegyptiaco
1591 1848 205 76 regno.
1714 1848 143 76 Mira-

177 1892 156 66 cula
274 1892 156 66 illa
371 1892 195 66 maiora
508 1892 97 66 &
546 1892 175 66 plura
663 1892 156 66 sunt
761 1892 156 66 quam
858 1892 136 66 hic
936 1892 195 66 paucis
1072 1892 253 66 recensere
1267 1892 214 66 liceat:
1423 1892 175 66 neque
1539 1892 156 66 uero
1637 1892 156 66 illa
1715 1892 136 66 repe-

168 1952 166 56 tere
272 1952 228 56 necesse
438 1952 166 56 est,
542 1952 145 56 cum
624 1952 187 56 eorum
749 1952 249 56 charitas
936 1952 207 56 uestra
1081 1952 145 56 non
1164 1952 145 56 sit
1247 1952 207 56 omnino
1392 1952 187 56 rudis
1516 1952 104 56 &
1558 1952 228 56 ignara.
1703 1952 145 56 Dein-

174 2002 129 78 de
238 2002 322 78 conciliauit
496 2002 172 78 Mosi
603 2002 343 78 authoritatem
882 2002 172 78 Deus
989 2002 193 78 etiam
1118 2002 193 78 alijs
1247 2002 215 78 modis.
1397 2002 386 78 Frequentissima
1719 2002 172 78 enim

174 2060 140 64 cum
254 2060 160 64 Mose
354 2060 199 64 habuit
493 2060 259 64 colloquia
692 2060 179 64 Deus:
812 2060 120 64 ac
872 2060 179 64 inter
992 2060 179 64 alia,
1111 2060 160 64 Ecce
1211 2060 199 64 ueniam
1351 2060 120 64 ad
1410 2060 140 64 te,
1490 2060 160 64 ait,
1590 2060 120 64 in
1650 2060 179 64 densa
1749 2060 100 64 nu-

165 2109 131 86 be
231 2109 131 86 ut
296 2109 218 86 audiat
449 2109 131 86 me
514 2109 240 86 populus
688 2109 196 86 tecum
819 2109 305 86 loquentem,
1059 2109 109 86 &
1103 2109 218 86 credat
1255 2109 174 86 tibi
1364 2109 131 86 in
1430 2109 305 86 perpetuum.
1670 2109 153 86 Nec
1735 2109 109 86 his

163 2174 289 80 contentus
385 2174 267 80 dominus,
585 2174 200 80 iubet
719 2174 200 80 Mosen
852 2174 133 80 in
919 2174 289 80 concionem
1141 2174 245 80 euocare
1319 2174 200 80 totum
1453 2174 267 80 populum,
1631 2174 222 80 sexcente

168 2234 133 60 na
234 2234 222 60 inquam
390 2234 244 60 uirorum
567 2234 222 60 milia,
722 2234 155 60 una
811 2234 155 60 cum
900 2234 266 60 uxoribus
1099 2234 111 60 &
1143 2234 266 60 liberis.
1343 2234 244 60 Euocati
1520 2234 177 60 sunt
1631 2234 133 60 ad
1676 2234 177 60 montem

169 2282 178 74 Sina,
288 2282 119 74 in
347 2282 138 74 hoc
426 2282 217 74 apparet
584 2282 158 74 Deus
683 2282 237 74 mirifica
861 2282 119 74 ac
920 2282 257 74 terribili
1117 2282 217 74 specie,
1275 2282 119 74 ac
1335 2282 158 74 ipse
1433 2282 296 74 concionatur
1670 2282 119 74 ad
1710 2282 138 74 eccle

169 2338 187 66 siam,
294 2338 249 66 recitans
480 2338 187 66 ipsis
605 2338 187 66 decem
729 2338 290 66 praecepta.
957 2338 228 66 Populus
1123 2338 166 66 uero
1227 2338 249 66 territus
1414 2338 207 66 diuina
1559 2338 270 66 maiestate
1745 2338 104 66 de-

172 2390 242 86 precatur
353 2390 121 86 ac
414 2390 222 86 poscit,
575 2390 121 86 ne
635 2390 222 86 dominus
797 2390 161 86 ipse
898 2390 181 86 porro
1018 2390 202 86 pergat
1160 2390 141 86 ore
1240 2390 222 86 proprio
1402 2390 282 86 concionari
1603 2390 242 86 ecclesies.

168 2456 176 56 satis
286 2456 156 56 esse
383 2456 117 56 si
442 2456 156 56 Mose
539 2456 195 56 utatur
676 2456 117 56 ad
734 2456 176 56 ipsos
852 2456 293 56 interprete,
1086 2456 117 56 ac
1144 2456 137 56 per
1222 2456 176 56 ipsum
1340 2456 254 56 ecclesiae
1535 2456 254 56 loquatur,
1710 2456 137 56 Rece-

161 2514 149 58 pit
246 2514 319 58 conditionem
501 2514 319 58 altissimus,
756 2514 128 58 ac
820 2514 191 58 porro
948 2514 149 58 per
1033 2514 191 58 Mosen
1160 2514 213 58 populo
1309 2514 234 58 locutus
1479 2514 149 58 est
1565 2514 170 58 quod
1650 2514 191 58 uoluit.

231 2561 131 81 Et
297 2561 240 81 quoniam
471 2561 240 81 populus
645 2561 174 81 ille
754 2561 174 81 erat
863 2561 196 81 durae
994 2561 262 81 ceruicis
1190 2561 262 81 populus,
1386 2561 131 81 in
1452 2561 240 81 Aegypto
1626 2561 218 81 quoque
1757 2561 87 81 ex

165 2618 268 81 consortio
372 2618 351 81 idololatrarum
661 2618 144 81 non
743 2618 289 81 uulgariter
970 2618 289 81 corruptus,
1197 2618 206 81 coepit
1342 2618 144 81 iam
1424 2618 206 81 quoque
1569 2618 227 81 literis
1713 2618 124 81 com-

160 2678 228 64 mittere
326 2678 186 64 Moses
450 2678 166 64 quae
553 2678 310 64 tradiderant
802 2678 207 64 sancti
946 2678 228 64 patres,
1112 2678 166 64 quae
1215 2678 166 64 item
1319 2678 166 64 ipsi
1422 2678 145 64 iam
1505 2678 310 64 reuelauerat
1733 2678 103 64 do-

164 2741 215 49 minus.
315 2741 129 49 Ea
380 2741 172 49 ideo
487 2741 129 49 in
552 2741 237 49 literas
724 2741 237 49 retulit
896 2741 129 49 ne
961 2741 172 49 apud
1068 2741 215 49 segnem
1219 2741 237 49 populum
1391 2741 280 49 obliuione
1606 2741 108 49 &
1628 2741 215 49 temporum

157 2790 337 60 diuturnitate
431 2790 105 60 &
473 2790 316 60 improbitate
725 2790 147 60 uel
810 2790 295 60 interirent
1041 2790 147 60 uel
1125 2790 400 60 corrumperentur.
1462 2790 211 60 Praeit
1609 2790 189 60 autem
1715 2790 126 60 Mosi

166 2834 238 75 dominus
340 2834 152 75 suo
426 2834 260 75 exemplo.
621 2834 152 75 Nam
707 2834 173 75 quae
816 2834 325 75 recitauerat
1075 2834 173 75 Deus
1184 2834 173 75 apud
1292 2834 281 75 ecclesiam
1508 2834 130 75 in
1573 2834 195 75 monte
1681 2834 152 75 Sina,

159 2913 195 63 eadem
289 2913 152 63 mox
376 2913 217 63 digito
528 2913 152 63 suo
615 2913 282 63 inscribit
832 2913 239 63 tabulis
1006 2913 260 63 lapideis
1201 2913 239 63 duabus,
1374 2913 152 63 qui
1461 2913 195 63 eadem
1591 2913 130 63 ab
1635 2913 195 63 exordio

152 2958 190 82 mundi
278 2958 211 82 digito
426 2958 148 82 suo
510 2958 337 82 inscripserat
784 2958 253 82 cordibus
974 2958 232 82 patrum.
1142 2958 211 82 Deinde
1290 2958 169 82 Mosi
1395 2958 211 82 quoque
1543 2958 232 82 diserte
1690 2958 148 82 prae
