2288 3632
94 269 242 102 luerunt
270 269 242 102 maiores
447 269 220 102 nostri
601 269 176 102 deum
711 269 154 102 sub
799 269 220 102 specie
954 269 242 102 arborum
1130 269 154 102 uel
1218 269 287 102 syluarum.
1438 269 176 102 Quod
1549 269 198 102 tamen
1659 269 110 102 hic

99 350 310 79 prohibetur
343 350 310 79 hominibus,
587 350 333 79 quemadmodum
853 350 133 79 ne
919 350 155 79 sub
1008 350 222 79 specie
1163 350 200 79 earum
1296 350 222 79 rerum,
1452 350 177 79 quae
1562 350 133 79 in
1607 350 155 79 aquis

99 408 151 74 aut
186 408 151 74 sub
272 408 194 74 aquis
402 408 194 74 sunt,
531 408 324 74 effigiantes
790 408 173 74 deum
898 408 237 74 nostrum
1070 408 302 74 ueneremur.
1308 408 281 74 Coluerunt
1502 408 259 74 Palaestini

94 451 167 92 deum
199 451 147 92 sub
282 451 230 92 imagine
450 451 230 92 piscis.
617 451 188 92 Dagon
743 451 167 92 deus
848 451 314 92 Palaestinus
1099 451 167 92 prae
1204 451 126 92 se
1267 451 230 92 ferebat
1434 451 209 92 piscis
1560 451 209 92 figuram.

89 505 253 96 Aegyptus
279 505 211 96 coluit
427 505 296 96 serpentes.
659 505 148 96 Imo
743 505 211 96 Paulus
891 505 169 96 haec
997 505 190 96 omnia
1124 505 338 96 coprehendens
1398 505 127 96 ad
1461 505 169 96 Rom.
1567 505 127 96 5.
1630 505 169 96 cap.

92 573 208 77 contra
238 573 250 77 Gentiles
425 573 291 77 disputans.
654 573 333 77 Obtenebratum
925 573 166 77 est,
1029 573 208 77 inquit
1174 573 250 77 insciens
1362 573 146 77 cor
1445 573 187 77 eorum
1570 573 104 77 :
1611 573 146 77 cum
1674 573 83 77 se

93 619 254 89 crederent
289 619 274 89 sapientes,
504 619 195 89 stulti
641 619 176 89 facti
758 619 176 89 sunt,
875 619 332 89 mutaueruntque
1149 619 215 89 gloriam
1305 619 274 89 immortalis
1520 619 156 89 dei,
1618 619 117 89 in
1657 619 98 89 ima

78 681 210 88 ginem
218 681 163 88 non
311 681 210 88 solum
451 681 280 88 mortalis
661 681 280 88 hominis,
871 681 210 88 uerum
1011 681 210 88 etiam
1151 681 327 88 uolatilium
1408 681 117 88 &
1431 681 327 88 quadrupedum,

86 741 107 73 &
128 741 300 73 reptilium.
364 741 214 73 Contra
515 741 172 73 hanc
622 741 257 73 insaniam
815 741 214 73 pugnat
965 741 193 73 prima
1094 741 193 73 legis
1201 741 150 73 pars.

170 791 146 93 Cur
254 791 188 93 autem
379 791 167 93 deus
484 791 188 93 nolit
609 791 167 93 ulla
714 791 230 93 exprimi
881 791 230 93 imagine
1048 791 272 93 sensibili
1257 791 146 93 aut
1341 791 272 93 uisibili,
1550 791 125 93 in
1592 791 188 93 promptu

84 853 171 84 eausa
198 853 152 84 est.
293 853 152 84 Deus
389 853 229 84 spiritus
560 853 152 84 est,
655 853 152 84 deus
751 853 229 84 immensus
922 853 152 84 est,
1017 853 476 84 incircumscriptibilis,
1436 853 305 84 ineffabilis,
1665 853 114 84 ubi-

79 913 145 78 que
162 913 269 78 praesens,
369 913 207 78 coelum
514 913 104 78 &
556 913 207 78 terram
701 913 249 78 implens,
887 913 269 78 aeternus,
1094 913 186 78 uiuus
1219 913 104 78 &
1260 913 290 78 uiuificans
1488 913 186 78 atque
1592 913 186 78 conser-

89 965 160 81 uans
189 965 200 81 omnia,
329 965 220 81 gloriae
489 965 100 81 &
529 965 280 81 maiestatis
749 965 180 81 supra
869 965 200 81 coelos
1010 965 280 81 exaltatae.
1230 965 160 81 Quis
1330 965 180 81 autem
1450 965 240 81 exprimat
1630 965 160 81 ulla

75 1022 149 71 uel
160 1022 234 71 imagine
330 1022 149 71 uel
415 1022 234 71 materia
585 1022 277 71 spiritum?
798 1022 170 71 Deus
904 1022 149 71 est
989 1022 234 71 immensa
1160 1022 277 71 potentia,
1372 1022 191 71 omnia
1479 1022 255 71 uiuificans

83 1074 188 84 atque
209 1074 314 84 conseruans.
460 1074 147 84 Sed
544 1074 251 84 imagines
732 1074 188 84 Dauid
858 1074 272 84 describit
1067 1074 126 84 ac
1130 1074 209 84 dicit,
1276 1074 293 84 Simulachra
1507 1074 230 84 gentium
1653 1074 84 84 ar

74 1132 243 72 gentum
244 1132 121 72 &
292 1132 243 72 aurum,
462 1132 219 72 opera
608 1132 243 72 manuum
778 1132 292 72 hominum.
997 1132 219 72 Aures
1143 1132 243 72 habent
1313 1132 121 72 &
1361 1132 170 72 non
1458 1132 267 72 audiunt
1629 1132 121 72 na-

85 1190 155 63 res
173 1190 221 63 habent
328 1190 111 63 &
372 1190 155 63 non
461 1190 310 63 odorantur.
704 1190 199 63 Manus
837 1190 221 63 habent
991 1190 155 63 nec
1080 1190 265 63 palpant,
1279 1190 199 63 pedes
1411 1190 221 63 habent
1566 1190 155 63 nec
1632 1190 111 63 am-

82 1233 231 81 bulant,
250 1233 189 81 neque
376 1233 189 81 sonus
502 1233 189 81 ullus
628 1233 147 81 est
712 1233 126 81 in
775 1233 231 81 gutture
943 1233 210 81 eorum.
1090 1233 168 81 Quid
1195 1233 231 81 obsecro
1363 1233 168 81 haec
1468 1233 147 81 cum
1552 1233 147 81 deo
1615 1233 126 81 col-

84 1290 163 85 lata
185 1290 345 85 similitudinis
470 1290 203 85 habent
612 1290 102 85 ?
653 1290 224 85 Proinde
815 1290 183 85 uelle
937 1290 163 85 deum
1039 1290 264 85 exprimere
1242 1290 284 85 simulachro
1466 1290 264 85 uisibili,
1648 1290 102 85 est

83 1348 173 78 deum
191 1348 216 78 probro
342 1348 259 78 exponere
537 1348 281 78 facereque
752 1348 410 78 contemptibilem.
1098 1348 151 78 Dei
1184 1348 216 78 oculus
1335 1348 194 78 omnia
1464 1348 216 78 uidet,
1594 1348 151 78 idoli

77 1411 192 80 nihil
204 1411 213 80 uidet.
354 1411 149 80 Dei
439 1411 192 80 aures
567 1411 192 80 omnia
694 1411 256 80 audiunt,
886 1411 192 80 idoli
1014 1411 192 80 nihil
1142 1411 256 80 audiunt.
1333 1411 149 80 Per
1419 1411 170 80 deum
1525 1411 213 80 uiuunt
1674 1411 106 80 &

76 1467 255 82 mouentur
267 1467 404 82 conseruanturque
608 1467 213 82 omnia.
756 1467 191 82 Idola
884 1467 149 82 nec
969 1467 213 82 uiuunt
1118 1467 149 82 nec
1203 1467 277 82 mouentur,
1416 1467 106 82 &
1458 1467 170 82 nisi
1544 1467 191 82 retine-

80 1521 196 82 antur
211 1521 131 82 ab
276 1521 283 82 hominibus
494 1521 392 82 fabricantibus,
820 1521 283 82 concidunt
1038 1521 109 82 &
1081 1521 261 82 pereunt.
1277 1521 326 82 Simulachrum
1538 1521 152 82 non
1603 1521 131 82 spi-

73 1575 169 84 rat.
179 1575 169 84 Deus
284 1575 148 84 dat
369 1575 233 84 omnibus
538 1575 233 84 halitum
707 1575 317 84 spiritumue.
961 1575 148 84 Vbi
1046 1575 169 84 ergo
1152 1575 106 84 &
1194 1575 127 84 in
1257 1575 148 84 quo
1342 1575 148 84 est
1427 1575 317 84 similitudo?
1659 1575 85 84 In

75 1637 218 78 materia
234 1637 119 78 ne
293 1637 119 78 an
353 1637 119 78 in
412 1637 198 78 forma?
551 1637 119 78 Si
611 1637 119 78 in
670 1637 238 78 materia,
849 1637 179 78 ergon
968 1637 159 78 deus
1067 1637 218 78 aureus,
1226 1637 278 78 argenteus,
1444 1637 238 78 ligneus?
1623 1637 119 78 Si
1663 1637 79 78 in

70 1682 219 93 forma,
224 1682 197 93 ergon
355 1682 329 93 inuisibilis
618 1682 219 93 uirtus
772 1682 219 93 caduca
925 1682 197 93 habet
1056 1682 241 93 membra?
1232 1682 175 93 Quid
1341 1682 175 93 ergo
1451 1682 285 93 peccarunt
1648 1682 88 93 An

76 1745 415 81 thropomorphitae.
429 1745 166 81 Quod
533 1745 125 81 si
595 1745 187 81 nulla
720 1745 145 81 est
803 1745 311 81 similitudo,
1052 1745 145 81 cur
1135 1745 208 81 quaeso
1280 1745 249 81 dicuntur
1467 1745 249 81 imagines
1633 1745 104 81 aut

81 1790 285 91 simulachra
305 1790 163 91 dei,
407 1790 346 91 similitudines
692 1790 122 91 ac
753 1790 224 91 icones?
916 1790 122 91 Si
977 1790 163 91 quis
1079 1790 224 91 nostrum
1242 1790 224 91 alterum
1405 1790 285 91 appellitet
1609 1790 122 91 ido-

76 1842 152 90 lum
163 1842 152 90 aut
250 1842 348 90 simulachrum,
533 1842 239 90 uidetur
707 1842 196 90 magna
838 1842 283 90 affecisse
1055 1842 326 90 contumelia.
1317 1842 218 90 Scimus
1469 1842 174 90 enim
1578 1842 196 90 idola

69 1904 243 92 speciem
246 1904 221 92 falsam
401 1904 243 92 hominis
577 1904 265 92 reserre,
776 1904 155 92 non
865 1904 243 92 hominem
1042 1904 111 92 :
1086 1904 221 92 prinde
1241 1904 221 92 idolum
1395 1904 310 92 appellamus
1616 1904 111 92 ho-

64 1966 187 77 minem
189 1966 249 77 ineptum,
376 1966 229 77 fungum,
542 1966 270 77 torpidum,
750 1966 249 77 inertem,
937 1966 104 77 &
979 1966 125 77 in
1041 1966 145 77 quo
1124 1966 187 77 nihil
1249 1966 249 77 cerebri,
1436 1966 145 77 qui
1519 1966 187 77 nihil
1623 1966 104 77 mi-

64 2022 148 81 nus
148 2022 148 81 sit
233 2022 169 81 quam
338 2022 169 81 quod
444 2022 211 81 audit.
592 2022 148 81 Cur
676 2022 169 81 ergo
782 2022 232 81 posthac
951 2022 338 81 appellaremus
1225 2022 317 81 simulachra,
1479 2022 148 81 dei
1542 2022 190 81 simili-

64 2076 231 85 tudines
232 2076 105 85 ?
274 2076 168 85 Deus
379 2076 189 85 uiuus
506 2076 168 85 est,
611 2076 294 85 simulachra
842 2076 168 85 sunt
947 2076 231 85 hominum
1115 2076 273 85 mortuorum
1326 2076 210 85 signa,
1473 2076 189 85 sicut
1578 2076 147 85 dicit

59 2127 198 86 author
198 2127 178 86 libri
317 2127 297 86 Sapientiae.
555 2127 159 86 Deus
654 2127 258 86 gloriosus
852 2127 159 86 est,
952 2127 119 86 ac
1011 2127 178 86 pleni
1130 2127 159 86 sunt
1229 2127 178 86 coeli
1348 2127 99 86 &
1388 2127 178 86 terra
1507 2127 198 86 gloria
1626 2127 99 86 ma-

70 2186 249 92 iestatis
257 2186 166 92 eius
361 2186 104 92 :
403 2186 291 92 simulachra
631 2186 166 92 uero
735 2186 208 92 carent
881 2186 312 92 omnigloria,
1130 2186 104 92 &
1172 2186 249 92 exposita
1359 2186 166 92 sunt
1463 2186 229 92 hominum
1608 2186 125 92 pro-

66 2237 162 95 bris
167 2237 101 95 &
207 2237 263 95 ludibrio.
410 2237 283 95 Simulachra
633 2237 263 95 absentium
835 2237 182 95 signa
957 2237 182 95 sunt.
1078 2237 162 95 Deus
1179 2237 182 95 autem
1301 2237 202 95 semper
1443 2237 101 95 &
1483 2237 202 95 ubique
1605 2237 121 95 prae

58 2297 159 91 sens
157 2297 159 91 est.
256 2297 119 91 Ac
316 2297 178 91 signa
435 2297 159 91 quae
534 2297 218 91 quondam
692 2297 258 91 instituit
891 2297 99 91 &
930 2297 178 91 dedit
1049 2297 198 91 populo
1188 2297 139 91 suo
1267 2297 178 91 deus,
1386 2297 139 91 non
1465 2297 218 91 fuerunt
1604 2297 119 91 sim-

63 2361 229 81 pliciter
235 2361 172 81 signa
350 2361 134 81 uel
426 2361 229 81 imagines
598 2361 153 81 dei,
694 2361 134 81 sed
770 2361 172 81 signa
885 2361 287 81 praesentiae
1114 2361 153 81 dei,
1210 2361 325 81 significantia
1477 2361 153 81 deum
1573 2361 134 81 qui
1630 2361 96 81 na-

71 2413 164 83 tura
173 2413 245 83 spiritus
357 2413 102 83 &
398 2413 307 83 inuisibilis
643 2413 164 83 est,
745 2413 450 83 incomprehensibilis
1133 2413 102 83 &
1174 2413 266 83 immensus,
1379 2413 286 83 praesentem
1583 2413 143 83 esse.

66 2463 165 91 Tale
170 2463 207 91 signum
315 2463 165 91 fuit
418 2463 207 91 nubes,
563 2463 207 91 sumus,
708 2463 207 91 ignis,
852 2463 165 91 ipsa
956 2463 228 91 denique
1121 2463 165 91 arca
1225 2463 269 91 foederis,
1431 2463 165 91 quam
1535 2463 228 91 interim

54 2531 336 77 adoperiebant
327 2531 168 77 alis
432 2531 168 77 suis
538 2531 273 77 Cherubim,
748 2531 357 77 significantes
1042 2531 126 77 in
1105 2531 189 77 ipsam
1231 2531 147 77 dei
1316 2531 210 77 faciem
1463 2531 231 77 neminem
1610 2531 105 77 mor

57 2585 220 78 talium
211 2585 198 78 posse
343 2585 286 78 aspicere,
563 2585 220 78 animas
717 2585 176 78 ergo
827 2585 220 78 mentes
980 2585 110 78 &
1024 2585 264 78 spiritum
1222 2585 176 78 esse
1332 2585 286 78 eleuandum
1530 2585 198 78 contem-

60 2637 236 85 platione
237 2637 118 85 in
296 2637 216 85 coelos.
454 2637 138 85 Nam
532 2637 197 85 Moses,
670 2637 138 85 qui
749 2637 177 85 tamen
867 2637 216 85 dicitur
1024 2637 157 85 deum
1122 2637 98 85 a
1161 2637 177 85 facie
1279 2637 118 85 ad
1338 2637 197 85 faciem
1476 2637 275 85 aspexisse,

55 2697 208 76 audit,
201 2697 166 76 Nemo
305 2697 229 76 uidebit
471 2697 125 76 me
534 2697 125 76 ac
596 2697 208 76 uiuet.
742 2697 146 76 Vbi
825 2697 166 76 hinc
929 2697 291 76 soluerimus
1158 2697 271 76 uidebimus
1366 2697 146 76 eum
1449 2697 208 76 sicuti
1595 2697 166 76 est,

60 2747 138 83 uti
139 2747 138 83 ait
218 2747 197 83 beatus
356 2747 237 83 Ioannes.
534 2747 158 83 Haec
633 2747 197 83 inquam
771 2747 197 83 causae
909 2747 178 83 sunt,
1027 2747 138 83 cur
1106 2747 178 83 nolit
1225 2747 158 83 ulla
1323 2747 217 83 materia
1481 2747 197 83 ullaue
1600 2747 118 83 for-

63 2791 127 76 ma
126 2791 127 76 se
190 2791 233 76 exprimi
359 2791 106 76 &
402 2791 275 76 effigiari
592 2791 212 76 dominus,

127 2845 150 98 Huc
212 2845 150 98 iam
298 2845 279 98 pertinent
513 2845 172 98 loca
620 2845 322 98 scripturae,
877 2845 107 98 &
920 2845 300 98 testimonia
1156 2845 279 98 maximorum
1371 2845 129 98 in
1435 2845 279 98 religione
1628 2845 86 98 ac

62 2914 225 100 pietate
225 2914 164 100 uera
328 2914 246 100 uirorum,
512 2914 205 100 Mosis,
655 2914 205 100 lsaiae
798 2914 102 100 &
839 2914 205 100 Pauli.
982 2914 184 100 Moses
1105 2914 123 100 in
1167 2914 225 100 Deuter.
1330 2914 246 100 Loquutus
1514 2914 143 100 est
1576 2914 143 100 uobis
