2288 3632
461 264 254 94 dominus,
651 264 169 94 ait,
757 264 127 94 de
820 264 190 94 medio
947 264 211 94 ignis:
1095 264 106 94 &
1137 264 211 94 quidem
1285 264 190 94 uocem
1412 264 254 94 uerborum
1602 264 275 94 audistis,
1814 264 127 94 at
1856 264 275 94 simulachrum

458 325 212 85 nullum
606 325 296 85 uidebatis,
839 325 191 85 ultra
966 325 212 85 uocem.
1114 325 212 85 Cauete
1262 325 169 85 ergo
1368 325 254 85 accurate
1559 325 169 85 quam
1664 325 191 85 chara
1791 325 191 85 uobis
1918 325 148 85 est
2003 325 169 85 ani¬

462 390 139 77 ma
531 390 534 77 uestra(quandoquidem
996 390 232 77 nullum
1159 390 232 77 omnino
1321 390 209 77 eodem
1460 390 163 77 die
1553 390 348 77 simulachrum
1832 390 302 77 uidistis)
2041 390 93 77 ne

468 430 186 93 forte
592 430 309 93 corrumpatis
839 430 144 93 uos
922 430 247 93 faciendo
1107 430 247 93 scilicet
1293 430 186 93 uobis
1417 430 268 93 sculptile
1623 430 309 93 simulachrum
1870 430 309 93 cuiuscunque

473 486 246 104 figurae,
657 486 205 104 formam
800 486 184 104 maris
923 486 143 104 aut
1005 486 266 104 foeminae,
1210 486 205 104 formam
1353 486 307 104 cuiuscunque
1599 486 266 104 animantis
1803 486 164 104 quod
1906 486 143 104 est
1988 486 123 104 in
2029 486 102 104 ter

479 549 143 83 ra,
560 549 204 83 formam
703 549 307 83 cuiuscunque
949 549 245 83 uolucris
1133 549 245 83 uolantis
1317 549 143 83 sub
1398 549 204 83 coelo,
1541 549 204 83 formam
1684 549 307 83 cuiuscunque
1909 549 225 83 reptantis

468 597 175 94 super
584 597 214 94 terram,
739 597 194 94 formam
875 597 291 94 cuiuscunque
1108 597 194 94 piscis
1244 597 136 94 qui
1322 597 136 94 est
1399 597 116 94 in
1458 597 175 94 aquis
1574 597 136 94 sub
1652 597 194 94 terra.
1788 597 116 94 Et
1846 597 116 94 ne
1904 597 175 94 forte
2001 597 136 94 attol

472 655 136 103 las
549 655 194 103 oculos
685 655 155 103 tuos
783 655 117 103 in
841 655 214 103 coelos,
996 655 97 103 &
1035 655 175 103 uisis
1152 655 155 103 sole
1249 655 97 103 &
1288 655 155 103 luna
1385 655 272 103 stellisque
1599 655 97 103 &
1638 655 233 103 exercitu
1813 655 233 103 coelorum
1968 655 175 103 proster

477 710 186 97 naris
601 710 103 97 &
642 710 206 97 adores
787 710 248 97 colasque
972 710 124 97 ea
1034 710 165 97 quae
1137 710 289 97 distribuit
1364 710 227 97 dominus
1529 710 165 97 deus
1632 710 165 97 tuus
1736 710 227 97 omnibus
1901 710 227 97 populis
2045 710 103 97 sub

477 767 250 104 uniuerso
664 767 208 104 coelo.
810 767 208 104 Cauete
956 767 166 104 ergo
1060 767 125 104 ne
1122 767 208 104 quando
1268 767 354 104 obliuiscamini
1559 767 250 104 foederis
1747 767 208 104 domini
1892 767 146 104 dei
1955 767 187 104 uestri,

471 835 165 87 quod
574 835 226 87 pepigit
739 835 268 87 uobiscum,
945 835 144 87 ita
1027 835 124 87 ut
1089 835 247 87 faciatis
1274 835 185 87 uobis
1398 835 268 87 sculptile
1604 835 144 87 aut
1686 835 309 87 simulachrum
1913 835 226 87 cuiuscun-

481 883 148 101 que
566 883 170 101 rei,
672 883 170 101 quod
778 883 276 101 prohibuit
990 883 170 101 tibi
1096 883 233 101 dominus
1265 883 170 101 deus
1371 883 191 101 tuus.
1499 883 170 101 Haec
1605 883 191 101 Moses
1711 883 233 101 hactenus,

554 941 200 82 lsaias
694 941 160 82 uero
794 941 120 82 in
854 941 160 82 cap.
954 941 140 82 40.
1034 941 200 82 dicit,
1174 941 160 82 Ecce
1274 941 200 82 gentes
1413 941 240 82 (nimirum
1593 941 240 82 collatae
1773 941 160 82 deo)
1873 941 220 82 tanquam
2013 941 140 82 gutta

480 1003 232 75 situlae,
654 1003 97 75 &
692 1003 116 75 ut
750 1003 193 75 puluis
885 1003 232 75 adherens
1059 1003 212 75 bilanci
1214 1003 290 75 reputantur.
1446 1003 155 75 Ecce
1542 1003 212 75 insulae
1697 1003 174 75 quasi
1813 1003 193 75 puluis
1948 1003 232 75 exiguus,

482 1047 221 96 Libanus
642 1047 140 96 non
723 1047 180 96 satis
843 1047 180 96 esset
963 1047 261 96 excitando
1164 1047 160 96 igni
1264 1047 180 96 neque
1384 1047 180 96 ferae
1504 1047 160 96 eius
1605 1047 301 96 sufficerent
1845 1047 301 96 holocausto.
2066 1047 80 96 Om

476 1106 141 85 nes
556 1106 201 85 Gentes
697 1106 181 85 coram
818 1106 141 85 deo
898 1106 181 85 quasi
1019 1106 181 85 nihil
1139 1106 181 85 sunt,
1260 1106 100 85 &
1300 1106 141 85 res
1380 1106 201 85 inanes
1521 1106 181 85 atque
1642 1106 241 85 friuolae
1822 1106 281 85 reputantur
2023 1106 121 85 erga

475 1162 224 94 ipsum.
631 1162 157 94 Cui
721 1162 179 94 ergo
833 1162 246 94 similem
1012 1162 269 94 facietis
1214 1162 202 94 deum?
1348 1162 157 94 aut
1438 1162 246 94 quodnam
1617 1162 336 94 simulachrum
1864 1162 291 94 adornabitis

479 1219 138 93 ei:
558 1219 296 93 simulachrum
795 1219 178 93 fudit
914 1219 237 93 artifex,
1091 1219 99 93 &
1131 1219 158 93 auri
1229 1219 178 93 fusor
1348 1219 217 93 diducit
1506 1219 197 93 illud,
1644 1219 99 93 &
1683 1219 217 93 laminis
1841 1219 257 93 argenteis
2019 1219 138 93 obdu-

483 1271 151 90 cit.
577 1271 132 90 Qui
653 1271 188 90 opibus
784 1271 263 90 destitutus
991 1271 151 90 est,
1085 1271 113 90 ut
1142 1271 94 90 &
1179 1271 151 90 ipse
1274 1271 226 90 offerat,
1443 1271 188 90 eligit
1575 1271 339 90 imputrescibile
1857 1271 207 90 lignum,
2007 1271 94 90 &
2026 1271 132 90 quae-

478 1340 138 82 rit
557 1340 158 82 sibi
656 1340 256 82 artificem
852 1340 236 82 peritum,
1030 1340 138 82 qui
1108 1340 295 82 sculptibile
1345 1340 276 82 praeparet,
1561 1340 118 82 ne
1620 1340 236 82 moueatur
1798 1340 177 82 loco.
1916 1340 118 82 An
1975 1340 158 82 haec
2054 1340 98 82 ig-

477 1382 244 92 noratis:
660 1382 122 92 an
721 1382 143 92 non
803 1382 163 92 illa
904 1382 265 92 audistis?
1108 1382 122 92 Et
1169 1382 163 92 mox.
1271 1382 143 92 Qui
1353 1382 183 92 sedet
1475 1382 183 92 super
1597 1382 204 92 globum
1740 1382 224 92 terrae,
1903 1382 102 92 &
1923 1382 224 92 habitato-

483 1441 138 82 res
562 1441 158 82 eius
661 1441 158 82 sunt
759 1441 178 82 quasi
878 1441 256 82 locustae.
1075 1441 138 82 Qui
1154 1441 237 82 extendit
1332 1441 197 82 coelos
1470 1441 118 82 ut
1529 1441 256 82 cortinam,
1726 1441 118 82 ac
1785 1441 178 82 uelut
1904 1441 256 82 tentorium
2081 1441 79 82 ad

487 1496 305 84 habitandum.
731 1496 142 84 Qui
812 1496 224 84 redigit
975 1496 244 84 potentes
1158 1496 122 84 in
1219 1496 244 84 nihilum,
1402 1496 102 84 &
1443 1496 224 84 redigit
1606 1496 224 84 iudices
1768 1496 203 84 terrae
1911 1496 122 84 ad
1952 1496 203 84 nihilum.

479 1565 135 69 Cui
556 1565 154 69 ergo
652 1565 116 69 me
710 1565 347 69 assimilabitis,
999 1565 135 69 aut
1076 1565 135 69 cui
1153 1565 212 69 similis
1307 1565 154 69 ero,
1403 1565 135 69 ait
1480 1565 231 69 sanctus?
1653 1565 250 69 Attollite
1846 1565 116 69 in
1904 1565 212 69 sublime
2038 1565 116 69 ocu-

490 1607 144 90 los
573 1607 247 90 uestros,
758 1607 103 90 &
799 1607 349 90 contemplamini
1086 1607 164 90 quis
1189 1607 267 90 creauerit
1395 1607 185 90 ista,
1518 1607 267 90 producens
1723 1607 123 90 in
1785 1607 206 90 numero
1929 1607 267 90 exercitum

494 1671 209 80 eorum,
641 1671 230 80 singula
808 1671 168 80 suis
913 1671 272 80 nominibus
1122 1671 230 80 uocans.
1290 1671 126 80 Et
1353 1671 251 80 caetera.
1541 1671 209 80 Tantum
1688 1671 168 80 enim
1772 1671 188 80 lsaias.

566 1714 208 89 Paulus
712 1714 166 89 uero
816 1714 270 89 apostolus
1024 1714 229 89 Christi
1190 1714 166 89 apud
1294 1714 312 89 Athenienses
1544 1714 270 89 disserens
1752 1714 125 89 de
1814 1714 166 89 uera
1897 1714 250 89 religione,

494 1774 206 90 dicit,
638 1774 165 90 Deus
741 1774 144 90 qui
824 1774 185 90 fecit
947 1774 206 90 mundum
1091 1774 103 90 &
1132 1774 185 90 omnia
1256 1774 165 90 quae
1359 1774 123 90 in
1420 1774 123 90 eo
1482 1774 185 90 sunt,
1605 1774 144 90 hic
1688 1774 185 90 coeli
1811 1774 103 90 &
1852 1774 206 90 terrae
1996 1774 144 90 cum
2058 1774 103 90 sit

490 1832 253 87 dominus,
679 1832 147 87 non
764 1832 126 87 in
827 1832 295 87 manufactis
1058 1832 232 87 templis
1227 1832 253 87 habitat,
1416 1832 147 87 nec
1500 1832 232 87 manibus
1669 1832 232 87 humanis
1837 1832 253 87 colitur,
2006 1832 147 87 indi-

486 1891 171 90 gens
593 1891 214 90 aliquo
742 1891 107 90 :
785 1891 150 90 cum
871 1891 171 90 ipse
978 1891 150 90 det
1063 1891 235 90 omnibus
1234 1891 193 90 uitam
1363 1891 107 90 &
1405 1891 235 90 halitum
1576 1891 150 90 per
1662 1891 214 90 omnia,
1812 1891 257 90 fecitque
2004 1891 128 90 ex
2047 1891 107 90 uno

485 1940 263 84 sanguine
682 1940 175 84 omne
792 1940 197 84 genus
924 1940 263 84 hominum,
1121 1940 132 84 ut
1187 1940 329 84 inhabitaret
1450 1940 197 84 super
1582 1940 285 84 uniuersam
1801 1940 219 84 faciem
1955 1940 241 84 terrae,

491 2010 320 85 praefinijtque
754 2010 282 85 praestituta
980 2010 226 85 tempora,
1149 2010 301 85 praefixitque
1394 2010 226 85 terminos
1563 2010 301 85 habitationis
1808 2010 188 85 eorum,
1939 2010 113 85 ut
1977 2010 169 85 quaere-

490 2062 169 78 rent
595 2062 190 78 deum,
722 2062 127 78 si
785 2062 190 78 forte
912 2062 232 78 palpent
1081 2062 148 78 eum
1166 2062 106 78 &
1208 2062 296 78 inueniant,
1440 2062 232 78 quamuis
1609 2062 148 78 non
1693 2062 190 78 longe
1820 2062 190 78 absit
1947 2062 127 78 ab
1989 2062 169 78 unoquo

495 2105 157 88 uis
584 2105 269 88 nostrum,
786 2105 157 88 Per
876 2105 202 88 ipsum
1011 2105 180 88 enim
1123 2105 269 88 uiuimus,
1325 2105 247 88 mouemur
1505 2105 112 88 &
1550 2105 202 88 sumus
1685 2105 112 88 :
1729 2105 202 88 sicut
1864 2105 112 88 &
1909 2105 225 88 quidam
2044 2105 112 88 ue-

493 2165 276 92 stratium
700 2165 276 92 poetarum
907 2165 299 92 dixerunt,
1137 2165 161 92 Nam
1229 2165 207 92 huius
1367 2165 299 92 progenies
1597 2165 207 92 etiam
1735 2165 230 92 sumus.
1896 2165 207 92 Genus
2011 2165 138 92 ergo

496 2220 145 86 cum
579 2220 187 86 simus
704 2220 166 86 dei,
808 2220 145 86 non
891 2220 229 86 debemus
1057 2220 291 86 existimare
1286 2220 166 86 auro
1390 2220 145 86 aut
1473 2220 249 86 argento,
1660 2220 145 86 aut
1743 2220 208 86 lapidi
1889 2220 166 86 arte
1972 2220 187 86 sculpto

496 2277 102 90 &
536 2277 225 90 inuento
700 2277 225 90 hominis
863 2277 184 90 numen
985 2277 163 90 esse
1088 2277 225 90 simile.
1251 2277 163 90 Haec
1353 2277 286 90 testimonia
1577 2277 143 90 tam
1659 2277 163 90 sunt
1761 2277 265 90 illustria
1965 2277 102 90 &
1986 2277 163 90 simpli

495 2347 140 80 cia
575 2347 319 80 illustrantia
834 2347 279 80 institutum
1054 2347 240 80 nostrum,
1234 2347 120 80 ut
1294 2347 180 80 nihil
1413 2347 220 80 necesse
1573 2347 140 80 sit
1653 2347 299 80 expositonis
1892 2347 200 80 gratia
2012 2347 140 80 quic-

488 2386 173 93 quam
596 2386 281 93 adiincere
812 2386 259 93 amplius.
1007 2386 238 93 Proinde
1180 2386 238 93 maximis
1353 2386 130 93 ex
1417 2386 238 93 caussis
1590 2386 281 93 iudicauit
1806 2386 216 93 beatus
1936 2386 216 93 Augusti-

493 2444 148 85 nus
577 2444 211 85 magnum
725 2444 169 85 esse
830 2444 316 85 sacrilegium
1083 2444 126 85 si
1146 2444 169 85 quis
1252 2444 126 85 in
1315 2444 211 85 templo
1462 2444 190 85 ponat
1589 2444 148 85 dei
1673 2444 211 85 patris
1821 2444 253 85 imaginem
1989 2444 169 85 flexis

497 2501 286 98 poplitibus
721 2501 123 98 in
783 2501 184 98 solio
905 2501 266 98 sedentem.
1110 2501 266 98 Nepharium
1314 2501 164 98 enim
1416 2501 164 98 esse
1518 2501 123 98 si
1580 2501 164 98 quis
1682 2501 164 98 tale
1784 2501 123 98 in
1845 2501 184 98 animo
1968 2501 143 98 suo
2029 2501 123 98 con-

496 2574 226 69 cipiat.
661 2574 185 69 Verba
784 2574 246 69 authoris
968 2574 246 69 recensui
1153 2574 226 69 Sermone
1317 2574 123 69 8.
1379 2574 205 69 Decad.
1522 2574 123 69 5.
1584 2574 144 69 ubi
1666 2574 246 69 disserui
1850 2574 123 69 de
1912 2574 226 69 Dextera
2055 2574 103 69 pa-

490 2618 178 80 tris,
609 2618 198 80 docens
748 2618 159 80 quid
847 2618 139 80 sit
926 2618 198 80 sedere
1065 2618 119 80 ad
1124 2618 238 80 dexteram
1283 2618 178 80 patris.

580 2657 149 99 lam
665 2657 170 99 uero
771 2657 170 99 quod
878 2657 192 99 alias
1005 2657 234 99 attinet
1176 2657 277 99 imagines,
1389 2657 170 99 quas
1495 2657 234 99 homines
1665 2657 234 99 erigunt
1836 2657 277 99 creaturis
2027 2657 128 99 siue

506 2722 183 92 dijs,
628 2722 143 92 non
709 2722 183 92 minus
832 2722 163 92 hae,
934 2722 163 92 quam
1035 2722 143 92 dei
1117 2722 204 92 icones
1260 2722 285 92 prohibitae
1484 2722 183 92 sunt.
1606 2722 122 92 Si
1667 2722 163 92 enim
1769 2722 143 92 deo
1850 2722 163 92 uero
1952 2722 143 92 non
2013 2722 143 92 licet

495 2787 191 76 conse
622 2787 191 76 crare
750 2787 255 76 statuam,
941 2787 191 76 minus
1068 2787 234 76 licebit
1238 2787 212 76 alieno
1387 2787 149 76 deo
1472 2787 255 76 statuere
1663 2787 276 76 imaginem.
1875 2787 212 76 Animus
2002 2787 149 76 homi-

489 2835 142 88 nis
570 2835 224 88 deligit
733 2835 163 88 sibi
834 2835 183 88 deum,
956 2835 142 88 mox
1037 2835 325 88 imaginatione
1302 2835 244 88 affingit
1484 2835 122 88 ei
1545 2835 224 88 speciem
1708 2835 244 88 aliquam,
1891 2835 244 88 postremo
2053 2835 102 88 ma-

484 2888 190 108 nibus
611 2888 275 108 perficit:
822 2888 127 108 ut
886 2888 169 108 uere
992 2888 212 108 dictum
1140 2888 148 108 sit
1224 2888 212 108 mentem
1372 2888 275 108 concipere
1584 2888 233 108 idolum,
1753 2888 190 108 manum
1880 2888 169 108 uero
1965 2888 190 108 parere.
