2288 3632
471 273 108 91 &
515 273 238 91 homines
688 273 173 91 sunt
796 273 173 91 uiua
904 273 152 91 dei
991 273 216 91 imago.
1142 273 130 91 At
1207 273 195 91 idola
1337 273 195 91 muta,
1467 273 216 91 caeca,
1619 273 216 91 surda,
1770 273 216 91 lignum
1922 273 108 91 &
1943 273 195 91 lapides

482 353 175 79 sunt,
598 353 156 79 quae
695 353 214 79 adorare
851 353 292 79 prohibemur,
1084 353 175 79 etiam
1201 353 136 79 cum
1279 353 214 79 speciem
1434 353 136 79 dei
1512 353 156 79 prae
1609 353 117 79 se
1667 353 214 79 ferunt.
1823 353 253 79 Posterius
2017 353 156 79 est,

472 408 187 77 Neque
597 408 208 77 coles,
743 408 166 77 siue
847 408 146 77 Non
930 408 229 77 seruies
1096 408 166 77 eis.
1200 408 125 77 Eo
1263 408 208 77 membro
1408 408 291 77 prohibetur
1637 408 187 77 omnis
1762 408 250 77 externus
1949 408 104 77 &
1970 408 166 77 illegi

477 455 185 69 timus
601 455 226 69 cultus,
765 455 144 69 qui
847 455 267 69 exhibetur
1052 455 144 69 deo
1134 455 144 69 uel
1216 455 164 69 Dijs
1319 455 287 69 religione,
1544 455 123 69 id
1606 455 144 69 est
1688 455 349 69 superstitione
1975 455 103 69 &
1995 455 144 69 cultu

477 515 304 74 templorum,
716 515 282 74 sacrorum,
933 515 282 74 feriarum,
1150 515 282 74 omniumque
1367 515 195 74 rerum
1498 515 282 74 similium,
1715 515 239 74 Seruire
1888 515 174 74 enim
1997 515 152 74 est
2062 515 87 74 co

484 573 186 69 lere,
608 573 269 69 uenerari,
815 573 289 69 maiestatem
1042 573 227 69 aliquam
1208 573 103 69 &
1249 573 227 69 diuinum
1415 573 227 69 aliquid
1580 573 124 69 ei
1642 573 165 69 quod
1745 573 227 69 colimus
1911 573 269 69 tribuere,

481 626 182 75 magni
602 626 243 75 pendere,
785 626 243 75 incensum
967 626 223 75 ponere,
1129 626 223 75 donaria
1291 626 243 75 afferre,
1473 626 324 75 praestareque
1737 626 263 75 seruitia.
1939 626 182 75 Notum
2041 626 101 75 est

482 697 223 66 omnibus
644 697 162 66 quid
745 697 142 66 sit
826 697 243 66 seruire,
1009 697 101 66 &
1049 697 223 66 seruire
1212 697 122 66 in
1272 697 223 66 negotio
1434 697 304 66 religionis.
1678 697 284 66 Prohibemur
1901 697 162 66 ergo
1982 697 162 66 cursi-

481 745 160 69 tare
581 745 120 69 ad
641 745 180 69 idola
761 745 180 69 etiam
881 745 160 69 dei.
982 745 280 69 Prohibemur
1202 745 180 69 illis
1322 745 240 69 seruire,
1502 745 220 69 donando
1662 745 140 69 eis
1743 745 200 69 munera
1883 745 140 69 aut
1943 745 200 69 tribuen-

488 802 130 58 do
553 802 151 58 eis
640 802 238 58 aliquid
813 802 238 58 diuini,
986 802 173 58 unde
1094 802 151 58 eis
1181 802 346 58 obstringamur
1462 802 151 58 quo
1549 802 303 58 retineamus
1787 802 303 58 dignemurue
2003 802 130 58 ullo

484 855 228 80 honore,
650 855 270 80 miscentes
858 855 125 80 ea
920 855 187 80 rebus
1045 855 291 80 religionis
1274 855 228 80 nostrae
1440 855 353 80 sanctissimae.
1731 855 166 80 Ergo
1834 855 145 80 non
1918 855 187 80 uideo
2042 855 145 80 cum

481 895 215 81 cultum
632 895 237 81 latriae
805 895 302 81 imaginibus
1041 895 215 81 minime
1192 895 302 81 tribuamus,
1429 895 237 81 quomodo
1602 895 151 81 his
1688 895 172 81 quod
1795 895 258 81 spiritus
1989 895 151 81 dei
2054 895 86 81 ac

477 967 193 82 uerbi
605 967 150 82 dei
691 967 258 82 officium
885 967 129 82 ac
949 967 301 82 beneficium
1185 967 172 82 est,
1293 967 258 82 tribuere
1486 967 279 82 possimus,
1701 967 193 82 munus
1830 967 258 82 docendi,
2002 967 150 82 admo-

488 1025 188 60 nendi
614 1025 356 60 adhortandique
907 1025 105 60 :
949 1025 147 60 cum
1032 1025 314 60 clarissimus
1284 1025 105 60 &
1326 1025 293 60 apostolico
1556 1025 293 60 testimonio
1765 1025 377 60 commendatissimus

489 1080 259 67 propheta
684 1080 216 67 Abacuk
835 1080 259 67 scriptum
1030 1080 195 67 nobis
1160 1080 303 67 reliquerit
1397 1080 173 67 haec
1505 1080 324 67 diuinissima
1765 1080 195 67 certe
1895 1080 216 67 uerba,
2024 1080 130 67 Quid

479 1150 213 54 prodest
634 1150 271 54 sculptile,
847 1150 155 54 quia
944 1150 233 54 sculpsit
1118 1150 174 54 illud
1235 1150 194 54 fictor
1370 1150 174 54 suus,
1487 1150 194 54 fusile
1623 1150 155 54 quod
1719 1150 252 54 annunciat
1913 1150 271 54 mendacium:

478 1196 99 57 &
518 1196 178 57 tamen
636 1196 237 57 fiduciam
814 1196 178 57 habet
932 1196 118 57 in
991 1196 138 57 eo,
1070 1196 197 57 fictor
1209 1196 237 57 scilicet
1386 1196 118 57 in
1445 1196 237 57 figmento
1623 1196 158 57 suo,
1722 1196 118 57 ut
1781 1196 217 57 faceret
1919 1196 237 57 simulachra

479 1252 172 69 muta.
593 1252 133 69 Vae
670 1252 133 69 qui
746 1252 172 69 dicit
860 1252 191 69 ligno,
993 1252 229 69 euigila:
1165 1252 95 69 &
1203 1252 191 69 lapidi
1337 1252 305 69 insensibili,
1584 1252 248 69 excitare.
1775 1252 152 69 Ipse
1870 1252 114 69 ne
1927 1252 229 69 doceret?
2080 1252 76 69 Ec

483 1298 123 75 ce
545 1298 226 75 opertus
710 1298 144 75 est
792 1298 164 75 auro
894 1298 103 75 &
936 1298 247 75 argento,
1121 1298 103 75 &
1162 1298 144 75 non
1244 1298 144 75 est
1326 1298 185 75 ullus
1449 1298 247 75 spiritus
1634 1298 123 75 in
1696 1298 144 75 eo.
1778 1298 123 75 At
1840 1298 226 75 dominus
2004 1298 123 75 in
2045 1298 103 75 tem

495 1364 136 61 plo
572 1364 292 61 sanctitatis
806 1364 175 61 suae:
923 1364 195 61 taceat
1059 1364 97 61 a
1098 1364 253 61 conspectu
1292 1364 156 61 eius
1389 1364 233 61 uniuersa
1564 1364 195 61 terra.
1701 1364 156 61 Quid
1798 1364 214 61 poterat
1953 1364 156 61 dici
2031 1364 117 61 cla-

477 1422 176 59 rius
587 1422 198 59 simul
720 1422 110 59 &
764 1422 221 59 uerius
918 1422 110 59 :
962 1422 309 59 simulachra
1205 1422 176 59 sunt
1315 1422 287 59 mendacia.
1536 1422 243 59 Quomodo
1712 1422 198 59 autem
1844 1422 221 59 doceat
1977 1422 176 59 uerita

487 1470 144 63 tem
570 1470 165 63 quod
673 1470 268 63 manifeste
879 1470 144 63 est
962 1470 289 63 mendacium?
1188 1470 206 63 Nullus
1333 1470 144 63 est
1415 1470 206 63 motus,
1560 1470 186 63 nulla
1683 1470 186 63 uita,
1807 1470 206 63 nullus
1931 1470 206 63 spiritus

487 1528 126 57 in
550 1528 232 57 pictura
719 1528 105 57 &
761 1528 126 57 in
824 1528 316 57 imaginibus.
1077 1528 232 57 Dominus
1246 1528 190 57 autem
1372 1528 190 57 sedet
1499 1528 126 57 in
1562 1528 211 57 templo
1709 1528 316 57 sanctitatis
1962 1528 169 57 suae
2047 1528 105 57 re-

484 1590 187 65 gnans
609 1590 104 65 &
650 1590 208 65 docens
796 1590 228 65 spiritu
962 1590 104 65 &
1003 1590 187 65 uerbo
1128 1590 145 65 suo
1211 1590 187 65 omnem
1335 1590 249 65 pietatem
1522 1590 270 65 uiuensque
1730 1590 125 65 in
1792 1590 249 65 cordibus
1958 1590 187 65 sancto-

477 1644 160 75 rum
569 1644 251 75 suorum.
751 1644 251 75 Taceant
934 1644 183 75 ergo
1049 1644 206 75 omnes
1186 1644 229 75 omnium
1346 1644 137 75 in
1414 1644 183 75 orbe
1529 1644 274 75 terrarum
1735 1644 251 75 linguae
1895 1644 251 75 uolentium

480 1688 171 76 tueri
594 1688 324 76 idololatriam.

563 1746 206 76 Tertia
707 1746 185 76 parte
831 1746 267 76 praecepti
1036 1746 206 76 rursus
1180 1746 164 76 agit
1283 1746 226 76 dominus
1447 1746 206 76 uaria.
1591 1746 267 76 Principio
1797 1746 164 76 enim
1899 1746 247 76 ostendit
2064 1746 82 76 ho

481 1807 187 74 mines
606 1807 146 74 non
689 1807 208 74 habere
835 1807 208 74 causam
981 1807 208 74 iustam
1126 1807 208 74 ullam,
1272 1807 125 74 ob
1334 1807 166 74 quam
1438 1807 208 74 auersi
1584 1807 104 74 a
1626 1807 146 74 deo
1709 1807 229 74 alienos
1875 1807 166 74 sibi
1980 1807 166 74 deos
2063 1807 83 74 de

487 1855 208 71 ligant
633 1855 145 71 aut
716 1855 166 71 deum
820 1855 291 71 illegitimo
1048 1855 187 71 cultu
1173 1855 312 71 uenerentur.
1422 1855 166 71 Ego,
1526 1855 228 71 inquit,
1692 1855 145 71 sum
1775 1855 228 71 dominus
1941 1855 166 71 deus
2024 1855 125 71 tuus

482 1915 211 68 fortis.
635 1915 115 68 Si
693 1915 211 68 dominus
846 1915 153 68 sum,
942 1915 192 68 merito
1076 1915 153 68 mihi
1172 1915 211 68 seruis,
1325 1915 115 68 me
1382 1915 192 68 colis,
1517 1915 153 68 mihi
1612 1915 211 68 obedis,
1766 1915 115 68 et
1823 1915 134 68 ita
1900 1915 115 68 me
1957 1915 172 68 colis
2053 1915 96 68 si-

489 1976 156 59 cuti
586 1976 156 59 coli
683 1976 175 59 uelle
800 1976 97 59 &
839 1976 253 59 delectari
1034 1976 292 59 intelligis.
1267 1976 117 59 Si
1326 1976 156 59 deus
1423 1976 156 59 sum,
1520 1976 389 59 omnisufficientia
1851 1976 156 59 sum:
1948 1976 156 59 ergo
2026 1976 117 59 quid

491 2025 273 67 desideres
701 2025 168 67 quod
806 2025 126 67 in
869 2025 126 67 me
932 2025 147 67 non
1016 2025 252 67 inuenias
1205 2025 105 67 :
1247 2025 147 67 Cur
1331 2025 168 67 ergo
1435 2025 126 67 ad
1498 2025 231 67 alienos
1666 2025 273 67 diuertas?
1876 2025 210 67 Nullam
2002 2025 147 67 certe

485 2087 210 59 causam
632 2087 294 59 diuertendi
863 2087 210 59 habes,
1010 2087 273 59 Praeterea
1220 2087 210 59 fortis
1366 2087 168 59 sum,
1471 2087 231 59 potens,
1639 2087 147 59 imo
1723 2087 315 59 omnipotens.
1975 2087 147 59 Non
2038 2087 105 59 est

483 2134 172 76 quod
591 2134 172 76 tibi
699 2134 237 76 quaeras
871 2134 323 76 potentiorem
1129 2134 108 76 &
1172 2134 344 76 opulentiorem
1452 2134 301 76 principem,
1688 2134 194 76 cuius
1817 2134 172 76 manu
1903 2134 237 76 libereris

485 2204 126 67 ex
548 2204 168 67 meis
653 2204 252 67 manibus,
842 2204 147 67 aut
925 2204 189 67 cuius
1051 2204 336 67 munificentia
1324 2204 315 67 abundantius
1576 2204 357 67 locupleteris,
1869 2204 168 67 quam
1974 2204 126 67 ex
2016 2204 126 67 meis

486 2245 198 83 opibus
625 2245 395 83 facultatibusque.
960 2245 138 83 Ego
1039 2245 158 83 enim
1138 2245 138 83 sum
1217 2245 178 83 uerus
1336 2245 158 83 ille
1435 2245 237 83 eternus,
1613 2245 257 83 inuictus,
1810 2245 296 83 omnipotens,
2027 2245 119 83 prin

482 2300 164 71 ceps
584 2300 205 71 orbis,
727 2300 184 71 uerus
850 2300 102 71 &
891 2300 205 71 unicus
1035 2300 287 71 auxiliator
1260 2300 102 71 &
1301 2300 287 71 liberator,
1526 2300 266 71 liberalis
1731 2300 123 71 et
1793 2300 266 71 munificus
1977 2300 164 71 omnium

489 2360 231 73 bonorum
657 2360 273 73 largitor.
867 2360 147 73 Sum
951 2360 189 73 autem
1077 2360 168 73 tuus
1182 2360 252 73 dominus,
1370 2360 168 73 tuus
1475 2360 189 73 deus.
1601 2360 147 73 Mea
1685 2360 168 73 illa
1790 2360 189 73 bona,
1916 2360 147 73 tua
2000 2360 189 73 sunt.

487 2416 151 83 Nam
574 2416 151 83 ego
660 2416 173 83 tuus
769 2416 173 83 sum:
877 2416 173 83 ergo
985 2416 108 83 &
1028 2416 216 83 contra
1180 2416 195 83 omnia
1310 2416 173 83 mala
1418 2416 303 83 auxiliator
1656 2416 108 83 &
1699 2416 281 83 liberator
1916 2416 173 83 tuus
2002 2416 130 83 sum.

488 2467 160 72 Meus
588 2467 140 72 es.
668 2467 140 72 Ego
748 2467 120 72 te
809 2467 220 72 creaui.
969 2467 120 72 In
1029 2467 120 72 te
1089 2467 180 72 uiuo,
1209 2467 120 72 te
1269 2467 260 72 conseruo.
1470 2467 160 72 Quid
1570 2467 160 72 ergo
1670 2467 281 72 diuerteres
1891 2467 120 72 ad
1931 2467 200 72 alienum?

488 2534 161 75 quid
589 2534 161 75 tibi
689 2534 161 75 opus
790 2534 161 75 erit
891 2534 222 75 posthac
1052 2534 181 75 ullis
1173 2534 222 75 idolis?
1335 2534 222 75 Templum
1496 2534 141 75 dei
1577 2534 141 75 es.
1657 2534 121 75 An
1718 2534 141 75 non
1798 2534 202 75 sentis
1939 2534 121 75 me
1980 2534 161 75 inhabi

484 2586 169 62 tare
589 2586 148 62 cor
674 2586 190 62 tuum.
800 2586 169 62 Quid
906 2586 148 62 oro
990 2586 211 62 templo
1138 2586 148 62 dei
1222 2586 232 62 negotij
1391 2586 148 62 cum
1455 2586 295 62 simulachris?

557 2630 206 73 Deinde
702 2630 185 73 addit
825 2630 185 73 minas
949 2630 124 73 ut
1011 2630 309 73 iustissimas
1258 2630 144 73 ita
1340 2630 309 73 seuissimas.
1588 2630 165 73 Ego,
1691 2630 227 73 inquit,
1856 2630 144 73 sum
1938 2630 165 73 deus
2020 2630 124 73 Selo

483 2688 152 77 tes.
578 2688 114 77 Id
635 2688 152 77 quod
730 2688 228 77 duplici,
901 2688 133 77 sed
977 2688 133 77 non
1053 2688 247 77 contrario
1243 2688 152 77 sibi
1339 2688 190 77 sensu,
1472 2688 228 77 exponere
1643 2688 190 77 licet.
1776 2688 133 77 Vel
1852 2688 152 77 enim
1947 2688 152 77 tale
2023 2688 114 77 quid

487 2748 193 70 dicit,
622 2748 155 70 Nolo
719 2748 174 70 alios
835 2748 155 70 tibi
932 2748 193 70 queras
1067 2748 174 70 deos,
1183 2748 135 70 aut
1260 2748 290 70 illegitimos
1493 2748 193 70 cultus
1628 2748 251 70 recipias.
1821 2748 193 70 Causa.
1957 2748 135 70 Sum
2015 2748 116 70 deus

488 2812 246 67 zelotes,
672 2812 266 67 aemulator
876 2812 225 67 inquam,
1040 2812 266 67 consortis
1245 2812 430 67 impatientissimus,
1613 2812 143 67 imo
1695 2812 143 67 qui
1777 2812 287 67 corriualem
1982 2812 143 67 nullo

478 2870 158 74 modo
577 2870 198 74 ferat.
715 2870 178 74 Solus
834 2870 198 74 diligi
972 2870 99 74 &
1012 2870 158 74 coli
1111 2870 178 74 uolo,
1229 2870 138 74 nec
1308 2870 158 74 alio
1407 2870 178 74 modo,
1525 2870 158 74 quam
1624 2870 119 74 eo
1684 2870 158 74 quem
1782 2870 158 74 ipse
1861 2870 277 74 praescripsi.

471 2916 157 69 Nam
560 2916 180 69 nemo
673 2916 247 69 ignorat
852 2916 180 69 deum
964 2916 135 69 in
1032 2916 225 69 sacris
1189 2916 247 69 literis
1369 2916 382 69 coniunctionem
1683 2916 112 69 &
1728 2916 269 69 uinculum
1930 2916 157 69 quo
1997 2916 135 69 fide
