2288 3632
79 273 153 114 pum
166 273 109 114 &
210 273 284 114 populorum
428 273 262 114 periuros
625 273 240 114 damnant
799 273 262 114 capitis.
995 273 218 114 Quanta
1148 273 175 114 uero
1257 273 284 114 scandala,
1475 273 240 114 quantae
1628 273 131 114 cor-

74 373 279 76 ruptiones,
294 373 100 76 &
333 373 200 76 quanta
473 373 200 76 quaeso
613 373 180 76 damna
732 373 239 76 existunt
912 373 120 76 ex
972 373 279 76 periurijs:
1191 373 259 76 lmplicant
1391 373 180 76 illa,
1511 373 279 76 affligunt,

71 421 225 77 uexant,
234 421 286 77 conficiunt
459 421 102 77 &
500 421 286 77 subuertunt
724 421 143 77 res
806 421 368 77 ecclesiasticas
1113 421 102 77 &
1153 421 286 77 politicas.
1378 421 245 77 Quisquis
1562 421 163 77 ergo
1644 421 102 77 ama

69 487 194 66 uerit
199 487 323 66 rempublicam
457 487 108 66 &
501 487 366 66 incolumitatem
802 487 259 66 patriae:
996 487 259 66 quisquis
1190 487 259 66 amauerit
1385 487 280 66 ecclesiam
1600 487 108 66 &
1622 487 129 66 inco

76 529 262 80 lumitatem
278 529 282 80 ecclesiae,
499 529 222 80 curabit
661 529 161 80 ante
762 529 182 80 omnia
883 529 121 80 ut
943 529 262 80 religiose
1145 529 262 80 custodiat
1347 529 323 80 iurisiurandi
1589 529 161 80 sacra-

62 591 251 74 mentum.
245 591 205 74 Porro
382 591 342 74 amplissimum
656 591 365 74 uberrimumque
952 591 274 74 praemium
1158 591 228 74 sancte
1318 591 320 74 colentibus
1546 591 228 74 iuramen-

70 641 142 85 tum
151 641 101 85 a
191 641 142 85 deo
272 641 264 85 promissum
475 641 162 85 est.
577 641 243 85 Ieremias
759 641 182 85 enim,
881 641 122 85 Et
942 641 284 85 benedicent
1165 641 122 85 se
1226 641 203 85 gentes
1367 641 122 85 in
1428 641 142 85 eo,
1509 641 223 85 inquit,
1672 641 122 85 at
1712 641 61 85 p

67 702 150 77 que
152 702 364 77 gloriabuntur.
452 702 214 77 Tanta,
602 702 236 77 inquit,
774 702 279 77 felicitas
988 702 107 77 &
1031 702 236 77 ubertas
1202 702 279 77 optimarum
1417 702 193 77 rerum
1545 702 107 77 a
1567 702 171 77 domino

69 764 308 78 effundetur
311 764 132 78 in
377 764 242 78 populum
552 764 264 78 ludaicum
750 764 220 78 sancte
904 764 286 78 iurantem,
1124 764 132 78 ut
1190 764 286 78 quicunque
1409 764 242 78 posthac
1563 764 176 78 uolue-

74 806 148 89 rit
159 806 212 89 alteri
307 806 169 89 bene
413 806 254 89 precari,
603 806 254 89 dicturus
794 806 169 89 sit,
900 806 275 89 Benedicat
1112 806 169 89 tibi
1218 806 233 89 dominus
1387 806 318 89 quemadmodum
1620 806 127 89 olim

79 865 250 84 benedixit
271 865 250 84 ludaeis,.
464 865 231 84 Quisquis
637 865 231 84 uoluerit
810 865 212 84 aliquem
965 865 231 84 laudare,
1138 865 173 84 dicet
1253 865 154 84 esse
1350 865 212 84 similem
1504 865 289 84 lsraelitis,

74 921 317 80 Relinquitur
328 921 169 80 ergo
433 921 338 80 certissimum,
708 921 275 80 omnigenis
920 921 359 80 locupletandos
1215 921 211 80 bonis,
1363 921 233 80 denique
1533 921 169 80 omni
1617 921 127 80 lau-

64 979 126 77 de
127 979 315 77 dignissimos
379 979 189 77 fore,
505 979 252 77 quotquot
694 979 315 77 sacramentum
947 979 336 77 iurisiurandi
1220 979 210 77 sancte
1346 979 252 77 coluerint.

150 1032 270 82 Studeamus
358 1032 145 82 oro
441 1032 228 82 fratres
607 1032 187 82 nomen
731 1032 208 82 domini
877 1032 353 82 sanctificare,
1167 1032 104 82 &
1209 1032 166 82 huic
1312 1032 270 82 praecepto
1520 1032 208 82 tertio
1644 1032 104 82 con

65 1086 231 89 iungere
233 1086 252 89 ardentes
421 1086 335 89 perpetuasque
694 1086 231 89 preces,
862 1086 189 89 iuxta
987 1086 210 89 domini
1134 1086 168 89 Iesu
1239 1086 273 89 doctrinam
1449 1086 252 89 orantes.
1637 1086 105 89 O
1658 1086 84 89 pa

72 1155 137 78 ter
151 1155 254 78 coelestis
346 1155 333 78 sanctificetur
620 1155 137 78 seu
698 1155 196 78 sancte
835 1155 215 78 colatur
992 1155 176 78 nomen
1109 1155 176 78 tuum.
1226 1155 137 78 Cui
1305 1155 196 78 gloria
1442 1155 117 78 in
1500 1155 215 78 saecula
1637 1155 98 78 sae

63 1198 338 76 culorum,
288 1198 169 76 Amen

206 1294 92 109 De
252 1294 154 109 quarto
360 1294 154 109 primae
467 1294 169 109 tabulae
591 1294 108 109 seu
652 1294 185 109 Decalogi
791 1294 216 109 praecepto,
960 1294 139 109 nempe
1053 1294 92 109 de
1099 1294 169 109 ratione
1222 1294 77 109 &
1253 1294 246 109 obseruatione
1438 1294 154 109 sabbati.

627 1390 431 96 SERMO.
885 1390 259 96 IIII

270 1482 233 93 VARTVM
433 1482 233 93 primae
595 1482 256 93 tabulae
781 1482 326 93 pragceptum
1037 1482 140 93 de
1107 1482 209 93 uerbo
1246 1482 140 93 ad
1316 1482 233 93 uerbum
1479 1482 163 93 sic
1572 1482 233 93 habet,

244 1555 443 71 MEMENTO
566 1555 242 71 VT
687 1555 322 71 DIEM
888 1555 282 71 SAE
1049 1555 322 71 EATI
1210 1555 523 71 SANCTIPICES

248 1617 521 74 SEXDIEEVS
649 1617 561 74 OPERABERIS
1089 1617 240 74 ET
1209 1617 401 74 FACIES
1450 1617 280 74 OMNIA

235 1672 365 70 OPERA
479 1672 324 70 TVA,
682 1672 649 70 SEPTIMOAVTEM
1209 1672 284 70 DIE
1371 1672 284 70 EST
1493 1672 243 70 SAB-

37 1725 346 63 EATVM
267 1725 385 63 DOMINI
537 1725 269 63 DEI
690 1725 308 63 TVI,
883 1725 231 63 IN
998 1725 269 63 QVO
1152 1725 269 63 NON
1306 1725 385 63 FACIES
1537 1725 192 63 VL-

37 1773 254 87 LVM
182 1773 327 87 OPVS,
400 1773 218 87 NE
508 1773 254 87 QVE
654 1773 254 87 TV.
799 1773 327 87 NEQVE
1016 1773 363 87 FILIVS
1270 1773 327 87 TVVS,
1488 1773 218 87 NE
1561 1773 181 87 QVE

47 1823 351 89 FILIA.
292 1823 281 89 TVA,
468 1823 210 89 NE
573 1823 245 89 QVE
713 1823 351 89 SERVVS
959 1823 316 89 TVVS,
1169 1823 210 89 NE
1274 1823 281 89 QVE.
1414 1823 316 89 ANCILLA

35 1890 322 72 TVA,
236 1890 242 72 NE
357 1890 282 72 QVE
518 1890 484 72 IVMENTVM
881 1890 363 72 TVVM,
1123 1890 242 72 NE
1243 1890 282 72 QVE
1405 1890 363 72 ADVEN
1606 1890 121 72 A

31 1946 338 73 TVVS
242 1946 296 73 QVI
411 1946 296 73 EST
581 1946 381 73 INTRA
835 1946 423 73 PORTAS
1131 1946 381 73 TVAS.
1342 1946 381 73 QVONIAM

36 2000 525 83 SEXDIEEVS
440 2000 364 83 FECIT
682 2000 444 83 DOMINVS
1005 2000 404 83 COELVM
1288 2000 242 83 ET
1368 2000 364 83 TERRAM,

48 2048 337 102 MARE,
272 2048 225 102 ET
385 2048 337 102 OMNIA
609 2048 300 102 QVAE
797 2048 225 102 IN
909 2048 262 102 EIS
1059 2048 337 102 SVNT,
1284 2048 412 102 SEPTIMO
1546 2048 187 102 AV-

32 2109 297 72 TEM
201 2109 297 72 DIE
371 2109 508 72 QVIEVIT.
752 2109 339 72 IDEO
964 2109 551 72 EENEDIXIT
1345 2109 381 72 DOMINVS

44 2159 311 81 DIEI
239 2159 467 81 SABEATI,
588 2159 233 81 ET
705 2159 661 81 SANCTIFICAVIT
1211 2159 194 81 EVM

140 2210 292 92 Naturalis
364 2210 112 92 &
409 2210 202 92 ualde
544 2210 247 92 elegans
724 2210 157 92 est
814 2210 180 92 ordo
927 2210 360 92 praeceptorum
1219 2210 247 92 domini.
1399 2210 202 92 Primo
1512 2210 202 92 mandat?

48 2259 236 102 docuit
213 2259 259 102 dominus
402 2259 212 102 fidem
543 2259 118 102 &
590 2259 236 102 amorem
755 2259 189 102 erga
873 2259 212 102 deum,
1015 2259 259 102 Secundo
1203 2259 259 102 remouit
1392 2259 212 102 idola
1533 2259 118 102 &
1580 2259 212 102 omnem

58 2334 299 73 peregrinum
293 2334 235 73 cultum.
464 2334 214 73 Tertio
614 2334 278 73 praecepto
828 2334 214 73 coepit
977 2334 128 73 de
1042 2334 171 73 uero
1148 2334 107 73 &
1191 2334 257 73 legitimo
1384 2334 193 73 cultu
1512 2334 150 73 dei
1576 2334 150 73 homi-

48 2395 140 76 nes
128 2395 280 76 instruere.
348 2395 260 76 Consistit
547 2395 120 76 is
607 2395 120 76 in
667 2395 380 76 sanctificatione
987 2395 220 76 nominis
1147 2395 220 76 diuini,
1307 2395 120 76 ut
1366 2395 140 76 hoc
1446 2395 280 76 inuocemus,
1666 2395 100 76 &

50 2445 212 79 sancte
198 2445 127 79 ac
261 2445 233 79 ingenue
431 2445 338 79 confiteamur,
706 2445 190 79 deque
833 2445 169 79 ipso
938 2445 275 79 iudicemus
1150 2445 106 79 &
1192 2445 254 79 loquamur
1361 2445 360 79 religiosissime.

78 2495 225 87 Quartum
241 2495 287 87 praeceptum
466 2495 246 87 instruit
651 2495 102 87 &
692 2495 184 87 ipsum
814 2495 143 87 dei
896 2495 225 87 cultum,
1060 2495 287 87 nominisque
1285 2495 205 87 diuini
1408 2495 307 87 sanctificatio

45 2566 172 75 nem,
153 2566 151 75 sed
239 2566 323 75 deffectitur
498 2566 151 75 iam
584 2566 258 75 nonnihil
778 2566 194 75 etiam
907 2566 129 75 ad
971 2566 258 75 externum
1165 2566 237 75 cultum,
1337 2566 194 75 licet
1467 2566 237 75 quartum
1617 2566 108 75 hoc

53 2616 274 76 mandatum
259 2616 114 76 &
304 2616 274 76 internum
510 2616 251 76 formet.
692 2616 274 76 Sabbatum
898 2616 183 76 enim
1012 2616 274 76 uersatur
1217 2616 114 76 &
1263 2616 137 76 in
1331 2616 251 76 interno
1514 2616 114 76 &
1536 2616 183 76 exter-

54 2664 130 74 no
119 2664 152 74 dei
206 2664 217 74 cultu.
358 2664 303 74 Inquiramus
596 2664 173 74 ergo
704 2664 173 74 quid
813 2664 282 74 sentiamus
1030 2664 130 74 de
1095 2664 260 74 sabbato,
1290 2664 108 74 &
1333 2664 173 74 quam
1441 2664 173 74 late
1528 2664 195 74 sabbati

57 2718 177 95 usus
167 2718 243 95 pateat,
344 2718 132 95 ac
410 2718 243 95 quomodo
587 2718 132 95 in
653 2718 353 95 obseruatione
940 2718 243 95 sabbati
1117 2718 243 95 colamus
1293 2718 177 95 deum
1404 2718 265 95 nostrum.
1580 2718 155 95 Sabba

61 2787 152 62 tum
148 2787 305 62 significat
388 2787 240 62 requiem
562 2787 109 62 &
606 2787 305 62 uacationem
845 2787 131 62 ab
910 2787 196 62 opere
1041 2787 261 62 seruili.
1237 2787 131 62 Ac
1302 2787 327 62 obseruandum
1542 2787 174 62 censeo

54 2828 166 86 quod
158 2828 229 86 dominus
324 2828 145 86 non
408 2828 166 86 ait,
511 2828 291 86 Sanctifica
740 2828 270 86 sabbatum,
948 2828 145 86 sed
1031 2828 229 86 Memento
1197 2828 125 86 ut
1260 2828 166 86 diem
1364 2828 229 86 sabbati
1509 2828 208 86 sanctifi

59 2897 161 67 ces.
160 2897 282 67 Significat
381 2897 181 67 autem
502 2897 342 67 uetustissimam
784 2897 161 67 esse
884 2897 221 67 sabbati
1046 2897 362 67 institutionem,
1348 2897 141 67 iam
1428 2897 161 67 olim
1509 2897 201 67 patribus

62 2954 268 88 traditam,
269 2954 165 88 nunc
372 2954 165 88 uero
475 2954 144 88 per
557 2954 227 88 dominum
722 2954 165 88 esse
825 2954 124 88 in
887 2954 206 88 populo
1032 2954 247 88 lsraelis
1217 2954 268 88 repetitam
1423 2954 103 88 &
1465 2954 289 88 renouatam.
