2288 3632
472 256 209 99 quidem
619 256 230 99 externa
786 256 189 99 bona:
912 256 209 99 deinde
1059 256 251 99 corporis
1247 256 105 99 :
1289 256 251 99 postremo
1478 256 168 99 quae
1582 256 126 99 ad
1645 256 209 99 animum
1792 256 293 99 pertinent,
2001 256 126 99 haec

482 333 181 81 omnia
603 333 262 81 uidelicet
804 333 181 81 mutuo
925 333 161 81 data
1025 333 302 81 persoluens,
1267 333 101 81 &
1307 333 141 81 pro
1387 333 181 81 curis
1508 333 322 81 doloribusque
1770 333 221 81 priscis
1931 333 241 81 parentum

480 392 128 76 in
544 392 234 76 senecta
714 392 256 76 recentes
906 392 256 76 reddens,
1097 392 213 76 quando
1246 392 213 76 maxime
1396 392 277 76 indigent.
1609 392 128 76 In
1672 392 213 76 uerbis
1822 392 170 76 quin
1928 392 192 76 etiam
2035 392 106 76 per

486 441 196 84 totam
617 441 196 84 uitam
747 441 261 84 parentes
943 441 261 84 uenerari
1138 441 217 84 maxime
1290 441 217 84 decet.
1443 441 217 84 Leuium
1595 441 174 84 enim
1703 441 369 84 uolatiliumque
1986 441 152 84 uerbo

480 502 155 76 rum
568 502 309 76 grauissima
811 502 243 76 imminet
988 502 221 76 poena.
1143 502 155 76 Nam
1231 502 243 76 omnibus
1408 502 287 76 proposita
1629 502 155 76 est
1717 502 243 76 Nemesis
1894 502 243 76 iudicij
2049 502 88 76 an

483 548 196 96 gelus
614 548 196 96 horum
745 548 218 96 omnium
898 548 393 96 consideratrix.
1225 548 240 96 Oportet
1399 548 175 96 ergo
1508 548 218 96 iratis
1661 548 284 96 animumque
1857 548 284 96 explentibus

488 608 224 80 cedere,
651 608 143 80 seu
732 608 204 80 uerbis
875 608 163 80 siue
977 608 184 80 rebus
1100 608 122 80 id
1161 608 245 80 faciant,
1344 608 143 80 non
1426 608 286 80 ignorantes
1650 608 204 80 patrem
1793 608 163 80 iure
1895 608 224 80 admodum
2038 608 102 80 fi-

478 676 137 78 lio
557 676 294 78 succensere,
792 676 118 78 si
851 676 196 78 quando
988 676 235 78 iniuriam
1164 676 157 78 sibi
1262 676 118 78 ab
1321 676 118 78 eo
1379 676 176 78 fieri
1497 676 274 78 arbitretur
1712 676 98 78 :
1751 676 215 78 Mortuis
1908 676 157 78 uero
1986 676 157 78 paren-

490 723 193 88 tibus
618 723 279 88 monumenta
833 723 365 88 decentissima,
1134 723 150 88 sed
1220 723 322 88 temperanter
1477 723 193 88 tamen
1606 723 344 88 construamus.
1885 723 172 88 Haec
1993 723 129 88 si
2036 723 107 88 ser

480 783 262 71 uabimus,
677 783 240 71 praemia
851 783 109 71 a
895 783 175 71 dijs
1004 783 349 71 reportabimus
1288 783 240 71 maxima.
1463 783 175 71 Haec
1572 783 218 71 Plato.
1725 783 240 71 Sanctus
1878 783 262 71 Hieronymus

487 829 207 89 dicit,
632 829 249 89 Matribus
819 829 228 89 debitam
985 829 269 89 impendite
1192 829 332 89 reuerentiam,
1461 829 166 89 quae
1565 829 186 89 uobis
1689 829 186 89 uteri
1813 829 207 89 labore
1938 829 207 89 seruien-

487 885 159 80 tes,
586 885 198 80 pondus
725 885 198 80 uestri
864 885 238 80 corporis
1042 885 258 80 tolerant,
1240 885 178 80 atque
1359 885 218 80 ignotam
1518 885 258 80 portantes
1716 885 277 80 insantiam,
1934 885 258 80 famulatum

489 945 231 89 quendam
657 945 252 89 exhibent
846 945 315 89 nascituris.
1098 945 168 89 Illo
1203 945 231 89 tempore
1371 945 147 89 non
1455 945 168 89 sibi
1560 945 210 89 tantum
1707 945 189 89 mater
1833 945 210 89 esurit
1980 945 147 89 nec
2043 945 105 89 ac-

483 996 196 82 ceptos
620 996 156 82 sola
718 996 215 82 digerit
875 996 196 82 cibos.
1012 996 215 82 Materno
1168 996 176 82 uictu
1285 996 196 82 alitur
1422 996 98 82 &
1461 996 156 82 ille
1559 996 137 82 qui
1637 996 196 82 latet,
1774 996 215 82 eiusque
1931 996 196 82 membra
2048 996 98 82 al-

486 1052 215 81 terius
637 1052 301 81 comestione
874 1052 280 81 pascuntur
1089 1052 129 81 ut
1154 1052 172 81 homo
1261 1052 237 81 futurus
1434 1052 237 81 alienis
1606 1052 258 81 morsibus
1800 1052 301 81 saturetur.
2015 1052 129 81 Quid

486 1111 171 85 ipsa
592 1111 235 85 memorem
763 1111 320 85 nutrimenta,
1019 1111 107 85 &
1062 1111 235 85 tenerae
1233 1111 278 85 insantiae
1446 1111 214 85 dulces
1596 1111 278 85 iniurias,
1809 1111 171 85 quas
1895 1111 256 85 nutritoris

492 1175 243 72 affectus
674 1175 122 72 de
735 1175 162 72 suis
836 1175 243 72 paruulis
1018 1175 203 72 sumit:
1160 1175 162 72 Quid
1262 1175 182 72 cibos
1383 1175 122 72 in
1444 1175 182 72 matre
1565 1175 284 72 confectos,
1788 1175 142 72 qui
1869 1175 263 72 foemineis
2052 1175 101 72 ma-

488 1219 213 86 nantes
637 1219 128 86 ex
701 1219 234 86 membris
871 1219 234 86 lacteum
1042 1219 277 86 soluuntur
1255 1219 128 86 in
1319 1219 234 86 succum,
1489 1219 107 86 &
1532 1219 213 86 fauces
1681 1219 277 86 inualidas
1894 1219 234 86 liquido
2043 1219 107 86 sa-

484 1282 173 89 pore
593 1282 325 89 perfundunt:
853 1282 238 89 Cogente
1026 1282 217 89 natura
1177 1282 217 89 sumunt
1329 1282 260 89 insantes
1524 1282 130 89 de
1589 1282 195 89 matre
1719 1282 173 89 quod
1827 1282 238 89 bibant,
2000 1282 108 89 &
2022 1282 130 89 den-

499 1331 119 80 te
559 1331 139 80 non
638 1331 158 80 nato
737 1331 139 80 hoc
816 1331 158 80 sibi
915 1331 297 80 currentibus
1153 1331 198 80 labris
1291 1331 238 80 eliciunt
1470 1331 158 80 quod
1569 1331 139 80 non
1648 1331 139 80 sit
1727 1331 218 80 necesse
1886 1331 238 80 mordere.
2044 1331 99 80 Ser

495 1400 189 68 uiunt
621 1400 231 68 materna
789 1400 252 68 posteris
979 1400 252 68 pectora,
1168 1400 252 68 seruiunt
1357 1400 189 68 ipsis
1483 1400 336 68 incunabulis,
1757 1400 189 68 manus
1883 1400 105 68 &
1925 1400 189 68 terga
2030 1400 126 68 mem-

494 1442 169 84 bris
600 1442 212 84 deuota
748 1442 297 84 lactentium
981 1442 212 84 gratos
1129 1442 191 84 artus
1256 1442 297 84 accipiunt.
1489 1442 191 84 Optat
1616 1442 191 84 mater
1744 1442 254 84 paruulum
1913 1442 233 84 crescere,

494 1498 176 80 optat
612 1498 156 80 cito
710 1498 196 80 uidere
847 1498 235 80 maiorem.
1023 1498 137 80 His
1101 1498 137 80 tot
1179 1498 254 80 tantisque
1375 1498 352 80 praecedentibus
1668 1498 215 80 factis,
1824 1498 176 80 matri
1942 1498 176 80 debet
2040 1498 117 80 tota

499 1566 286 72 alacritate
723 1566 266 72 seruiri,.
928 1566 245 72 Reddatur
1112 1566 225 72 naturae
1276 1566 245 72 debitum,
1460 1566 245 72 reddatur
1644 1566 102 72 &
1685 1566 245 72 posteris
1869 1566 164 72 quod
1951 1566 205 72 debetur.

493 1624 206 70 Exolue
637 1624 165 70 fili
740 1624 165 70 quod
843 1624 206 70 debes,
987 1624 103 70 &
1028 1624 226 70 officia
1193 1624 206 70 debita
1337 1624 309 70 qualicunque
1584 1624 206 70 exhibe
1728 1624 267 70 samulatu.
1934 1624 165 70 Quia
2016 1624 144 70 paren

502 1673 191 77 tibus
629 1673 170 77 nemo
735 1673 212 77 potest
884 1673 233 77 reddere
1054 1673 170 77 quod
1160 1673 255 77 debetur.
1351 1673 170 77 Haec
1436 1673 127 77 ille

585 1713 181 98 Porro
706 1713 221 98 patriam
866 1713 221 98 quisque
1027 1713 161 98 suam
1128 1713 201 98 merito
1268 1713 302 98 magnifacit,
1510 1713 181 98 amat,
1630 1713 261 98 prouehere
1831 1713 201 98 cupit,
1952 1713 201 98 ornatque

509 1788 163 68 suis
611 1788 306 68 uirtutibus,
856 1788 184 68 iuuat
978 1788 266 68 omnigenis
1183 1788 306 68 beneficijs,
1428 1788 245 68 defendit
1612 1788 184 68 ipsam
1734 1788 225 68 strenue
1897 1788 102 68 &
1938 1788 204 68 pugnat
2061 1788 102 68 pro

510 1838 116 77 ea
568 1838 291 77 fortissime,
800 1838 233 77 siquidem
975 1838 213 77 necesse
1130 1838 136 77 sit
1207 1838 174 77 ipsam
1324 1838 233 77 asserere
1498 1838 97 77 a
1537 1838 291 77 latronibus.
1769 1838 155 77 Quid
1866 1838 136 77 est
1944 1838 213 77 obsecro
2079 1838 78 77 ci

509 1890 207 80 uitatis
660 1890 188 80 forma,
791 1890 113 80 ut
848 1890 151 80 ille
942 1890 226 80 dicebat,
1111 1890 263 80 iucundius,
1318 1890 113 80 in
1375 1890 132 80 qua
1450 1890 169 80 recte
1563 1890 263 80 constituta
1770 1890 132 80 est
1845 1890 245 80 ecclesia,
2033 1890 113 80 in
2071 1890 94 80 qua

503 1958 243 81 legitime
685 1958 223 81 colitur
847 1958 162 81 deus
948 1958 101 81 &
989 1958 344 81 obeditur(fide
1272 1958 101 81 &
1313 1958 304 81 dilectione,
1556 1958 223 81 quantum
1718 1958 243 81 scilicet
1900 1958 223 81 gratiae
2042 1958 121 81 con-

507 2004 245 76 cesserit
690 2004 184 76 deus)
813 2004 184 76 uerbo
935 2004 163 76 dei:
1037 2004 122 76 in
1098 2004 143 76 qua
1180 2004 306 76 magistratus
1425 2004 204 76 tuetur
1567 2004 306 76 disciplinam
1812 2004 102 76 &
1853 2004 184 76 bonas
1975 2004 102 76 &
1996 2004 163 76 aequas

498 2055 206 84 leges,
642 2055 185 84 ciues
766 2055 329 84 obtemperant,
1033 2055 164 84 sunt
1135 2055 288 84 concordes,
1362 2055 206 84 habent
1505 2055 164 84 suos
1608 2055 206 84 coetus
1752 2055 185 84 uerae
1875 2055 288 84 religionis
2101 2055 103 84 &

502 2117 285 76 iudiciorum
725 2117 203 76 causa,
868 2117 203 76 habent
1010 2117 285 76 congressus
1234 2117 366 76 honestissimos,
1539 2117 122 76 in
1600 2117 244 76 templis,
1783 2117 122 76 in
1844 2117 203 76 curia,
1986 2117 122 76 in
2027 2117 142 76 scho-

504 2167 162 81 lis,
605 2167 202 81 colunt
746 2167 243 81 uirtutem
928 2167 101 81 &
969 2167 263 81 literarum
1171 2167 222 81 studia,
1332 2167 243 81 quaerunt
1514 2167 202 81 uictum
1656 2167 243 81 honestis
1838 2167 243 81 artibus,
1999 2167 162 81 quibus

511 2227 156 76 uita
609 2227 156 76 opus
707 2227 195 76 habet,
844 2227 215 76 cultura
1000 2227 235 76 agrorum,
1176 2227 274 76 mercatura,
1391 2227 274 76 opificijs,
1606 2227 215 76 educant
1762 2227 235 76 liberos,
1918 2227 235 76 beneficijs

508 2289 335 84 prosequuntur
780 2289 272 84 parentes,
990 2289 272 84 pauperes,
1199 2289 314 84 peregrinos.
1451 2289 168 84 Sunt
1555 2289 168 84 ergo
1660 2289 126 84 in
1723 2289 147 84 hac
1807 2289 272 84 republica
1995 2289 168 84 uirgi-

509 2346 158 74 nes,
608 2346 217 74 nuptae,
765 2346 197 74 pueri,
903 2346 197 74 senes,
1041 2346 256 74 matronae,
1238 2346 217 74 uiduae,
1396 2346 236 74 pupilli.
1573 2346 118 74 Si
1632 2346 138 74 qui
1711 2346 138 74 pro
1790 2346 217 74 ingenio
1928 2346 236 74 humanospec

508 2392 166 79 cant
612 2392 208 79 contra
757 2392 208 79 leges,
903 2392 291 79 puniuntur,
1131 2392 312 79 defenduntur
1381 2392 249 79 innoxij,
1568 2392 187 79 foret
1692 2392 166 79 pax,
1796 2392 270 79 iustitia,
2004 2392 104 79 &
2025 2392 145 79 huma-

507 2446 208 80 nitas.
653 2446 166 80 Quis
756 2446 187 80 autem
881 2446 208 80 aequis
1027 2446 104 80 &
1068 2446 312 80 patientibus
1317 2446 208 80 oculis
1463 2446 208 80 uideat
1608 2446 187 80 talem
1733 2446 332 80 rempublicam,
1982 2446 187 80 patriam

513 2501 228 80 scilicet
684 2501 171 80 suam,
798 2501 133 80 uel
873 2501 95 80 a
911 2501 266 80 seditiosis
1120 2501 228 80 ciuibus,
1291 2501 133 80 uel
1366 2501 114 80 ab
1423 2501 209 80 externo
1575 2501 190 80 milite
1708 2501 228 80 turbari,
1879 2501 209 80 uexari,
2011 2501 152 80 subuer

516 2561 116 78 ti
574 2561 174 78 atque
689 2561 251 78 discerpi?
882 2561 309 78 Seditionibus
1133 2561 135 78 uel
1210 2561 193 78 bellis
1345 2561 309 78 subuertuntur
1596 2561 135 78 cum
1673 2561 212 78 studijs
1827 2561 174 78 omnes
1943 2561 251 78 uirtutes,

515 2625 341 67 constuprantur
796 2625 241 67 uirgines
976 2625 100 67 &
1016 2625 261 67 matronae,
1217 2625 301 67 afficiuntur
1458 2625 281 67 contumelia
1679 2625 201 67 senes,
1819 2625 181 67 perit
1939 2625 221 67 religio
2100 2625 100 67 &

505 2689 190 68 omnia
631 2689 232 68 pietas.
800 2689 169 68 Ergo
905 2689 316 68 fortissimus
1158 2689 253 68 militiae
1348 2689 274 68 imperator
1559 2689 169 68 Ioab
1664 2689 211 68 contra
1812 2689 190 68 Syros
1917 2689 253 68 pugnaturus

510 2734 139 81 pro
590 2734 219 81 patria,
749 2734 120 81 ad
809 2734 199 81 Abisai
948 2734 219 81 fratrem
1108 2734 159 81 suum
1208 2734 199 81 dixit,
1347 2734 120 81 Si
1407 2734 219 81 fuerint
1566 2734 159 81 Syri
1666 2734 120 81 me
1726 2734 299 81 ualidiores,
1965 2734 159 81 opem
2044 2734 120 81 mihi

516 2783 193 79 feres:
651 2783 135 79 sin
728 2783 173 79 filij
843 2783 173 79 Ammon
959 2783 154 79 tibi
1055 2783 347 79 praeualuerint,
1344 2783 173 79 adero
1459 2783 154 79 tibi
1556 2783 231 79 auxilium
1729 2783 231 79 laturus.
1902 2783 135 79 Sis
1979 2783 154 79 ergo
2056 2783 116 79 for-

508 2846 149 73 tis
593 2846 106 73 &
635 2846 256 73 pugnemus
827 2846 256 73 fortiter
1019 2846 149 73 pro
1104 2846 213 73 populo
1253 2846 213 73 nostro
1402 2846 106 73 &
1445 2846 149 73 pro
1530 2846 319 73 ciuitatibus
1786 2846 149 73 dei
1871 2846 234 73 nostri.
2020 2846 149 73 Domi-

495 2895 149 101 nus
580 2895 191 101 autem
707 2895 212 101 faciat
856 2895 170 101 quod
962 2895 191 101 bonum
1090 2895 149 101 est
1175 2895 127 101 in
1238 2895 212 101 oculis
1387 2895 191 101 suis.
1514 2895 191 101 ludas
1642 2895 212 101 quoque
1791 2895 297 101 Machabaeus
2024 2895 149 101 uir
2088 2895 85 101 in
