2288 3632
94 286 146 73 tem
178 286 334 73 obedientium.
449 286 229 73 Teneant
616 286 167 73 ergo
720 286 292 73 pectoribus
949 286 167 73 suis
1054 286 209 73 patres
1200 286 167 73 hanc
1304 286 125 73 ex
1367 286 271 73 euangelio
1575 286 229 73 infixam

94 345 306 87 sententiam,
338 345 143 87 Non
420 345 143 87 est
501 345 245 87 uoluntas
685 345 183 87 coram
807 345 183 87 patre
929 345 204 87 uestro
1072 345 245 87 coelesti
1255 345 122 87 ut
1317 345 204 87 pereat
1459 345 163 87 unus
1561 345 122 87 de
1602 345 163 87 pusil-

86 398 130 97 lis
161 398 186 97 illis.
291 398 130 97 Qui
365 398 260 97 offenderit
570 398 186 97 tales,
700 398 205 97 expedit
849 398 112 97 ei
905 398 112 97 ut
960 398 279 97 suspendatur
1184 398 149 97 mola
1277 398 223 97 asinaria
1444 398 112 97 in
1500 398 186 97 collum
1630 398 167 97 eius,

94 447 135 84 ac
162 447 316 84 demergatur
410 447 135 84 in
478 447 293 84 profundum
681 447 181 84 maris.

146 510 202 88 Porro
280 510 135 88 de
347 510 247 88 officio
527 510 269 88 filiorum
728 510 359 88 disputauimus
1020 510 157 88 iam
1110 510 179 88 ante
1222 510 157 88 ubi
1311 510 269 88 docuimus
1513 510 247 88 quomodo
1670 510 112 88 ho-

93 571 229 84 norandi
260 571 167 84 sint
364 571 271 84 parentes.
573 571 209 84 Paulus
719 571 146 84 uno
802 571 188 84 uerbo
927 571 188 84 multa
1052 571 292 84 complexus,
1282 571 209 84 dicit,
1428 571 188 84 Filij
1553 571 229 84 obedite
1699 571 83 84 pa

86 625 258 72 rentibus
280 625 237 72 uestris
452 625 129 72 in
517 625 237 72 domino.
689 625 215 72 Causam
839 625 215 72 addit:
990 625 151 72 Nam
1076 625 129 72 id
1140 625 215 72 iustum
1291 625 172 72 est,
1398 625 258 72 Rationem
1592 625 215 72 iterum

94 678 299 87 subiungit:
328 678 149 87 Nam
414 678 171 87 deus
520 678 149 87 hoc
605 678 299 87 praecepit.
840 678 277 87 Agnoscant
1053 678 171 87 ergo
1160 678 213 87 liberi
1309 678 256 87 parentum
1501 678 256 87 uigilias
1693 678 107 87 &

86 734 222 82 labores
247 734 283 82 educationi
470 734 283 82 insumptos,
692 734 121 82 ac
753 734 182 82 grati
874 734 242 82 rebusque
1056 734 323 82 praesentibus
1318 734 242 82 contenti
1500 734 182 82 sint.
1622 734 141 82 Cum
1682 734 81 82 e-

90 789 258 80 rudiuntur
288 789 119 80 at
348 789 297 80 parentibus,
586 789 218 80 discant
745 789 218 80 sedulo,
903 789 99 80 &
943 789 159 80 sint
1042 789 258 80 religiosi
1240 789 198 80 lacob,
1379 789 139 80 non
1459 789 238 80 prophani
1617 789 139 80 Esau.

93 847 224 82 Discant
256 847 265 82 asuescere
459 847 183 82 bonis
581 847 244 82 moribus.
764 847 224 82 Discant
927 847 183 82 artes
1049 847 265 82 libenter.
1253 847 285 82 Subiiciant
1477 847 122 82 se
1518 847 244 82 correctio-

77 908 143 78 ni.
158 908 123 78 Ne
220 908 245 78 irritent
404 908 143 78 aut
486 908 123 78 ad
547 908 164 78 iram
649 908 266 78 prouocent
854 908 266 78 parentes.
1058 908 225 78 Eligant
1222 908 143 78 sua
1304 908 205 78 sponte
1447 908 184 78 magis
1570 908 164 78 quam
1652 908 102 78 uer

86 958 226 84 beribus
251 958 103 84 &
292 958 226 84 iurgijs
457 958 206 84 adacti
601 958 206 84 sapere
745 958 103 84 &
786 958 226 84 parere.
951 958 123 84 Si
1012 958 226 84 paucula
1177 958 288 84 relinquant
1403 958 226 84 liberis
1547 958 206 84 parentes

87 1020 309 69 decedentes,
335 1020 124 69 ne
396 1020 309 69 obloquantur
644 1020 288 69 defunctis.
870 1020 206 69 Docuit
1014 1020 124 69 te
1076 1020 288 69 artificium
1303 1020 144 69 aut
1385 1020 185 69 artem
1509 1020 227 69 aliquam
1653 1020 103 69 pa-

93 1073 190 79 rens,
220 1073 190 79 satis
346 1073 211 79 amplum
494 1073 254 79 reliquit
684 1073 338 79 patrimonium.
959 1073 148 79 Sed
1044 1073 106 79 &
1086 1073 296 79 frugalitas
1318 1073 127 79 ac
1382 1073 296 79 parsimonia
1593 1073 169 79 magnum

89 1129 136 68 est
166 1129 253 68 uectigal.
361 1129 253 68 Instituit
556 1129 117 68 te
615 1129 195 68 sancte
751 1129 97 68 &
790 1129 214 68 pulchre
946 1129 117 68 in
1005 1129 234 68 moribus,
1180 1129 117 68 in
1239 1129 156 68 uera
1336 1129 253 68 sapientia
1531 1129 97 68 &
1551 1129 214 68 religione

93 1195 208 72 pater,
239 1195 333 72 haereditatem
509 1195 229 72 legauit
676 1195 187 72 longe
800 1195 395 72 opulentissimam.
1133 1195 166 72 Quid
1237 1195 166 72 enim
1341 1195 166 72 sunt
1445 1195 166 72 opes
1528 1195 229 72 amplissi-

83 1248 140 68 mae
163 1248 120 68 in
223 1248 220 68 manibus
383 1248 200 68 stulti
522 1248 100 68 &
562 1248 300 68 irreligiosi
802 1248 160 68 uiri
902 1248 260 68 relictae,
1102 1248 160 68 quam
1202 1248 220 68 gladius
1361 1248 120 68 in
1421 1248 220 68 manibus
1561 1248 200 68 furiosi?

95 1294 199 68 Abunde
234 1294 258 68 opulentus
433 1294 119 68 es
493 1294 119 68 ex
552 1294 239 68 parentum
731 1294 298 68 haereditate
970 1294 239 68 relicta,
1149 1294 119 68 si
1208 1294 159 68 pius
1308 1294 139 68 es,
1387 1294 298 68 laboriosus,
1626 1294 179 68 dili

82 1360 172 73 gens
189 1360 107 73 &
232 1360 236 73 probus.
404 1360 344 73 Diuturniores
683 1360 107 73 &
726 1360 279 73 beatiores
941 1360 172 73 sunt
1048 1360 172 73 fere
1156 1360 172 73 opes
1263 1360 215 73 nostro
1413 1360 215 73 labore
1564 1360 236 73 partae,

96 1396 144 75 quam
186 1396 108 75 ab
240 1396 162 75 alijs
349 1396 235 75 relictae.

153 1457 228 85 Rursus
313 1457 342 85 sesquihoram
587 1457 137 85 in
655 1457 320 85 explicando
906 1457 160 85 hoc
998 1457 297 85 argumento
1226 1457 137 85 de
1294 1457 274 85 colendis
1477 1457 274 85 parentibus

79 1522 342 71 insumpsimus,
357 1522 235 71 diutius
528 1522 171 71 quam
634 1522 150 71 par
720 1522 171 71 erat
827 1522 299 71 charitatem
1062 1522 235 71 uestram
1233 1522 321 71 detinentes.
1489 1522 150 71 Sed
1554 1522 192 71 dabitis

84 1569 158 77 hoc
175 1569 226 77 studio
333 1569 113 77 &
379 1569 204 77 amori
514 1569 158 77 Non
605 1569 226 77 nescio
763 1569 181 77 quam
876 1569 339 77 necessarium
1148 1569 158 77 sit
1239 1569 226 77 multis
1397 1569 158 77 hoc
1465 1569 294 77 argumentum,

73 1627 226 82 Diutius
238 1627 164 82 ergo
340 1627 144 82 his
422 1627 246 82 inhaesi.
607 1627 205 82 Vtilia
751 1627 164 82 enim
854 1627 103 82 &
895 1627 287 82 necessaria
1121 1627 267 82 charitati
1326 1627 226 82 uestrae
1490 1627 144 82 non
1572 1627 164 82 modo
1654 1627 103 82 tra

86 1684 181 81 dere
199 1684 158 81 sed
290 1684 203 81 etiam
425 1684 294 81 inculcare
651 1684 203 81 modis
787 1684 248 81 omnibus
967 1684 248 81 satago.
1148 1684 248 81 Dominus
1329 1684 271 81 concedat
1532 1684 203 81 uobis
1645 1684 113 81 om-

82 1748 188 65 nibus
207 1748 271 65 uberrimam
416 1748 188 65 iacti
542 1748 230 65 seminis
709 1748 125 65 in
771 1748 188 65 corda
897 1748 209 65 uestra
1043 1748 188 65 uerbi
1168 1748 146 65 sui
1251 1748 251 65 segetem.
1439 1748 230 65 Oremus,
1586 1748 104 65 &c.

247 1851 92 69 De
293 1851 169 69 secundo
415 1851 184 69 secundae
553 1851 169 69 tabulae
676 1851 215 69 praecepto,
844 1851 123 69 quod
921 1851 153 69 ordine
1028 1851 92 69 in
1074 1851 184 69 Decalogo
1212 1851 153 69 sextum
1319 1851 123 69 est,
1396 1851 107 69 Non
1442 1851 153 69 occides.

522 1917 221 85 item
660 1917 166 85 de
743 1917 414 85 Magistratu.
1075 1917 248 85 SERMO
1213 1917 110 85 VI

232 2019 184 77 ECTE
347 2019 345 77 subiungitur
623 2019 345 77 authoritati
899 2019 115 77 &
945 2019 253 77 imperio
1130 2019 276 77 iustitia
1337 2019 115 77 &
1383 2019 345 77 innocentia,
1636 2019 115 77 mu-

288 2082 241 77 niturque
468 2082 140 77 hac
549 2082 160 77 lege
649 2082 180 77 lexta
769 2082 140 77 pax
849 2082 100 77 &
889 2082 341 77 tranquillitas
1170 2082 220 77 publica
1330 2082 100 77 &
1370 2082 241 77 priuata.
1551 2082 200 77 Cumque
1671 2082 80 77 ui

282 2138 117 60 ta
340 2138 215 60 hominis
496 2138 390 60 excellentissimum
828 2138 176 60 illud
945 2138 137 60 sit
1023 2138 117 60 in
1081 2138 176 60 orbe,
1198 2138 137 60 cui
1276 2138 176 60 omnia
1393 2138 176 60 alia,
1510 2138 176 60 licet
1608 2138 137 60 prae-

274 2196 337 56 stantissima,
548 2196 337 56 ancillantur,
822 2196 232 56 denique
991 2196 148 56 cum
1075 2196 211 56 corpus
1223 2196 232 56 hominis
1392 2196 295 56 praecellat
1602 2196 148 56 omnes

66 2250 194 67 alias
196 2250 215 67 dotes,
347 2250 259 67 naturali
540 2250 215 67 ordine
691 2250 259 67 sequitur
885 2250 302 67 praeceptum
1122 2250 215 67 sextum
1273 2250 215 67 duabus
1424 2250 259 67 duntaxat
1596 2250 151 67 uoci-

69 2299 174 60 bus
168 2299 149 60 ab
243 2299 198 60 ipso
367 2299 174 60 deo
466 2299 174 60 sic
565 2299 322 60 proditum,
813 2299 174 60 NON
912 2299 297 60 OCCIDES.
1135 2299 174 60 Hoc
1234 2299 198 60 enim
1358 2299 273 60 mandato
1532 2299 223 60 praeci-

73 2363 176 62 pitur
191 2363 234 62 iustitia
367 2363 98 62 &
406 2363 293 62 innocentia,
640 2363 98 62 &
679 2363 215 62 cauetur
836 2363 117 62 ne
894 2363 156 62 quis
992 2363 234 62 alterius
1168 2363 137 62 uel
1246 2363 195 62 corpus
1383 2363 137 62 uel
1461 2363 176 62 uitam
1578 2363 215 62 laedat,

76 2419 209 65 itaque
222 2419 250 65 mandatur
410 2419 230 65 omnibus
577 2419 146 65 pax
660 2419 104 65 &
681 2419 334 65 tranquillitas.

157 2467 255 63 Caeterum
348 2467 340 63 considerandi
625 2467 149 63 hic
710 2467 234 63 ueniunt
880 2467 213 63 gradus
1029 2467 213 63 quibus
1178 2467 298 63 peruenitur
1412 2467 128 63 ad
1475 2467 234 63 caedem,
1624 2467 128 63 con-

84 2517 292 70 siderandae
313 2517 104 70 &
355 2517 271 70 laesionis
563 2517 229 70 species
730 2517 188 70 atque
855 2517 229 70 causae.
1022 2517 229 70 Dominus
1188 2517 167 70 enim
1293 2517 146 70 non
1376 2517 250 70 prohibet
1543 2517 208 70 duntaxat

69 2587 194 68 ipsam
199 2587 237 68 caedem,
371 2587 151 68 sed
457 2587 194 68 omnia
587 2587 129 68 ea
651 2587 129 68 ex
716 2587 215 68 quibus
867 2587 237 68 existit
1039 2587 237 68 caedes.
1211 2587 237 68 Proinde
1384 2587 302 68 prohibetur
1599 2587 151 68 omnis

76 2643 313 68 prouocatio,
327 2643 313 68 prohibentur
578 2643 251 68 conuitia
766 2643 104 68 &
808 2643 230 68 iurgia,
975 2643 293 68 prohibetur
1205 2643 293 68 contentio,
1435 2643 146 68 ira
1518 2643 104 68 &
1539 2643 209 68 inuidia.

72 2700 198 71 Atque
204 2700 154 71 hic
292 2700 242 71 habemus
468 2700 198 71 ipsum
601 2700 264 71 Christum
799 2700 242 71 dominum
975 2700 198 71 huius
1107 2700 198 71 legis
1239 2700 352 71 interpretem,
1526 2700 264 71 dicentem

74 2756 169 60 apud
179 2756 295 60 Matthaeum,
412 2756 253 60 Audistis
601 2756 211 60 dictum
749 2756 169 60 esse
855 2756 274 60 antiquis,
1066 2756 148 60 Non
1150 2756 253 60 occides.
1340 2756 253 60 Quisquis
1530 2756 190 60 autem
1635 2756 106 60 oc-

79 2807 233 60 ciderit,
253 2807 233 60 obnoxius
428 2807 155 60 erit
525 2807 233 60 iudicio.
700 2807 116 60 At
758 2807 136 60 ego
836 2807 155 60 dico
933 2807 194 60 uobis,
1069 2807 233 60 quisquis
1243 2807 252 60 irascitur
1437 2807 194 60 fratri
1573 2807 136 60 suo
1632 2807 116 60 teme

80 2861 142 65 re,
161 2861 243 65 obnoxius
343 2861 162 65 erit
445 2861 243 65 iudicio.
627 2861 264 65 Quicunque
830 2861 162 65 uero
931 2861 223 65 dixerit
1093 2861 203 65 fratri
1235 2861 142 65 suo
1316 2861 203 65 Rhaca,
1458 2861 243 65 obnoxius
1620 2861 122 65 erit

76 2916 274 81 consilio.
286 2916 253 81 Quisquis
476 2916 189 81 autem
602 2916 232 81 dixerit
771 2916 211 81 Fatue,
918 2916 253 81 obnoxius
1107 2916 168 81 erit
1213 2916 253 81 gehennae
1402 2916 274 81 incendio.
1592 2916 147 81 Audis
