2192 3684
320 293 161 66 cura
420 293 100 66 &
460 293 241 66 bonitate
641 293 281 66 ineffabili
862 293 141 66 dei
942 293 201 66 patris
1083 293 201 66 nostri
1223 293 201 66 factum
1364 293 161 66 est,
1464 293 120 66 ne
1524 293 161 66 ulla
1625 293 201 66 unquam
1765 293 221 66 saecula
1906 293 100 66 the

324 349 180 78 sauro
444 349 260 78 caruerint
644 349 280 78 careantque
863 349 200 78 tanto.

388 392 163 83 Haec
490 392 183 83 autem
612 392 245 83 hactenus
795 392 224 83 exposui
958 392 265 83 charitati
1162 392 245 83 uestrae,
1346 392 122 83 de
1407 392 122 83 eo
1468 392 163 83 quid
1570 392 143 83 sit
1651 392 204 83 uerbum
1794 392 163 83 dei,
1876 392 122 83 quae

329 453 160 76 eius
429 453 179 76 origo
548 453 120 76 in
608 453 259 76 ecclesia,
808 453 160 76 quis
907 453 160 76 eius
1007 453 299 76 progressus,
1246 453 160 76 quae
1346 453 239 76 dignitas
1525 453 100 76 &
1565 453 279 76 certitudo.
1785 453 199 76 Verbum
1904 453 100 76 dei

327 514 146 75 est
411 514 251 75 eloquium
599 514 167 75 dei,
703 514 272 75 reuelatio
913 514 272 75 uidelicet
1122 514 293 75 uoluntatis
1352 514 167 75 eius
1456 514 188 75 bonae
1582 514 167 75 erga
1686 514 251 75 homines,
1875 514 167 75 quam

324 558 123 80 ab
386 558 226 80 initio,
550 558 164 80 nunc
653 558 144 80 ore
735 558 164 80 suo,
837 558 164 80 nunc
940 558 144 80 per
1022 558 267 80 colloquia
1227 558 287 80 angelorum,
1453 558 205 80 primis
1597 558 185 80 illis
1699 558 308 80 uetustissimis

331 615 96 78 &
369 615 307 78 sanctissimis
619 615 230 78 patribus
791 615 230 78 aperuit:
964 615 115 78 hi
1022 615 153 78 uero
1117 615 230 78 posteris
1290 615 153 78 suis
1386 615 249 78 fideliter
1578 615 307 78 tradiderunt.
1827 615 211 78 Veniunt

332 671 164 82 hic
425 671 375 82 commemoranda
730 671 235 82 maxima
895 671 211 82 orbis
1035 671 235 82 lumina
1199 671 211 82 Adam,
1340 671 211 82 Seth,
1481 671 352 82 Mathusalem,
1762 671 188 82 Noe,
1856 671 141 82 Sem,

331 724 254 91 Abraham,
521 724 212 91 Isaac,
670 724 212 91 Iacob,
818 724 212 91 Amram,
966 724 106 91 &
1009 724 191 91 huius
1136 724 212 91 filius
1284 724 212 91 Moses,
1432 724 148 91 qui
1517 724 148 91 deo
1602 724 254 91 iubente,
1792 724 106 91 &
1835 724 212 91 histo-

327 793 174 71 riam
436 793 108 71 &
479 793 325 71 traditiones
740 793 282 71 sanctorum
957 793 217 71 patrum
1108 793 239 71 scripto
1282 793 369 71 comprehendit,
1586 793 217 71 quibus
1738 793 195 71 legem
1846 793 152 71 scri-

328 838 176 96 ptam
438 838 110 96 &
482 838 330 96 expositonem
746 838 198 96 legis
879 838 154 96 eum
967 838 264 96 historia
1165 838 154 96 sui
1253 838 264 96 temporis
1451 838 242 96 copiosa
1628 838 110 96 &
1672 838 286 96 luculenta
1870 838 132 96 con-

332 913 227 70 iunxit.
497 913 165 70 Post
601 913 186 70 Mosen
724 913 186 70 dedit
848 913 165 70 deus
951 913 268 70 ecclesiae
1158 913 165 70 suae
1261 913 413 70 praestantissimos
1612 913 248 70 homines,
1777 913 227 70 propheras

328 950 105 87 &
370 950 314 87 sacerdotes,
621 950 147 87 qui
705 950 105 87 &
747 950 167 87 ipsi
851 950 167 87 quae
956 950 293 87 acceperant
1186 950 105 87 a
1228 950 230 87 domino,
1396 950 251 87 posteris
1584 950 105 87 &
1626 950 167 87 uiua
1731 950 167 87 voce
1836 950 105 87 &
1856 950 147 87 scri-

331 1005 167 90 ptis
436 1005 335 90 tradiderunt.
707 1005 167 90 Post
812 1005 146 90 hos
896 1005 272 90 descendit
1105 1005 105 90 e
1147 1005 209 90 coelis
1293 1005 125 90 in
1356 1005 209 90 mundum
1502 1005 167 90 ipse
1607 1005 146 90 dei
1690 1005 293 90 unigenitus
1899 1005 105 90 fi-

334 1059 184 93 lius,
456 1059 102 93 &
497 1059 245 93 impleuit
680 1059 286 93 quaecunque
905 1059 122 93 de
966 1059 163 93 ipso
1068 1059 122 93 in
1129 1059 163 93 lege
1231 1059 102 93 &
1272 1059 265 93 prophetis
1476 1059 286 93 legebantur
1700 1059 245 93 scripta,
1863 1059 143 93 ident

330 1118 310 88 plenissimam
578 1118 186 88 beate
702 1118 227 88 beneque
868 1118 227 88 uiuendi
1033 1118 248 88 rationem
1219 1118 269 88 tradidit:
1426 1118 269 88 apostolos
1633 1118 165 88 sibi
1736 1118 207 88 testes
1860 1118 145 88 adhi-

327 1185 196 76 buit.
458 1185 131 76 Hi
524 1185 175 76 uero
633 1185 218 76 testes
785 1185 218 76 postea
938 1185 196 76 omnia
1069 1185 175 76 quae
1178 1185 305 76 tradiderat
1418 1185 262 76 dominus,
1614 1185 218 76 primum
1767 1185 218 76 quidem
1898 1185 109 76 uo-

328 1242 127 89 ce
391 1242 170 89 uiua
498 1242 361 89 praedicarunt,
795 1242 212 89 deinde
944 1242 127 89 ne
1008 1242 212 89 unquam
1156 1242 149 89 uel
1241 1242 404 89 corrumperentur,
1581 1242 149 89 uel
1666 1242 149 89 est
1751 1242 234 89 memoria
1900 1242 106 89 ho-

335 1291 201 77 minum
469 1291 357 77 auferrentur,
759 1291 246 77 chartis
938 1291 380 77 commendarunt:
1251 1291 134 77 ut
1318 1291 156 77 iam
1407 1291 268 77 habeamus
1608 1291 112 77 &
1653 1291 335 77 praedicatum
1921 1291 134 77 et

334 1354 238 68 scriptum
512 1354 198 68 uerbum
651 1354 139 68 dei
730 1354 99 68 a
770 1354 257 68 patribus,
968 1354 99 68 a
1008 1354 277 68 prophetis,
1226 1354 99 68 &
1265 1354 119 68 ab
1325 1354 277 68 apostolis.
1542 1354 238 68 Profecta
1721 1354 158 68 sunt
1820 1354 158 68 haec
1919 1354 119 68 ab

334 1398 150 88 uno
419 1398 193 88 eodem
548 1398 235 88 spiritu
719 1398 171 88 dei,
826 1398 107 88 &
869 1398 235 88 tendunt
1040 1398 128 88 ad
1104 1398 171 88 unum
1211 1398 214 88 finem,
1361 1398 128 88 ut
1425 1398 235 88 doceant
1596 1398 235 88 homines
1768 1398 214 88 beatae
1896 1398 107 88 be-

332 1457 179 78 neque
452 1457 219 78 uiuere.
611 1457 139 78 His
691 1457 139 78 qui
770 1457 139 78 non
850 1457 199 78 credit
989 1457 279 78 praesertim
1208 1457 259 78 unigenito
1408 1457 139 78 dei
1487 1457 199 78 filio,
1627 1457 139 78 cui
1706 1457 199 78 quaeso
1826 1457 179 78 credet?

334 1509 241 84 Habemus
510 1509 154 84 hic
597 1509 219 84 totius
751 1509 198 84 mundi
883 1509 110 84 &
927 1509 198 84 orbis
1058 1509 263 84 terrarum
1256 1509 198 84 uiros
1387 1509 373 84 sanctissimos,
1673 1509 329 84 innocentissi-

331 1565 154 81 mos,
427 1565 328 81 integerrimos,
697 1565 347 81 laudatissimos,
986 1565 308 81 iustissimos,
1236 1565 347 81 antiquissimos,
1525 1565 366 81 sapientissimos,
1834 1565 212 81 diuinis

332 1623 209 83 simos,
479 1623 251 83 breuiter
667 1623 188 83 modis
793 1623 230 83 omnibus
960 1623 398 83 incomparabiles.
1295 1623 188 83 Nihil
1421 1623 167 83 tale
1525 1623 293 83 ostenderit
1756 1623 188 83 nobis
1860 1623 147 83 totus

333 1678 231 81 mundus,
501 1678 168 81 etsi
606 1678 189 81 totus
731 1678 231 81 millies
899 1678 314 81 congregetur
1151 1678 126 81 in
1213 1678 252 81 synodum.
1402 1678 252 81 Collegit
1591 1678 210 81 beatus
1717 1678 293 81 Constantinus

333 1737 272 84 lmperator
542 1737 125 84 ex
605 1737 167 84 toto
709 1737 251 84 terrarum
898 1737 167 84 orbe
1002 1737 314 84 oecumenicum
1253 1737 293 84 consilium:
1483 1737 125 84 ac
1546 1737 251 84 coierunt
1734 1737 146 84 tum
1797 1737 209 84 praestan

335 1803 223 62 tissimi
497 1803 121 62 ex
557 1803 162 62 toto
659 1803 182 62 mundo
780 1803 202 62 patres
922 1803 162 62 318.
1023 1803 142 62 sed
1104 1803 142 62 hos
1185 1803 344 62 prudentissimi
1468 1803 202 62 quique
1610 1803 142 62 non
1691 1803 243 62 dixerint
1873 1803 142 62 uel
1934 1803 81 62 um

329 1846 168 80 bras
434 1846 168 80 esse
539 1846 252 80 collatos
728 1846 210 80 illis,
875 1846 105 80 a
917 1846 210 80 quibus
1064 1846 273 80 accepimus
1275 1846 210 80 uerbum
1422 1846 168 80 dei.
1527 1846 252 80 Credamus
1716 1846 168 80 ergo
1821 1846 126 80 in
1863 1846 147 80 omni-

332 1902 143 78 bus
413 1902 184 78 uerbo
536 1902 163 78 dei,
638 1902 184 78 nobis
760 1902 143 78 per
842 1902 286 78 scripturas
1067 1902 245 78 tradito.
1250 1902 245 78 Teneamus
1434 1902 143 78 per
1516 1902 286 78 scripturas
1741 1902 184 78 nobis
1863 1902 184 78 loqui

331 1949 216 97 ipsum
475 1949 264 97 dominum
667 1949 192 97 deum
786 1949 216 97 uerum
930 1949 216 97 uiuum
1074 1949 120 97 &
1122 1949 312 97 aeternum.
1362 1949 288 97 Laudemus
1578 1949 216 97 nomen
1721 1949 120 97 &
1745 1949 264 97 bonitatem

330 2023 158 68 eius
429 2023 118 68 in
488 2023 236 68 saecula,
665 2023 138 68 qui
744 2023 236 68 dignatus
921 2023 138 68 est
1000 2023 217 68 miseris
1157 2023 276 68 mortalibus
1374 2023 177 68 nobis
1492 2023 256 68 uniuersam
1689 2023 158 68 bene
1787 2023 256 68 beataeque

340 2087 218 64 uiuendi
499 2087 238 64 rationem
677 2087 238 64 aperire,
855 2087 139 64 tam
935 2087 258 64 fideliter
1133 2087 178 64 plene
1252 2087 119 64 ac
1311 2087 317 64 simpliciter.
1569 2087 159 64 Ipsi
1668 2087 159 64 laus
1767 2087 99 64 &
1807 2087 198 64 gloria
1926 2087 79 64 &c

637 2185 95 69 De
685 2185 143 69 uerbo
780 2185 127 69 dei,
860 2185 159 69 quibus
971 2185 79 69 &
1003 2185 95 69 in
1050 2185 127 69 quem
1130 2185 143 69 finem
1225 2185 223 69 reuelatum,
1400 2185 175 69 quomodo
1527 2185 127 69 item
1591 2185 127 69 audien

638 2261 125 58 dum
710 2261 143 58 sit,
799 2261 89 58 &
834 2261 143 58 quod
924 2261 161 58 omnem
1031 2261 214 58 pietatis
1191 2261 232 58 doctrinam
1370 2261 161 58 plent
1477 2261 196 58 doceat.
1602 2261 107 58 SER-

618 2311 261 66 MO.
730 2311 149 66 II

536 2400 206 78 DICIT
674 2400 275 78 charitas
880 2400 229 78 uestra
1040 2400 252 78 proximo
1224 2400 252 78 sermone
1407 2400 183 78 quid
1522 2400 160 78 sit
1613 2400 229 78 uerbum
1774 2400 183 78 dei,
1865 2400 138 78 unde

550 2473 292 79 profectum,
779 2473 208 79 quibus
925 2473 271 79 reuelatum
1134 2473 313 79 authoribus,
1384 2473 146 79 qui
1467 2473 167 79 eius
1571 2473 313 79 progressus,
1821 2473 167 79 quae
1905 2473 104 79 di-

533 2529 204 77 gnitas
676 2529 102 77 &
716 2529 265 77 certitudo
921 2529 163 77 sit.
1023 2529 184 77 Adsum
1145 2529 143 77 iam
1227 2529 225 77 iterum,
1390 2529 204 77 deoque
1533 2529 245 77 propitio
1717 2529 102 77 &
1758 2529 225 77 uestris
1901 2529 102 77 pre

494 2571 197 92 cibus
626 2571 329 92 iuuantibus,
889 2571 241 92 exponam
1064 2571 285 92 charitati
1283 2571 263 92 uestrae,
1480 2571 219 92 quibus
1634 2571 110 92 &
1677 2571 131 92 in
1743 2571 175 92 quem
1853 2571 197 92 finem

332 2639 286 77 reuelatum
552 2639 154 77 sit
640 2639 220 77 uerbum
794 2639 176 77 dei.
904 2639 242 77 Quomodo
1080 2639 154 77 sit
1168 2639 308 77 audiendum,
1411 2639 176 77 quae
1521 2639 176 77 eius
1631 2639 154 77 sit
1719 2639 242 77 uirtus,
1895 2639 154 77 aut

335 2700 170 77 quis
420 2700 233 77 effectus.

387 2732 175 85 Deus
496 2732 219 85 noster
649 2732 219 85 omnium
803 2732 240 85 hominum
977 2732 306 85 gentiumque
1218 2732 175 85 deus
1327 2732 175 85 est,
1437 2732 153 85 qui
1524 2732 197 85 iuxta
1655 2732 262 85 apostoli
1830 2732 175 85 dictum

341 2794 162 86 uult
442 2794 182 86 omnes
563 2794 223 86 homines
725 2794 202 86 saluos
867 2794 202 86 fieri,
1009 2794 101 86 &
1049 2794 121 86 ad
1110 2794 283 86 agnitionem
1332 2794 263 86 ueritatis
1535 2794 223 86 uenire:
1696 2794 223 86 ideoque
1858 2794 121 86 in
1899 2794 101 86 om-

327 2866 176 69 nium
437 2866 243 69 hominum
614 2866 243 69 gratiam
790 2866 198 69 uitam
922 2866 110 69 &
966 2866 243 69 salutem
1143 2866 221 69 uerbum
1297 2866 176 69 suum
1408 2866 309 69 reuelauit,
1650 2866 132 69 ut
1716 2866 265 69 scilicet
1893 2866 110 69 re-

337 2908 166 95 gula
441 2908 103 95 &
482 2908 145 95 uia
565 2908 228 95 quaedam
731 2908 145 95 sit
813 2908 228 95 ducendi
979 2908 228 95 homines
1144 2908 145 95 per
1227 2908 166 95 uiam
1331 2908 269 95 iustitiae
1538 2908 124 95 in
1600 2908 186 95 uitam
1703 2908 290 95 sempiternam.
