2288 3632
60 246 175 96 num,
169 246 306 96 clementem,
409 246 109 96 &
453 246 371 96 omnipotentem,
759 246 175 96 unde
868 246 218 96 facile
1021 246 153 96 nos
1108 246 262 96 liberare
1304 246 218 96 queat.
1457 246 196 96 Habet
1588 246 131 96 is
1632 246 109 96 ua-

63 333 170 64 rias
169 333 277 64 liberandi
382 333 277 64 rationes.
595 333 234 64 Curemus
766 333 149 64 nos
851 333 192 64 modo,
979 333 128 64 ne
1043 333 320 64 impoenitens
1299 333 107 64 &
1341 333 213 64 turpis
1490 333 128 64 ac
1554 333 192 64 impia
1661 333 85 64 ui

64 395 128 58 ta
128 395 213 58 nostra
276 395 191 58 uires
404 395 191 58 addat
532 395 277 58 tyrannis.
744 395 234 58 Dominus
915 395 213 58 potest
1063 395 277 58 principum
1276 395 213 58 animos
1425 395 191 58 (sunt
1553 395 170 58 enim
1638 395 106 58 re-

77 436 142 80 gum
158 436 183 80 corda
280 436 122 80 in
341 436 224 80 manibus
504 436 224 80 domini,
666 436 203 80 ueluti
809 436 163 80 riui
910 436 203 80 aquae,
1053 436 264 80 quocunque
1256 436 244 80 uoluerit
1439 436 285 80 inclinabit
1642 436 102 80 il-

69 504 144 70 la)
152 504 268 70 derepente
358 504 227 70 mutare,
523 504 124 70 ut
585 504 144 70 qui
668 504 248 70 hactenus
854 504 206 70 contra
998 504 144 70 nos
1081 504 227 70 fuerunt
1246 504 351 70 crudelissimi,
1535 504 186 70 fiant
1638 504 103 70 pro

73 548 191 81 tinus
200 548 233 81 benigni
370 548 106 81 &
412 548 297 81 clementes:
645 548 106 81 &
688 548 148 81 qui
773 548 191 81 ueram
900 548 297 81 religionem
1133 548 276 81 persecuti
1345 548 170 81 sunt
1451 548 254 81 hactenus
1621 548 127 81 tru-

77 624 357 55 culentissime,
371 624 147 55 iam
455 624 210 55 eandem
602 624 336 55 amplectantur
875 624 336 55 ardentissime
1149 624 105 55 &
1191 624 273 55 prouehant
1380 624 357 55 diligentissime.

76 667 214 70 Aperta
225 667 193 70 huius
354 667 150 70 rei
440 667 236 70 exempla
611 667 236 70 habemus
782 667 128 70 in
847 667 257 70 historia
1039 667 193 70 Regum
1168 667 107 70 &
1211 667 214 70 Esdrae
1361 667 193 70 atque
1489 667 257 70 Nehemiae
1660 667 86 70 li

72 717 190 73 bris,
199 717 169 73 item
304 717 127 73 in
368 717 275 73 prophetia
579 717 275 73 Danielis.
791 717 381 73 Nabuchodonosor
1108 717 148 73 qui
1192 717 169 73 igni
1298 717 233 73 fideles
1467 717 106 73 &
1488 717 254 73 constantes

76 785 141 65 dei
156 785 241 65 martyres
337 785 221 65 torrere
498 785 261 65 delereque
699 785 261 65 statuerat
899 785 221 65 propter
1060 785 181 65 ueram
1181 785 301 65 religionem,
1422 785 161 65 idem
1522 785 201 65 laudat
1643 785 100 65 mox

74 830 171 79 deum
180 830 171 79 quod
287 830 256 79 seruatos
480 830 235 79 uideret
650 830 278 79 martyres,
864 830 128 79 ac
928 830 192 79 ipsus
1056 830 171 79 deum
1163 830 107 79 &
1206 830 192 79 ueram
1334 830 299 79 religionem
1548 830 192 79 edictis

74 885 302 82 promulgatis
316 885 262 82 praedicat
517 885 181 82 atque
638 885 262 82 propagat.
839 885 201 82 Darius
980 885 222 82 Assueri
1142 885 201 82 filius
1283 885 181 82 sinit
1404 885 201 82 pronci
1545 885 242 82 Danielem

76 946 124 79 in
138 946 186 79 Iacum
263 946 228 79 leonum:
429 946 145 79 sed
511 946 249 79 protinus
698 946 249 79 extracto
884 946 166 79 hoc,
988 946 186 79 omnes
1112 946 249 79 Danielis
1299 946 207 79 hostes
1444 946 124 79 in
1506 946 207 79 eandem
1630 946 104 79 lec

70 1007 159 63 num
161 1007 227 63 caueam
320 1007 363 63 discerpendos
614 1007 317 63 concludit.
863 1007 204 63 Cyrus
999 1007 159 63 rex
1090 1007 272 63 Persarum
1294 1007 385 63 potentissimus
1588 1007 159 63 iuuat

76 1056 198 69 ueram
208 1056 330 69 religionem:
472 1056 154 69 ita
559 1056 220 69 Darius
713 1056 308 69 Hystaspis,
955 1056 308 69 Artaxerxes
1197 1056 374 69 cognominatus,
1504 1056 198 69 modis
1614 1056 132 69 omni

73 1115 146 76 bus
157 1115 209 76 populi
303 1115 146 76 dei
387 1115 230 76 conatus
554 1115 293 76 religiosos
784 1115 125 76 in
846 1115 272 76 extruenda
1055 1115 167 76 aede
1160 1115 188 76 sacra
1285 1115 104 76 &
1327 1115 167 76 urbe
1432 1115 251 76 adiuuat.
1620 1115 125 76 Ne
1661 1115 84 76 er

80 1179 121 72 go
140 1179 263 72 dubitemus
343 1179 121 72 de
404 1179 142 72 dei
484 1179 243 72 auxilio.
667 1179 162 72 Idem
768 1179 162 72 deus
869 1179 202 72 tollit
1011 1179 142 72 aut
1091 1179 243 72 castigat
1274 1179 263 72 aliquando
1476 1179 243 72 tyrannos
1638 1179 101 72 hor

79 1238 223 55 ribili
235 1238 111 55 &
279 1238 290 55 repentino
502 1238 223 55 aliquo
658 1238 223 55 morbo:
814 1238 178 55 quod
926 1238 290 55 Antiocho,
1148 1238 223 55 Herodi
1304 1238 201 55 magno
1438 1238 111 55 &
1483 1238 223 55 nepoti
1616 1238 134 55 eius

78 1277 216 71 Herodi
230 1277 281 71 Agrippae,
446 1277 260 71 Maxentio
641 1277 173 71 item
749 1277 108 71 &
792 1277 195 71 alijs
922 1277 260 71 hostibus
1117 1277 151 71 dei
1203 1277 303 71 hominumque
1441 1277 260 71 euenisse
1614 1277 130 71 con-

84 1345 185 59 stat.
208 1345 226 59 Excitat
372 1345 267 59 aliquando
577 1345 205 59 heroas
720 1345 123 59 ac
782 1345 185 59 uiros
905 1345 205 59 fortes
1048 1345 144 59 qui
1130 1345 287 59 extinguant
1356 1345 246 59 tyrannos
1540 1345 103 59 &
1561 1345 205 59 liberent

87 1393 147 66 dei
171 1393 252 66 populum.
360 1393 126 66 Id
424 1393 168 66 quod
529 1393 252 66 frequens
718 1393 147 66 est
802 1393 126 66 in
865 1393 210 66 libris
1013 1393 231 66 ludicum
1181 1393 105 66 &
1223 1393 210 66 Regum.
1370 1393 189 66 Porro
1497 1393 126 66 ne
1560 1393 168 66 quis
1644 1393 105 66 ijs

79 1456 252 63 abutatur
268 1456 273 63 exemplis,
478 1456 294 63 obseruanda
709 1456 147 63 est
793 1456 126 63 in
856 1456 147 63 eis
940 1456 231 63 uocatio
1108 1456 231 63 diuina.
1276 1456 147 63 Eam
1360 1456 126 63 si
1423 1456 168 63 quis
1528 1456 147 63 non
1591 1456 168 63 habeat

77 1522 143 50 aut
158 1522 307 50 praeuertat,
404 1522 184 50 plane
527 1522 184 50 nihil
649 1522 245 50 efficiet
833 1522 143 50 suo
915 1522 348 50 tyrannicidio,
1202 1522 143 50 imo
1283 1522 266 50 metuendum
1488 1522 143 50 est
1570 1522 123 50 ne
1611 1522 143 50 malum

91 1556 344 76 conduplicet.
370 1556 172 76 Haec
477 1556 279 76 hactenus,
692 1556 236 76 Redimus
864 1556 150 76 iam
950 1556 129 76 ad
993 1556 279 76 intermissa,

178 1605 247 80 Dicendum
364 1605 144 80 hic
446 1605 165 80 erit
550 1605 124 80 de
611 1605 309 80 Magistratus
859 1605 268 80 electione
1065 1605 103 80 :
1106 1605 268 80 principio
1312 1605 206 80 quorum
1457 1605 144 80 sit
1539 1605 227 80 eligere
1704 1605 103 80 &

85 1673 256 68 ordinare
276 1673 341 68 magistratum:
553 1673 213 68 deinde
702 1673 170 68 quos
809 1673 149 68 uel
894 1673 213 68 quales
1043 1673 234 68 eligere
1213 1673 277 68 conueniat
1426 1673 106 68 :
1469 1673 256 68 postremo
1639 1673 128 68 quae

92 1732 230 66 electos
259 1732 314 66 inaugurandi
511 1732 209 66 ratio.
657 1732 126 66 De
720 1732 126 66 eo
783 1732 188 66 autem
908 1732 209 66 quorum
1055 1732 251 66 intersit
1243 1732 230 66 eligere
1410 1732 335 66 magistratum,
1661 1732 105 66 nul

81 1791 118 59 la
140 1791 196 59 potest
277 1791 274 59 praescribi
493 1791 235 59 lexunica
669 1791 98 59 &
709 1791 196 59 certa.
846 1791 176 59 Alibi
963 1791 157 59 enim
1061 1791 157 59 tota
1159 1791 176 59 plebs
1277 1791 196 59 eligit
1414 1791 274 59 optimates.
1630 1791 176 59 Alibi

82 1843 270 66 optimates
290 1843 249 66 deligunt
477 1843 291 66 optimates.
705 1843 187 66 Alibi
830 1843 187 66 etiam
955 1843 270 66 nascuntur
1162 1843 291 66 principes.
1391 1843 187 66 Neque
1516 1843 145 66 hic
1578 1843 166 66 censec

79 1896 198 74 ullam
211 1896 176 74 esse
321 1896 220 74 turbam
475 1896 352 74 commouendam.
761 1896 264 74 Cuilibet
958 1896 176 74 enim
1068 1896 198 74 regno
1200 1896 110 74 &
1244 1896 176 74 urbi
1354 1896 220 74 merito
1508 1896 286 74 relinqui

80 1947 143 78 tur
161 1947 164 78 suus
264 1947 143 78 mos
345 1947 245 78 patrius,
529 1947 164 78 nisi
632 1947 204 78 omnino
775 1947 368 78 corruptissimus
1081 1947 102 78 &
1122 1947 348 78 intolerabilis
1408 1947 164 78 sit.
1511 1947 143 78 Vbi
1592 1947 164 78 uero
1674 1947 82 78 na

77 2002 230 76 scuntur
245 2002 293 76 principes,
475 2002 230 76 orandus
642 2002 147 76 est
726 2002 209 76 sedulo
873 2002 251 76 dominus,
1061 2002 126 76 ut
1124 2002 147 76 det
1187 2002 209 76 optimos.

169 2069 253 66 Caeterum
358 2069 168 66 quos
464 2069 147 66 uel
548 2069 211 66 quales
695 2069 232 66 eligere
864 2069 295 66 conueniat,
1095 2069 168 66 ipse
1201 2069 232 66 dominus
1369 2069 189 66 hisce
1495 2069 211 66 uerbis
1643 2069 168 66 expo

90 2109 182 77 suit,
211 2109 121 77 Ex
272 2109 162 77 omni
373 2109 202 77 populo
514 2109 243 77 prospice
696 2109 101 77 &
737 2109 283 77 diligenter
959 2109 324 77 considerando
1222 2109 202 77 delige
1364 2109 182 77 uiros
1485 2109 263 77 uirtutis,
1667 2109 101 77 ti-

90 2187 205 56 mentes
233 2187 184 56 deum,
356 2187 184 56 uiros
479 2187 246 56 ueraces,
663 2187 307 56 odientesque
909 2187 287 56 auaritiam,
1134 2187 102 56 &
1175 2187 143 56 hos
1257 2187 143 56 fac
1339 2187 266 56 tribunos,
1544 2187 266 56 centurio

84 2227 177 82 nes,
195 2227 421 82 quinquagenarios
549 2227 111 82 &
593 2227 332 82 decuriones,
859 2227 155 82 qui
948 2227 266 82 iudicent
1147 2227 244 82 populum
1324 2227 177 82 omni
1435 2227 266 82 tempore.
1612 2227 133 82 Qua-

87 2290 158 67 tuor
186 2290 236 67 requirit
363 2290 217 67 dominus
521 2290 99 67 a
560 2290 236 67 senatore
737 2290 177 67 bono.
856 2290 256 67 Principio
1053 2290 138 67 sit
1132 2290 138 67 uir
1210 2290 256 67 uirtutis,
1407 2290 217 67 roboris
1565 2290 138 67 uel
1624 2290 138 67 forti

95 2360 231 52 tudinis,
268 2360 115 52 id
326 2360 135 52 est
403 2360 135 52 qui
479 2360 269 52 facultates
691 2360 192 52 habeat
826 2360 115 52 ad
883 2360 289 52 efficiendum
1114 2360 154 52 hoc,
1210 2360 173 52 cuius
1326 2360 135 52 rei
1403 2360 192 52 gratia
1518 2360 231 52 deligitur.

95 2400 275 68 Facultates
312 2400 177 68 illae
429 2400 118 68 in
488 2400 177 68 animo
606 2400 197 68 potius
744 2400 157 68 quam
842 2400 216 68 corpore
999 2400 177 68 sitae
1117 2400 177 68 sunt,
1235 2400 275 68 Requiritur
1451 2400 157 68 enim
1549 2400 118 68 ne
1608 2400 138 68 sit
1667 2400 79 68 fa

89 2466 180 59 tuus,
209 2466 140 59 sed
289 2466 220 59 sapiens
450 2466 100 59 &
490 2466 180 59 rerum
610 2466 240 59 peritus.
790 2466 180 59 Ducis
910 2466 160 59 enim
1011 2466 220 59 aedilis
1171 2466 100 59 &
1211 2466 220 59 aurigae
1371 2466 240 59 interest
1552 2466 180 59 scire
1652 2466 100 59 quo

87 2506 170 71 modo
193 2506 254 71 instruat
384 2506 212 71 aciem,
532 2506 233 71 quomodo
702 2506 233 71 extruat
871 2506 233 71 publica
1041 2506 297 71 aedificia,
1274 2506 148 71 aut
1359 2506 191 71 regat
1486 2506 233 71 currum.
1635 2506 127 71 Dein

98 2563 119 71 de
158 2563 278 71 requiritur
376 2563 179 71 etiam
495 2563 179 71 animi
615 2563 278 71 fortitudo,
833 2563 119 71 ut
893 2563 159 71 quod
992 2563 179 71 nouit
1111 2563 199 71 ausit.
1250 2563 139 71 Vbi
1330 2563 278 71 constantia
1548 2563 99 71 &
1568 2563 179 71 toleran

90 2625 156 71 tia
179 2625 178 71 opus
290 2625 156 71 est
379 2625 223 71 multa.
535 2625 245 71 Secundo
713 2625 178 71 loco
824 2625 245 71 ponitur
1002 2625 178 71 quod
1114 2625 223 71 reuera
1269 2625 223 71 primum
1425 2625 156 71 est
1514 2625 245 71 omnium,
1670 2625 89 71 Ti

89 2689 157 61 meat
188 2689 177 61 deum,
305 2689 137 61 sit
384 2689 294 61 religiosus,
619 2689 137 61 non
698 2689 373 61 superstitiosus.
1012 2689 196 61 Nullus
1149 2689 275 61 idololatra
1365 2689 196 61 seruat
1483 2689 255 61 rempublicam

89 2736 216 75 perdit
241 2736 216 75 magis:
392 2736 108 75 &
436 2736 195 75 impij
565 2736 151 75 non
652 2736 281 75 propagant
868 2736 281 75 ueritatem
1085 2736 108 75 &
1128 2736 325 75 religionem,
1388 2736 151 75 sed
1453 2736 281 75 persequuntu

100 2788 101 73 &
140 2788 322 73 exterminant.
402 2788 141 73 Sit
482 2788 161 73 ergo
583 2788 201 73 noster
724 2788 161 73 ille
825 2788 141 73 uir
905 2788 302 73 orthodoxus,
1147 2788 181 73 sanae
1268 2788 201 73 fidei,
1409 2788 141 73 qui
1489 2788 201 73 credat
1610 2788 141 73 uerbo

104 2851 163 65 dei,
205 2851 122 65 ac
267 2851 183 65 sciat
389 2851 163 65 deum
491 2851 204 65 semper
633 2851 265 65 hominibus
837 2851 285 65 praesentem
1061 2851 163 65 esse
1162 2851 183 65 atque
1285 2851 163 65 adeo
1386 2851 244 65 cuilibet
1549 2851 204 65 repende-

94 2914 119 76 re
154 2914 139 76 pro
233 2914 238 76 meritis.
412 2914 218 76 Ideoque
570 2914 258 76 lmperator
769 2914 298 76 lustinianus
1007 2914 119 76 in
1066 2914 238 76 Nouellis
1245 2914 238 76 Constit.
1424 2914 159 76 160.
1523 2914 218 76 ingenue
1662 2914 99 76 fa
