2288 3632
482 274 187 78 tetur
607 274 166 78 omne
711 274 166 78 suum
814 274 291 78 praesidium
1043 274 166 78 esse
1146 274 104 78 a
1188 274 166 78 deo,
1292 274 228 78 ideoque
1458 274 270 78 conuenire
1665 274 125 78 ut
1727 274 353 78 legislationes
2018 274 125 78 ex
2059 274 104 78 eo-

474 352 167 63 dem
570 352 311 63 pendeant.
809 352 239 63 Deinde
977 352 335 63 subiungit.
1240 352 215 63 Omnes
1383 352 311 63 nouerunt,
1623 352 191 63 quod
1742 352 167 63 qui
1838 352 191 63 ante
1958 352 167 63 nos
2053 352 144 63 im

489 411 223 66 perium
645 411 290 66 rexerunt,
868 411 111 66 &
912 411 223 66 maxime
1068 411 156 66 Leo
1158 411 178 66 piae
1269 411 268 66 memoriae
1470 411 111 66 &
1514 411 379 66 sacratissimus
1827 411 268 66 princeps
2005 411 156 66 lusti

487 469 144 62 nus
570 469 185 62 pater
693 469 226 62 noster,
858 469 123 62 in
920 469 412 62 Constitutionibus
1269 469 165 62 suis
1372 469 123 62 in
1434 469 267 62 uniuersum
1640 469 226 62 omnibus
1804 469 288 62 haereticis
2010 469 144 62 inter

488 516 262 72 dixerint,
689 516 121 72 ne
749 516 161 72 quam
850 516 161 72 ipsi
951 516 141 72 uel
1031 516 241 72 militiam
1212 516 322 72 capescerent,
1474 516 141 72 uel
1554 516 121 72 in
1615 516 241 72 publicis
1796 516 181 72 curis
1917 516 181 72 ullam
2017 516 141 72 commu

481 571 215 66 nionem
631 571 279 66 haberent,
846 571 150 66 quo
932 571 193 66 minus
1060 571 279 66 occasione
1275 571 150 66 tum
1361 571 279 66 militiae,
1576 571 150 66 tum
1662 571 322 66 tractatione
1898 571 258 66 publicorum

483 631 283 65 negotiorum
705 631 222 65 sanctae
867 631 283 65 catholicae
1089 631 101 65 &
1130 631 303 65 apostolicae
1372 631 142 65 dei
1453 631 263 65 ecclesiae
1656 631 202 65 partes
1797 631 283 65 uiderentur
1999 631 162 65 corrum

482 696 182 60 pere.
603 696 121 60 Et
664 696 141 60 nos
744 696 202 60 quoque
886 696 141 60 hoc
966 696 182 60 ipsum
1088 696 242 60 fecimus.
1269 696 162 60 Haec
1370 696 162 60 lmp.
1471 696 162 60 Aug.
1572 696 182 60 Certe
1694 696 141 60 qui
1774 696 162 60 pius
1875 696 162 60 est,
1976 696 162 60 deum
2057 696 101 60 in-

481 745 227 68 uocatac
647 745 289 68 sapientiam
874 745 227 68 accipit
1040 745 103 68 a
1081 745 227 68 domino.
1246 745 124 68 Et
1308 745 124 68 si
1370 745 186 68 amici
1494 745 145 68 dei
1577 745 165 68 sint
1680 745 269 68 principes
1887 745 103 68 &
1908 745 248 68 frequenter

488 799 331 70 colloquantur
757 799 145 70 cum
840 799 166 70 deo,
943 799 166 70 spes
1047 799 145 70 est
1130 799 228 70 felices
1295 799 166 70 fore
1399 799 228 70 respub.
1564 799 124 70 Ex
1626 799 228 70 aduerso
1792 799 248 70 metuenda
1957 799 207 70 infelici

487 860 135 65 tas
564 860 116 65 si
622 860 232 65 praesint
796 860 193 65 hostes
931 860 155 65 dei.
1028 860 193 65 Tertio
1163 860 270 65 requiritur
1375 860 97 65 a
1414 860 251 65 deligendo
1607 860 328 65 accensendoque
1878 860 309 65 magistratui,

489 910 118 71 ut
548 910 138 71 sit
627 910 196 71 uerax,
764 910 118 71 ne
823 910 138 71 sit
902 910 275 71 hypocrita,
1118 910 216 71 mendax,
1275 910 216 71 fallax,
1432 910 314 71 uersipellis,
1688 910 236 71 subdolus
1864 910 138 71 aut
1943 910 138 71 qui
2021 910 118 71 ex
2061 910 98 71 eo-

488 964 139 76 dem
568 964 139 76 ore
647 964 238 76 frigidum
826 964 99 76 &
865 964 218 76 calidum
1024 964 218 76 effset:
1183 964 139 76 sed
1263 964 218 76 fidelis
1421 964 159 76 sit,
1521 964 278 76 expositus,
1739 964 218 76 simplex
1898 964 99 76 &
1938 964 258 76 candidus,

485 1019 120 66 Ne
545 1019 139 66 sit
625 1019 120 66 in
684 1019 299 66 promittendo
923 1019 279 66 liberalior
1143 1019 159 66 quam
1242 1019 120 66 in
1302 1019 299 66 praestando.
1541 1019 120 66 Ne
1601 1019 139 66 sit
1681 1019 319 66 irreligiosus
1940 1019 159 66 erga
2020 1019 139 66 iura-

477 1077 241 56 mentum,
652 1077 131 56 ne
718 1077 153 56 sit
805 1077 262 56 perfidus
1002 1077 109 56 &
1046 1077 284 56 periurus.
1264 1077 219 56 Quarto
1417 1077 241 56 quoniam
1592 1077 197 56 multi
1724 1077 131 56 in
1789 1077 328 56 magistratus
2030 1077 131 56 fun-

482 1132 219 64 ctione
636 1132 263 64 quaerunt
833 1132 175 64 opes
942 1132 110 64 &
986 1132 153 64 rei
1074 1132 307 64 familiaris
1315 1132 351 64 incrementum,
1600 1132 241 64 remouet
1775 1132 197 64 tales
1907 1132 241 64 dominus
2082 1132 110 64 &

483 1196 271 57 auaritiam
692 1196 250 57 prohibet
879 1196 188 57 bonis
1005 1196 375 57 magistratibus:
1318 1196 146 57 imo
1401 1196 209 57 poscit
1547 1196 125 57 ut
1610 1196 271 57 auaritiam
1818 1196 250 57 oderint.
1985 1196 167 57 Sicuti

486 1241 192 78 alibi
614 1241 150 78 non
699 1241 214 78 tantum
849 1241 257 78 prohibet
1041 1241 257 78 accipere
1234 1241 214 78 munus,
1383 1241 150 78 sed
1469 1241 192 78 iubet
1597 1241 278 78 praeterea
1811 1241 107 78 a
1854 1241 278 78 muneribus
2046 1241 107 78 ex-

476 1302 223 61 cutere
632 1302 223 61 manus.
788 1302 268 61 Auaritia
989 1302 112 61 &
1034 1302 246 61 munerum
1213 1302 290 61 cupiditas
1436 1302 156 61 est
1526 1302 290 61 ipsissima
1749 1302 223 61 pestis
1905 1302 179 61 boni
1995 1302 156 61 magi-

488 1358 257 60 stratus.
681 1358 215 60 Auaris
831 1358 107 60 &
874 1358 236 60 munerum
1045 1358 236 60 cupidis
1217 1358 236 60 uenalia
1389 1358 172 60 sunt
1496 1358 193 60 iura,
1625 1358 322 60 sententiae,
1882 1358 279 60 libertas,
2075 1358 86 60 iu

486 1412 188 64 stitia
618 1412 206 64 adeoque
768 1412 188 64 patria
899 1412 169 64 ipsa.
1011 1412 113 64 Ac
1068 1412 244 64 nominauit
1255 1412 188 64 quidem
1386 1412 113 64 in
1443 1412 244 64 praesenti
1630 1412 375 64 pestilentissimum
1949 1412 206 64 scelus,
2080 1412 75 64 in

481 1470 175 74 terea
597 1470 156 74 uero
695 1470 175 74 nihil
812 1470 195 74 dubium
948 1470 156 74 est,
1046 1470 156 74 quin
1143 1470 175 74 uitia
1260 1470 97 74 &
1299 1470 214 74 scelera
1455 1470 156 74 alia
1552 1470 195 74 quoque
1688 1470 156 74 eius
1786 1470 214 74 generis
1922 1470 234 74 proscribat

489 1526 125 66 ac
552 1526 104 66 a
593 1526 166 66 bono
697 1526 291 66 magistratu
926 1526 208 66 iubeat
1072 1526 166 66 esse
1176 1526 229 66 aliena.
1342 1526 125 66 Ea
1405 1526 166 66 sunt
1509 1526 166 66 haud
1613 1526 208 66 dubie,
1759 1526 271 66 Superbia,
1946 1526 208 66 Inuidia,

487 1579 153 75 lra,
583 1579 172 75 Alea,
697 1579 230 75 Crapula,
870 1579 249 75 Ebrietas,
1061 1579 268 75 Scortatio,
1272 1579 287 75 Adulterium,
1501 1579 96 75 &
1540 1579 115 75 si
1597 1579 153 75 quid
1693 1579 172 75 aliud
1807 1579 134 75 est
1884 1579 172 75 huius
1999 1579 191 75 notae.

580 1633 163 69 Hunc
682 1633 184 69 locum
804 1633 286 69 illustrant
1029 1633 163 69 alij
1131 1633 122 69 ex
1192 1633 163 69 lege
1294 1633 143 69 dei
1376 1633 163 69 huic
1478 1633 245 69 collati.
1661 1633 122 69 In
1722 1633 327 69 Deuteronomio
1988 1633 143 69 ait
2049 1633 102 69 Mo-

484 1691 144 61 ses
567 1691 124 61 ad
629 1691 247 61 populum,
814 1691 165 61 Date
917 1691 124 61 ex
979 1691 185 61 uobis
1102 1691 185 61 uiros
1226 1691 268 61 sapientes
1432 1691 103 61 &
1473 1691 371 61 intelligentes,
1782 1691 103 61 &
1823 1691 268 61 spectatae
2009 1691 144 61 probi

485 1750 185 75 tatis
609 1750 247 75 secundum
794 1750 206 75 tribus
938 1750 247 75 uestras.
1123 1750 165 75 Tria
1226 1750 206 75 iterum
1370 1750 144 75 his
1452 1750 206 75 uerbis
1596 1750 247 75 requirit
1782 1750 123 75 ab
1843 1750 288 75 ordinandis
2049 1750 103 75 Mo-

489 1803 139 59 ses
569 1803 377 59 sapientissimus.
886 1803 179 59 Primo
1005 1803 258 59 sapientes
1204 1803 159 59 sint
1303 1803 159 59 aid.
1402 1803 238 59 Caeterum
1581 1803 218 59 initium
1740 1803 278 59 sapientiae
1958 1803 139 59 est
2018 1803 139 59 timor

484 1862 217 70 domini.
642 1862 158 70 Sint
740 1862 158 70 ergo
839 1862 256 70 ordinandi
1036 1862 177 70 amici
1154 1862 138 70 dei
1233 1862 98 70 &
1272 1862 177 70 uerae
1390 1862 295 70 religionis,
1626 1862 138 70 qui
1705 1862 158 70 item
1804 1862 236 70 sapiiant
1981 1862 138 70 non
2040 1862 118 70 siut

490 1914 205 75 fatui.
633 1914 225 75 Secundo
797 1914 164 75 sint
899 1914 369 75 intelligentes,
1206 1914 266 75 prudentes
1411 1914 246 75 nimirum,
1595 1914 143 75 qui
1677 1914 287 75 exercitati
1902 1914 184 75 longo
2005 1914 143 75 rerum

488 1968 159 62 usu,
588 1968 159 62 usum
687 1968 179 62 rerum
806 1968 159 62 sibi
906 1968 298 62 parauerint,
1144 1968 119 62 ac
1204 1968 219 62 possint
1363 1968 139 62 res
1442 1968 278 62 praesentes
1661 1968 258 62 applicare
1860 1968 258 62 llegibus.
2039 1968 119 62 Prae

480 2032 183 63 terea
602 2032 163 63 sint
703 2032 264 63 spectatae
906 2032 284 63 probitatis
1130 2032 183 63 uiri,
1252 2032 203 63 quorum
1394 2032 163 63 uita
1496 2032 102 63 &
1536 2032 284 63 integritas
1760 2032 183 63 morum
1882 2032 122 63 ex
1922 2032 224 63 anteactis

486 2080 132 79 iam
562 2080 151 79 olim
656 2080 132 79 sit
731 2080 170 79 nobis
845 2080 245 79 perspecta
1033 2080 170 79 atque
1147 2080 283 79 testificata
1373 2080 94 79 :
1411 2080 208 79 denique
1562 2080 132 79 qui
1637 2080 151 79 sint
1732 2080 226 79 praediti
1883 2080 264 79 authoritate,

478 2139 157 56 non
567 2139 359 56 contemnantur
859 2139 157 56 ceu
948 2139 202 56 leues
1083 2139 112 56 &
1128 2139 202 56 uiles
1240 2139 269 56 nebulones.

559 2187 135 81 In
626 2187 202 81 libro
761 2187 292 81 Numerorum
986 2187 225 81 iterum
1143 2187 202 81 dicit
1278 2187 225 81 Moses,
1435 2187 225 81 Vtinam
1593 2187 180 81 deus
1705 2187 292 81 spirituum
1908 2187 247 81 uniuersae

478 2252 206 62 carnis
623 2252 289 62 constituat
850 2252 186 62 uirum
973 2252 186 62 super
1097 2252 289 62 synagogam,
1324 2252 144 62 qui
1407 2252 309 62 ingrediatur
1654 2252 103 62 &
1695 2252 289 62 egrediatur
1922 2252 165 62 ante
2025 2252 165 62 eos,

487 2303 100 63 &
527 2303 141 63 qui
607 2303 281 63 introducat
828 2303 100 63 &
868 2303 201 63 educat
1009 2303 161 63 eos.
1109 2303 120 63 ne
1169 2303 141 63 sit
1250 2303 201 63 coetus
1390 2303 201 63 domini
1531 2303 201 63 ueluti
1671 2303 161 63 oues
1772 2303 201 63 absque
1912 2303 241 63 pastore.
2073 2303 80 63 Di

479 2364 211 64 scimus
627 2364 127 64 ex
690 2364 148 64 his
774 2364 190 64 etiam
901 2364 211 64 uerbis
1049 2364 211 64 diuini
1196 2364 295 64 prophetae,
1429 2364 148 64 qui
1513 2364 106 64 &
1555 2364 232 64 quomodo
1724 2364 127 64 in
1787 2364 317 64 magistratum
2019 2364 127 64 eli-

474 2417 191 65 gendi
601 2417 191 65 sint.
728 2417 212 65 Orauit
877 2417 191 65 Moses
1004 2417 127 65 ad
1068 2417 233 65 dominum
1238 2417 149 65 pro
1323 2417 212 65 idoneo
1471 2417 191 65 uiro:
1598 2417 233 65 orandus
1768 2417 170 65 erit
1874 2417 212 65 itaque
2023 2417 106 65 &
2044 2417 106 65 no-

483 2473 148 60 bis
567 2473 169 60 deus
673 2473 233 60 cordium
842 2473 296 60 scrutator,
1075 2473 127 60 ut
1139 2473 148 60 det
1223 2473 190 60 uiros
1350 2473 233 60 omnibus
1519 2473 233 60 numeris
1689 2473 296 60 absolutos.
1921 2473 190 60 Saepe
2027 2473 127 60 qui-

478 2530 146 68 dem
562 2530 209 68 fallit
708 2530 146 68 nos
791 2530 229 68 species
958 2530 250 68 externa,
1146 2530 334 68 iudicamusque
1417 2530 188 68 uirum
1542 2530 188 68 bonum
1667 2530 104 68 &
1709 2530 167 68 pium
1813 2530 188 68 esse,
1938 2530 146 68 qui
2001 2530 146 68 insi-

475 2583 163 78 gnis
577 2583 143 78 est
658 2583 286 78 hypocrita.
883 2583 163 78 Deus
985 2583 184 78 solus
1108 2583 184 78 nouit
1230 2583 225 78 mentes,
1393 2583 143 78 hic
1475 2583 163 78 ergo
1577 2583 225 78 orandus
1741 2583 143 78 est
1822 2583 123 78 ne
1884 2583 184 78 sinat
2006 2583 143 78 nos
2067 2583 82 78 in

477 2641 222 72 delectu
639 2641 243 72 aberrare
821 2641 101 72 &
861 2641 283 72 impingere.
1083 2641 222 72 Optimus
1245 2641 222 72 fuerit,
1407 2641 142 72 qui
1488 2641 283 72 instructus
1710 2641 162 72 erit
1811 2641 222 72 spiritu
1973 2641 142 72 dei
2034 2641 121 72 san-

478 2697 176 58 cto.
588 2697 286 58 Praeterea
808 2697 198 58 decet
941 2697 176 58 hunc
1051 2697 176 58 esse
1161 2697 220 58 primum
1315 2697 110 58 &
1359 2697 242 58 ultimum
1535 2697 132 58 in
1601 2697 198 58 rebus
1733 2697 264 58 gerendis
1932 2697 110 58 &
1954 2697 198 58 exequen

472 2758 147 72 dis.
564 2758 202 72 Inertes
711 2758 166 72 agunt
821 2758 184 72 alios,
950 2758 147 72 ipsi
1042 2758 147 72 sibi
1134 2758 184 72 cauent
1263 2758 147 72 post
1355 2758 258 72 principia.
1557 2758 184 72 Iniqui
1686 2758 294 72 praescribunt
1925 2758 184 72 alijs,
2036 2758 110 72 ipsi

466 2809 235 82 nunquam
637 2809 257 82 quicquam
829 2809 235 82 faciunt
1001 2809 193 82 aequi
1129 2809 107 82 &
1172 2809 193 82 boni.
1300 2809 214 82 Pastor
1450 2809 150 82 sit
1535 2809 235 82 oportet
1707 2809 150 82 uir
1792 2809 257 82 delectus
1985 2809 128 82 in
2028 2809 128 82 magi

480 2863 231 81 stratum,
653 2863 135 81 qui
730 2863 154 81 dies
826 2863 173 81 atque
941 2863 192 81 noctes
1076 2863 173 81 curet
1191 2863 115 81 ne
1249 2863 269 81 dissipetur
1461 2863 135 81 aut
1538 2863 308 81 periclitetur
1788 2863 250 81 pereatque
1980 2863 154 81 grex
2057 2863 96 81 do-

478 2923 182 88 mini.
599 2923 182 88 Tales
721 2923 182 88 autem
842 2923 162 88 sint
943 2923 142 88 qui
1024 2923 202 88 populo
1166 2923 202 88 domini
1307 2923 324 88 praeficiendi
1570 2923 182 88 sunt,
