2288 3632
76 270 160 93 ergo
176 270 160 93 isti
276 270 120 93 ex
336 270 240 93 corrupta
516 270 180 93 animi
636 270 260 93 libidine,
836 270 120 93 ac
896 270 280 93 increpiti,
1115 270 200 93 dicent
1255 270 120 93 se
1315 270 320 93 pronunciasse
1575 270 120 93 ex
1615 270 140 93 natu-

85 346 150 65 rali
179 346 263 65 aequitate.
386 346 263 65 Adiincient
592 346 113 65 se
648 346 131 65 non
724 346 188 65 aliter
855 346 169 65 posse
968 346 244 65 iudicare,
1155 346 169 65 neque
1268 346 188 65 aliter
1399 346 225 65 negotium
1568 346 169 65 posse
1662 346 94 65 in-

92 402 287 63 telligere.
317 402 123 63 Id
378 402 184 63 ipsis
501 402 205 63 uideri
644 402 225 63 optimum
808 402 164 63 quod
911 402 328 63 decreuerunt:
1177 402 143 63 nec
1259 402 143 63 hic
1341 402 246 63 quicquam
1525 402 184 63 actum
1627 402 123 63 con-

82 461 148 73 tra
167 461 360 73 conscientiam.
463 461 127 73 Te
527 461 191 73 autem
654 461 127 73 in
718 461 148 73 ius
802 461 254 73 uocabunt
993 461 148 73 qui
1078 461 191 73 ausus
1205 461 212 73 fueris
1353 461 233 73 ipsorum
1502 461 254 73 uituperare

88 508 312 70 sententiam.
338 508 145 70 Ita
421 508 166 70 uero
525 508 229 70 peribit
691 508 229 70 iustus,
857 508 104 70 &
899 508 333 70 dominabuntur
1169 508 333 70 barbarissimi
1439 508 270 70 affectus,
1647 508 104 70 &
1668 508 83 70 ho

82 568 190 71 mines
209 568 381 71 scelestissimi.
526 568 127 71 Et
590 568 127 71 ut
653 568 212 71 maxime
801 568 233 71 donemus
970 568 190 71 omnes
1097 568 127 71 in
1161 568 296 71 magistratu
1393 568 317 71 constitutos
1626 568 127 71 esse

87 625 185 74 uiros
210 625 205 74 bonos,
353 625 267 74 excitabit
558 625 185 74 tamen
681 625 185 74 inter
804 625 185 74 ipsos
927 625 328 74 sententiarum
1194 625 287 74 diuersitas
1419 625 205 74 iurgia
1563 625 103 74 &
1583 625 164 74 turbas

77 680 283 60 perpetuas.
299 680 223 60 Proinde
461 680 243 60 expensis
643 680 243 60 omnibus,
825 680 182 60 longe
947 680 344 60 praestabilius
1230 680 142 60 est
1311 680 243 60 scriptis
1493 680 142 60 uti
1554 680 202 60 legibus.

89 736 149 68 Hoc
174 736 191 68 ipsum
301 736 213 68 doceat
450 736 149 68 nos
535 736 255 68 exemplum
727 736 149 68 dei
812 736 213 68 nostri
961 736 234 68 aeterni
1131 736 277 68 sapientis
1344 736 213 68 optimi
1493 736 234 68 maximi,
1642 736 106 68 dan

88 784 132 61 tis
163 784 188 61 populo
295 784 151 61 illi
389 784 132 61 suo
465 784 245 61 peculiari
653 784 169 61 leges
766 784 245 61 scriptas.
954 784 132 61 Sat
1030 784 282 61 relinquitur
1255 784 169 61 alias
1368 784 207 61 negotij
1500 784 245 61 magistrati-

85 843 155 79 bus,
182 843 252 79 iudicandi
375 843 252 79 scilicet,
569 843 116 79 id
627 843 136 79 est
705 843 271 79 applicandi
918 843 329 79 conferendique
1189 843 194 79 causas
1325 843 233 79 legibus,
1499 843 233 79 quatenus
1654 843 97 79 con

87 903 221 68 ueniant
248 903 141 68 aut
328 903 301 68 discrepent,
569 903 141 68 qui
650 903 241 68 peccarit
831 903 201 68 contra
971 903 201 68 leges,
1112 903 141 68 qui
1192 903 201 68 minus.
1333 903 181 68 Porro
1454 903 121 68 in
1514 903 161 68 lege
1594 903 161 68 Mosai-

84 956 136 68 ca,
161 956 253 68 iudiciali
356 956 117 68 in
414 956 214 68 primis,
569 956 155 68 sunt
667 956 175 68 multa
783 956 175 68 genti
900 956 233 68 ludaicae
1075 956 214 68 propria
1230 956 350 68 peculiariaque,
1522 956 136 68 pro
1580 956 175 68 ratione

76 1012 166 77 loci
180 1012 290 77 personarum
408 1012 104 77 &
449 1012 249 77 temporis
636 1012 145 77 sic
719 1012 311 77 constituta:
967 1012 124 77 ut
1030 1012 124 77 si
1092 1012 124 77 ea
1154 1012 249 77 pergamus
1341 1012 228 77 omnibus
1506 1012 187 77 alijs
1610 1012 145 77 impo.

83 1079 175 72 nere
193 1079 109 72 &
236 1079 219 72 aptare
390 1079 285 72 gentibus,
609 1079 153 72 cum
696 1079 241 72 ratione
871 1079 263 72 insanire
1068 1079 285 72 uideamur.
1287 1079 241 72 Quorsum
1462 1079 175 72 uero
1550 1079 197 72 attinet

79 1124 151 63 iam
166 1124 173 63 olim
274 1124 302 63 eliminatas
511 1124 302 63 ethnicorum
748 1124 324 63 immunditias
1007 1124 324 63 posiliminio
1266 1124 259 63 reducere
1460 1124 129 63 in
1525 1124 194 63 forum
1633 1124 108 63 po-

81 1184 159 76 puli
180 1184 159 76 deic
280 1184 238 76 Apostoli
459 1184 199 76 itaque
598 1184 199 76 domini
737 1184 199 76 nostri
876 1184 159 76 Iesu
975 1184 238 76 Christi,
1154 1184 219 76 neminem
1313 1184 338 76 obstrinxerunt
1591 1184 139 76 aut
1651 1184 99 76 gra

81 1237 216 71 uarunt
232 1237 237 71 legibus
405 1237 280 71 Mosaicis,
620 1237 194 71 neque
750 1237 194 71 bonas
879 1237 302 71 ethnicorum
1116 1237 194 71 leges
1245 1237 302 71 damnarunt,
1482 1237 194 71 neque
1590 1237 151 71 malas

87 1296 251 74 cuiquam
269 1296 433 74 commendauerunt,
634 1296 159 74 sed
725 1296 205 74 leges
862 1296 319 74 ipsarumque
1112 1296 182 74 usum
1226 1296 159 74 uel
1317 1296 273 74 delectum
1499 1296 251 74 permisere

88 1345 226 84 sanctis
253 1345 246 84 liberum.
437 1345 226 84 Interim
602 1345 369 84 diligentissime
909 1345 308 84 inculcarunt
1156 1345 226 84 omnibus
1320 1345 226 84 timorem
1484 1345 164 84 dei,
1587 1345 205 84 fidem,

85 1406 312 77 charitatem,
335 1406 270 77 iustitiam
542 1406 104 77 &
584 1406 353 77 temperantiam,
875 1406 166 77 quod
979 1406 208 77 imbuta
1124 1406 145 77 his
1208 1406 291 77 uirtutibus
1436 1406 249 77 pectora,
1603 1406 145 77 nullo

81 1465 228 58 negotio
247 1465 145 58 uel
330 1465 165 58 ipsi
433 1465 186 58 bonas
557 1465 186 58 leges
681 1465 248 58 condunt,
867 1465 145 58 uel
950 1465 124 58 ex
1012 1465 228 58 aliorum
1178 1465 228 58 legibus
1343 1465 228 58 optimas
1508 1465 269 58 deligunt,

81 1513 184 84 Nihil
203 1513 163 84 enim
305 1513 204 84 refert
448 1513 163 84 siue
550 1513 122 84 ex
611 1513 245 84 ludaicis
795 1513 224 84 legibus
958 1513 204 84 Mosis,
1101 1513 163 84 siue
1203 1513 122 84 ex
1264 1513 286 84 Ethnicorum
1489 1513 224 84 legibus
1632 1513 122 84 pro-

81 1573 191 81 batis,
215 1573 153 81 sibi
310 1573 286 81 magistratus
539 1573 191 81 leges,
673 1573 210 81 quantum
826 1573 172 81 satis
940 1573 153 81 est,
1036 1573 248 81 colligat,
1226 1573 134 81 uel
1303 1573 210 81 ueteres
1456 1573 172 81 illas
1570 1573 95 81 &
1589 1573 153 81 hacte-

89 1628 136 79 nus
166 1628 271 79 usurpatas,
379 1628 252 79 resecatis
573 1628 213 79 impijs,
728 1628 213 79 iniquis
883 1628 97 79 &
922 1628 232 79 turpibus
1096 1628 252 79 duntaxat,
1290 1628 116 79 si
1348 1628 155 79 quae
1444 1628 116 79 in
1503 1628 174 79 ipsis
1599 1628 136 79 inue-

72 1689 254 69 niantur,
262 1689 275 69 retineat.
474 1689 212 69 Censeo
622 1689 169 69 enim
728 1689 360 69 magistratibus
1024 1689 212 69 aequis
1173 1689 296 69 diligenter
1405 1689 254 69 cauendam
1575 1689 169 69 curio-

86 1735 229 72 sitatem
253 1735 104 72 &
294 1735 271 72 nouitatis
503 1735 250 72 studium,
690 1735 167 72 Raro
794 1735 167 72 sine
898 1735 229 72 motibus
1065 1735 104 72 &
1106 1735 208 72 turbis
1252 1735 333 72 consiguntur,
1523 1735 167 72 quod
1606 1735 125 72 Pro-

80 1805 201 79 uerbio
221 1805 161 79 dici
321 1805 281 79 consueuit,
542 1805 241 79 cornicum
723 1805 201 79 oculi:
863 1805 100 79 &
903 1805 161 79 quae
1004 1805 281 79 ordinantur
1225 1805 100 79 a
1265 1805 301 79 curiosulis,
1506 1805 161 79 fere
1586 1805 161 79 aboli-

81 1843 135 88 tis
158 1843 154 88 sunt
235 1843 231 88 deteriora.

175 1878 190 84 Porro
301 1878 190 84 leges
428 1878 190 84 omnes
554 1878 148 84 uel
639 1878 126 84 de
702 1878 274 84 religione
913 1878 105 84 &
955 1878 190 84 cultu
1081 1878 148 84 dei
1166 1878 232 84 externo
1334 1878 337 84 praecipiunt,
1608 1878 148 84 uel
1672 1878 84 84 de

77 1961 222 74 externa
239 1961 182 74 uitae
360 1961 344 74 conuersatione
643 1961 324 74 ciuilibusque
906 1961 243 74 moribus.
1088 1961 121 74 De
1148 1961 283 74 religionis
1371 1961 222 74 legibus
1533 1961 202 74 dictum
1654 1961 101 74 est

85 2017 253 80 superius.
279 2017 117 80 De
337 2017 253 80 ciuilibus
532 2017 136 80 uel
610 2017 253 80 politicis
804 2017 214 80 legibus
960 2017 156 80 haec
1057 2017 233 80 addimus,
1232 2017 214 80 optimas
1388 2017 195 80 uideri
1524 2017 175 80 illas
1621 2017 117 80 quae

80 2080 144 67 pro
163 2080 186 67 cuius
287 2080 186 67 libet
410 2080 186 67 loci,
534 2080 309 67 personarum,
781 2080 206 67 rerum,
926 2080 309 67 temporisque
1173 2080 247 67 ratione,
1358 2080 165 67 quam
1461 2080 227 67 proxime
1606 2080 144 67 acce-

76 2140 170 64 dunt
182 2140 128 64 ad
246 2140 255 64 Decalogi
437 2140 277 64 praecepta
650 2140 106 64 &
693 2140 298 64 charitatis
927 2140 255 64 regulam,
1118 2140 149 64 nec
1203 2140 213 64 habent
1352 2140 255 64 quicquam
1544 2140 234 64 iniqui

81 2190 172 67 tatis
195 2190 134 67 uel
272 2190 248 67 licentiae
463 2190 95 67 &
501 2190 325 67 turpitudinis.
768 2190 153 67 Sint
864 2190 248 67 praeterea
1055 2190 191 67 breues
1188 2190 344 67 succinctaeque,
1475 2190 134 67 non
1551 2190 115 67 in
1589 2190 153 67 immen-

74 2245 143 69 sum
155 2245 244 69 extensae
338 2245 143 69 aut
420 2245 204 69 multis
563 2245 285 69 implicitae
787 2245 367 69 expositonibus:
1092 2245 163 69 sint
1194 2245 244 69 directae
1377 2245 122 69 ad
1438 2245 204 69 iustum
1561 2245 183 69 scopum,

72 2299 130 70 ad
137 2299 151 70 rem
224 2299 303 70 facientes,
462 2299 151 70 non
548 2299 346 70 superuacuae.
829 2299 216 70 Tribus
981 2299 195 70 autem
1111 2299 411 70 comprehenduntur
1457 2299 173 70 fere
1543 2299 195 70 capiti-

68 2355 134 68 bus
144 2355 172 68 leges
259 2355 267 68 politicae,
469 2355 267 68 honestate,
679 2355 229 68 iustitia
851 2355 95 68 &
889 2355 172 68 pace.
1003 2355 210 68 Proinde
1156 2355 134 68 huc
1233 2355 229 68 spectent
1404 2355 191 68 leges,
1538 2355 115 68 ut
1595 2355 115 68 in
1634 2355 95 68 re-

84 2425 224 60 publica
247 2425 265 60 plantetur
451 2425 143 60 uel
532 2425 285 60 retineatur
756 2425 285 60 disciplina
980 2425 102 60 &
1021 2425 245 60 honestas
1205 2425 102 60 :
1245 2425 183 60 nempe
1368 2425 122 60 ne
1429 2425 163 60 quid
1531 2425 163 60 fiat
1612 2425 143 60 inde-

74 2480 181 61 core,
195 2480 282 61 libidinose
416 2480 121 61 ac
477 2480 262 61 turpiter.
678 2480 222 61 Legibus
839 2480 322 61 proscribatur
1101 2480 181 61 omnis
1222 2480 322 61 obscoenitas,
1464 2480 262 61 petulantia.

69 2524 226 71 leuitas,
239 2524 188 71 libido
370 2524 94 71 &
408 2524 226 71 luxuria,
578 2524 113 71 in
634 2524 245 71 uestibus,
822 2524 282 71 aedificijs,
1048 2524 226 71 poculis,
1218 2524 188 71 cibis.
1350 2524 188 71 Sancte
1481 2524 207 71 colatur
1613 2524 132 71 coniu

64 2596 188 60 gium.
190 2596 230 60 Exulent
357 2596 251 60 fornices
545 2596 146 60 cum
629 2596 335 60 scortatione.
901 2596 230 60 Exulent
1068 2596 293 60 adulteria,
1298 2596 230 60 stupra,
1465 2596 209 60 raptus
1591 2596 146 60 atque

66 2633 281 77 incestus.
283 2633 324 77 Exhibeantur
542 2633 260 77 conuiuia
737 2633 281 77 moderata.
953 2633 238 77 Colatur
1126 2633 324 77 frugalitas,
1386 2633 260 77 uectigal
1559 2633 173 77 omnium

72 2699 265 66 maximum.
271 2699 265 66 Breuiter
470 2699 265 66 quicquid
669 2699 155 66 cum
757 2699 221 66 honore
912 2699 111 66 &
956 2699 221 66 decore
1111 2699 243 66 pugnat,
1288 2699 243 66 legibus
1443 2699 287 66 explodatur.

70 2742 259 74 Muniatur
265 2742 238 74 legibus
438 2742 281 74 iustitia.
654 2742 259 74 Caueatur
848 2742 130 74 ne
913 2742 173 74 quis
1021 2742 151 74 uel
1107 2742 324 74 indigenarum
1366 2742 151 74 uel
1453 2742 346 74 peregrinorum

80 2801 250 84 laedatur,
272 2801 116 84 in
330 2801 173 84 fama,
446 2801 116 84 in
503 2801 250 84 fortunis,
696 2801 116 84 in
754 2801 212 84 corpore
908 2801 135 84 uel
985 2801 173 84 uita.
1100 2801 212 84 Laedens
1254 2801 173 84 alium
1370 2801 250 84 uiolenter
1562 2801 135 84 uel
1620 2801 135 84 insi-

77 2861 178 70 diose
196 2861 237 70 puniatur
373 2861 237 70 secundum
551 2861 197 70 leges.
689 2861 158 70 Sint
788 2861 178 70 leges
906 2861 197 70 iustae
1044 2861 118 70 de
1103 2861 237 70 adeundis
1281 2861 375 70 haereditatibus,
1597 2861 118 70 de
1636 2861 99 70 con

74 2919 297 75 tractibus,
307 2919 424 75 stipulationibus,
667 2919 424 75 fideiussionibus,
1027 2919 339 75 emptionibus,
1303 2919 127 75 de
1367 2919 297 75 ponderibus
1600 2919 106 75 &
1621 2919 127 75 men
