<?xml version="1.0" encoding="UTF-8"?>
<alto xmlns:xsi="http://www.w3.org/2001/XMLSchema-instance"
      xmlns="http://www.loc.gov/standards/alto/ns-v2#"
      xmlns:page="http://schema.primaresearch.org/PAGE/gts/pagecontent/2013-07-15"
      xsi:schemaLocation="http://www.loc.gov/standards/alto/ns-v2# http://www.loc.gov/standards/alto/alto.xsd">
   <Description>
      <MeasurementUnit>pixel</MeasurementUnit>
      <OCRProcessing ID="IdOcr">
         <ocrProcessingStep>
            <processingDateTime>2020-08-08T18:22:38.747-04:00</processingDateTime>
            <processingSoftware>
               <softwareCreator>READ COOP</softwareCreator>
               <softwareName>Transkribus</softwareName>
            </processingSoftware>
         </ocrProcessingStep>
      </OCRProcessing>
   </Description>
   <Tags/>
   <Layout>
      <Page ID="Page1" PHYSICAL_IMG_NR="1" HEIGHT="3632" WIDTH="2288">
         <TopMargin HEIGHT="0" WIDTH="2288" VPOS="0" HPOS="0"/>
         <LeftMargin HEIGHT="3632" WIDTH="0" VPOS="0" HPOS="0"/>
         <RightMargin HEIGHT="3632" WIDTH="0" VPOS="0" HPOS="2288"/>
         <BottomMargin HEIGHT="0" WIDTH="2288" VPOS="3632" HPOS="0"/>
         <PrintSpace HEIGHT="3632" WIDTH="2288" VPOS="0" HPOS="0">
            <TextBlock ID="r2" HEIGHT="2807" WIDTH="1655" VPOS="260" HPOS="546">
               <Shape>
                  <Polygon POINTS="546,260 546,3067 2201,3067 2201,260"/>
               </Shape>
               <TextLine ID="r2l2"
                         BASELINE="376"
                         HEIGHT="72"
                         WIDTH="1666"
                         VPOS="304"
                         HPOS="544">
                  <String HEIGHT="72"
                          WIDTH="187"
                          VPOS="304"
                          HPOS="523"
                          CONTENT="duae:"/>
                  <SP HEIGHT="72" WIDTH="21" VPOS="304" HPOS="711"/>
                  <String HEIGHT="72" WIDTH="104" VPOS="304" HPOS="648" CONTENT="&amp;"/>
                  <SP HEIGHT="72" WIDTH="21" VPOS="304" HPOS="752"/>
                  <String HEIGHT="72"
                          WIDTH="167"
                          VPOS="304"
                          HPOS="690"
                          CONTENT="amat"/>
                  <SP HEIGHT="72" WIDTH="21" VPOS="304" HPOS="856"/>
                  <String HEIGHT="72"
                          WIDTH="312"
                          VPOS="304"
                          HPOS="794"
                          CONTENT="peregrinum,"/>
                  <SP HEIGHT="72" WIDTH="21" VPOS="304" HPOS="1106"/>
                  <String HEIGHT="72" WIDTH="125" VPOS="304" HPOS="1044" CONTENT="ut"/>
                  <SP HEIGHT="72" WIDTH="21" VPOS="304" HPOS="1169"/>
                  <String HEIGHT="72"
                          WIDTH="146"
                          VPOS="304"
                          HPOS="1106"
                          CONTENT="det"/>
                  <SP HEIGHT="72" WIDTH="21" VPOS="304" HPOS="1252"/>
                  <String HEIGHT="72"
                          WIDTH="167"
                          VPOS="304"
                          HPOS="1190"
                          CONTENT="illi"/>
                  <SP HEIGHT="72" WIDTH="21" VPOS="304" HPOS="1356"/>
                  <String HEIGHT="72"
                          WIDTH="187"
                          VPOS="304"
                          HPOS="1294"
                          CONTENT="panem"/>
                  <SP HEIGHT="72" WIDTH="21" VPOS="304" HPOS="1481"/>
                  <String HEIGHT="72" WIDTH="104" VPOS="304" HPOS="1419" CONTENT="&amp;"/>
                  <SP HEIGHT="72" WIDTH="21" VPOS="304" HPOS="1523"/>
                  <String HEIGHT="72"
                          WIDTH="271"
                          VPOS="304"
                          HPOS="1460"
                          CONTENT="uestitum,"/>
                  <SP HEIGHT="72" WIDTH="21" VPOS="304" HPOS="1731"/>
                  <String HEIGHT="72"
                          WIDTH="271"
                          VPOS="304"
                          HPOS="1669"
                          CONTENT="diligetis"/>
                  <SP HEIGHT="72" WIDTH="21" VPOS="304" HPOS="1939"/>
                  <String HEIGHT="72"
                          WIDTH="167"
                          VPOS="304"
                          HPOS="1877"
                          CONTENT="ergo"/>
                  <SP HEIGHT="72" WIDTH="21" VPOS="304" HPOS="2043"/>
                  <String HEIGHT="72" WIDTH="104" VPOS="304" HPOS="1981" CONTENT="&amp;"/>
                  <SP HEIGHT="72" WIDTH="21" VPOS="304" HPOS="2085"/>
                  <String HEIGHT="72"
                          WIDTH="146"
                          VPOS="304"
                          HPOS="2023"
                          CONTENT="uos"/>
                  <SP HEIGHT="72" WIDTH="21" VPOS="304" HPOS="2168"/>
                  <String HEIGHT="72"
                          WIDTH="125"
                          VPOS="304"
                          HPOS="2085"
                          CONTENT="pere"/>
               </TextLine>
               <TextLine ID="r2l3"
                         BASELINE="437"
                         HEIGHT="74"
                         WIDTH="1648"
                         VPOS="363"
                         HPOS="558">
                  <String HEIGHT="74"
                          WIDTH="216"
                          VPOS="363"
                          HPOS="538"
                          CONTENT="grinum."/>
                  <SP HEIGHT="74" WIDTH="20" VPOS="363" HPOS="754"/>
                  <String HEIGHT="74" WIDTH="137" VPOS="363" HPOS="695" CONTENT="Ita"/>
                  <SP HEIGHT="74" WIDTH="20" VPOS="363" HPOS="833"/>
                  <String HEIGHT="74"
                          WIDTH="177"
                          VPOS="363"
                          HPOS="774"
                          CONTENT="agere"/>
                  <SP HEIGHT="74" WIDTH="20" VPOS="363" HPOS="950"/>
                  <String HEIGHT="74"
                          WIDTH="216"
                          VPOS="363"
                          HPOS="892"
                          CONTENT="oportet"/>
                  <SP HEIGHT="74" WIDTH="20" VPOS="363" HPOS="1107"/>
                  <String HEIGHT="74"
                          WIDTH="177"
                          VPOS="363"
                          HPOS="1048"
                          CONTENT="etiam"/>
                  <SP HEIGHT="74" WIDTH="20" VPOS="363" HPOS="1225"/>
                  <String HEIGHT="74"
                          WIDTH="216"
                          VPOS="363"
                          HPOS="1166"
                          CONTENT="iudices"/>
                  <SP HEIGHT="74" WIDTH="20" VPOS="363" HPOS="1382"/>
                  <String HEIGHT="74"
                          WIDTH="216"
                          VPOS="363"
                          HPOS="1323"
                          CONTENT="diuinos"/>
                  <SP HEIGHT="74" WIDTH="20" VPOS="363" HPOS="1539"/>
                  <String HEIGHT="74" WIDTH="118" VPOS="363" HPOS="1480" CONTENT="in"/>
                  <SP HEIGHT="74" WIDTH="20" VPOS="363" HPOS="1598"/>
                  <String HEIGHT="74"
                          WIDTH="216"
                          VPOS="363"
                          HPOS="1539"
                          CONTENT="iudicio"/>
                  <SP HEIGHT="74" WIDTH="20" VPOS="363" HPOS="1755"/>
                  <String HEIGHT="74"
                          WIDTH="157"
                          VPOS="363"
                          HPOS="1696"
                          CONTENT="dei."/>
                  <SP HEIGHT="74" WIDTH="20" VPOS="363" HPOS="1853"/>
                  <String HEIGHT="74"
                          WIDTH="177"
                          VPOS="363"
                          HPOS="1794"
                          CONTENT="Certe"/>
                  <SP HEIGHT="74" WIDTH="20" VPOS="363" HPOS="1971"/>
                  <String HEIGHT="74"
                          WIDTH="235"
                          VPOS="363"
                          HPOS="1912"
                          CONTENT="Iosaphat"/>
                  <SP HEIGHT="74" WIDTH="20" VPOS="363" HPOS="2147"/>
                  <String HEIGHT="74"
                          WIDTH="137"
                          VPOS="363"
                          HPOS="2069"
                          CONTENT="prin"
                          SUBS_TYPE="HypPart1"
                          SUBS_CONTENT="princeps"/>
                  <HYP CONTENT="-"/>
               </TextLine>
               <TextLine ID="r2l4"
                         BASELINE="494"
                         HEIGHT="74"
                         WIDTH="1665"
                         VPOS="420"
                         HPOS="547">
                  <String HEIGHT="74"
                          WIDTH="157"
                          VPOS="420"
                          HPOS="527"
                          CONTENT="ceps"
                          SUBS_TYPE="HypPart2"
                          SUBS_CONTENT="princeps"/>
                  <SP HEIGHT="74" WIDTH="20" VPOS="420" HPOS="684"/>
                  <String HEIGHT="74"
                          WIDTH="372"
                          VPOS="420"
                          HPOS="625"
                          CONTENT="religiosissimus"/>
                  <SP HEIGHT="74" WIDTH="20" VPOS="420" HPOS="998"/>
                  <String HEIGHT="74"
                          WIDTH="294"
                          VPOS="420"
                          HPOS="939"
                          CONTENT="constitutis"/>
                  <SP HEIGHT="74" WIDTH="20" VPOS="420" HPOS="1233"/>
                  <String HEIGHT="74" WIDTH="98" VPOS="420" HPOS="1174" CONTENT="a"/>
                  <SP HEIGHT="74" WIDTH="20" VPOS="420" HPOS="1272"/>
                  <String HEIGHT="74" WIDTH="118" VPOS="420" HPOS="1213" CONTENT="se"/>
                  <SP HEIGHT="74" WIDTH="20" VPOS="420" HPOS="1331"/>
                  <String HEIGHT="74"
                          WIDTH="255"
                          VPOS="420"
                          HPOS="1272"
                          CONTENT="iudicibus"/>
                  <SP HEIGHT="74" WIDTH="20" VPOS="420" HPOS="1526"/>
                  <String HEIGHT="74"
                          WIDTH="196"
                          VPOS="420"
                          HPOS="1468"
                          CONTENT="dicit,"/>
                  <SP HEIGHT="74" WIDTH="20" VPOS="420" HPOS="1664"/>
                  <String HEIGHT="74"
                          WIDTH="196"
                          VPOS="420"
                          HPOS="1605"
                          CONTENT="Videte"/>
                  <SP HEIGHT="74" WIDTH="20" VPOS="420" HPOS="1801"/>
                  <String HEIGHT="74"
                          WIDTH="157"
                          VPOS="420"
                          HPOS="1742"
                          CONTENT="quid"/>
                  <SP HEIGHT="74" WIDTH="20" VPOS="420" HPOS="1899"/>
                  <String HEIGHT="74"
                          WIDTH="196"
                          VPOS="420"
                          HPOS="1840"
                          CONTENT="agatis"/>
                  <SP HEIGHT="74" WIDTH="20" VPOS="420" HPOS="2036"/>
                  <String HEIGHT="74" WIDTH="98" VPOS="420" HPOS="1977" CONTENT=":"/>
                  <SP HEIGHT="74" WIDTH="20" VPOS="420" HPOS="2075"/>
                  <String HEIGHT="74"
                          WIDTH="137"
                          VPOS="420"
                          HPOS="2016"
                          CONTENT="non"/>
                  <SP HEIGHT="74" WIDTH="20" VPOS="420" HPOS="2153"/>
                  <String HEIGHT="74"
                          WIDTH="157"
                          VPOS="420"
                          HPOS="2094"
                          CONTENT="enim"/>
                  <SP HEIGHT="74" WIDTH="20" VPOS="420" HPOS="2251"/>
                  <String HEIGHT="74" WIDTH="39" VPOS="420" HPOS="2173" CONTENT=""/>
               </TextLine>
               <TextLine ID="r2l5"
                         BASELINE="550"
                         HEIGHT="67"
                         WIDTH="1653"
                         VPOS="483"
                         HPOS="550">
                  <String HEIGHT="67"
                          WIDTH="222"
                          VPOS="483"
                          HPOS="530"
                          CONTENT="hominis"/>
                  <SP HEIGHT="67" WIDTH="20" VPOS="483" HPOS="752"/>
                  <String HEIGHT="67"
                          WIDTH="262"
                          VPOS="483"
                          HPOS="691"
                          CONTENT="exercetis"/>
                  <SP HEIGHT="67" WIDTH="20" VPOS="483" HPOS="953"/>
                  <String HEIGHT="67"
                          WIDTH="242"
                          VPOS="483"
                          HPOS="893"
                          CONTENT="iudicium"/>
                  <SP HEIGHT="67" WIDTH="20" VPOS="483" HPOS="1135"/>
                  <String HEIGHT="67"
                          WIDTH="141"
                          VPOS="483"
                          HPOS="1074"
                          CONTENT="sed"/>
                  <SP HEIGHT="67" WIDTH="20" VPOS="483" HPOS="1215"/>
                  <String HEIGHT="67"
                          WIDTH="222"
                          VPOS="483"
                          HPOS="1155"
                          CONTENT="domini,"/>
                  <SP HEIGHT="67" WIDTH="20" VPOS="483" HPOS="1376"/>
                  <String HEIGHT="67"
                          WIDTH="141"
                          VPOS="483"
                          HPOS="1316"
                          CONTENT="qui"/>
                  <SP HEIGHT="67" WIDTH="20" VPOS="483" HPOS="1457"/>
                  <String HEIGHT="67"
                          WIDTH="242"
                          VPOS="483"
                          HPOS="1397"
                          CONTENT="uobiscum"/>
                  <SP HEIGHT="67" WIDTH="20" VPOS="483" HPOS="1639"/>
                  <String HEIGHT="67"
                          WIDTH="141"
                          VPOS="483"
                          HPOS="1578"
                          CONTENT="est"/>
                  <SP HEIGHT="67" WIDTH="20" VPOS="483" HPOS="1719"/>
                  <String HEIGHT="67" WIDTH="121" VPOS="483" HPOS="1659" CONTENT="in"/>
                  <SP HEIGHT="67" WIDTH="20" VPOS="483" HPOS="1780"/>
                  <String HEIGHT="67"
                          WIDTH="202"
                          VPOS="483"
                          HPOS="1719"
                          CONTENT="causis"/>
                  <SP HEIGHT="67" WIDTH="20" VPOS="483" HPOS="1921"/>
                  <String HEIGHT="67"
                          WIDTH="161"
                          VPOS="483"
                          HPOS="1860"
                          CONTENT="quas"/>
                  <SP HEIGHT="67" WIDTH="20" VPOS="483" HPOS="2022"/>
                  <String HEIGHT="67"
                          WIDTH="282"
                          VPOS="483"
                          HPOS="1961"
                          CONTENT="iudicatis."/>
                  <SP HEIGHT="67" WIDTH="20" VPOS="483" HPOS="2243"/>
                  <String HEIGHT="67" WIDTH="40" VPOS="483" HPOS="2163" CONTENT=""/>
               </TextLine>
               <TextLine ID="r2l6"
                         BASELINE="602"
                         HEIGHT="66"
                         WIDTH="1652"
                         VPOS="536"
                         HPOS="557">
                  <String HEIGHT="66" WIDTH="146" VPOS="536" HPOS="536" CONTENT="Sit"/>
                  <SP HEIGHT="66" WIDTH="21" VPOS="536" HPOS="682"/>
                  <String HEIGHT="66"
                          WIDTH="167"
                          VPOS="536"
                          HPOS="620"
                          CONTENT="ergo"/>
                  <SP HEIGHT="66" WIDTH="21" VPOS="536" HPOS="787"/>
                  <String HEIGHT="66"
                          WIDTH="188"
                          VPOS="536"
                          HPOS="724"
                          CONTENT="timor"/>
                  <SP HEIGHT="66" WIDTH="21" VPOS="536" HPOS="912"/>
                  <String HEIGHT="66"
                          WIDTH="209"
                          VPOS="536"
                          HPOS="850"
                          CONTENT="domini"/>
                  <SP HEIGHT="66" WIDTH="21" VPOS="536" HPOS="1059"/>
                  <String HEIGHT="66" WIDTH="125" VPOS="536" HPOS="996" CONTENT="in"/>
                  <SP HEIGHT="66" WIDTH="21" VPOS="536" HPOS="1122"/>
                  <String HEIGHT="66"
                          WIDTH="209"
                          VPOS="536"
                          HPOS="1059"
                          CONTENT="uobis,"/>
                  <SP HEIGHT="66" WIDTH="21" VPOS="536" HPOS="1268"/>
                  <String HEIGHT="66"
                          WIDTH="272"
                          VPOS="536"
                          HPOS="1205"
                          CONTENT="obseruate"/>
                  <SP HEIGHT="66" WIDTH="21" VPOS="536" HPOS="1477"/>
                  <String HEIGHT="66" WIDTH="105" VPOS="536" HPOS="1414" CONTENT="&amp;"/>
                  <SP HEIGHT="66" WIDTH="21" VPOS="536" HPOS="1519"/>
                  <String HEIGHT="66"
                          WIDTH="293"
                          VPOS="536"
                          HPOS="1456"
                          CONTENT="diligentes"/>
                  <SP HEIGHT="66" WIDTH="21" VPOS="536" HPOS="1749"/>
                  <String HEIGHT="66"
                          WIDTH="188"
                          VPOS="536"
                          HPOS="1686"
                          CONTENT="este."/>
                  <SP HEIGHT="66" WIDTH="21" VPOS="536" HPOS="1874"/>
                  <String HEIGHT="66"
                          WIDTH="230"
                          VPOS="536"
                          HPOS="1812"
                          CONTENT="Quoniam"/>
                  <SP HEIGHT="66" WIDTH="21" VPOS="536" HPOS="2042"/>
                  <String HEIGHT="66"
                          WIDTH="146"
                          VPOS="536"
                          HPOS="1979"
                          CONTENT="non"/>
                  <SP HEIGHT="66" WIDTH="21" VPOS="536" HPOS="2125"/>
                  <String HEIGHT="66"
                          WIDTH="146"
                          VPOS="536"
                          HPOS="2063"
                          CONTENT="est"/>
                  <SP HEIGHT="66" WIDTH="21" VPOS="536" HPOS="2209"/>
                  <String HEIGHT="66" WIDTH="84" VPOS="536" HPOS="2125" CONTENT="ul"/>
               </TextLine>
               <TextLine ID="r2l7"
                         BASELINE="655"
                         HEIGHT="62"
                         WIDTH="1655"
                         VPOS="593"
                         HPOS="554">
                  <String HEIGHT="62" WIDTH="131" VPOS="593" HPOS="532" CONTENT="la"/>
                  <SP HEIGHT="62" WIDTH="22" VPOS="593" HPOS="663"/>
                  <String HEIGHT="62"
                          WIDTH="327"
                          VPOS="593"
                          HPOS="598"
                          CONTENT="peruersitas"/>
                  <SP HEIGHT="62" WIDTH="22" VPOS="593" HPOS="924"/>
                  <String HEIGHT="62" WIDTH="152" VPOS="593" HPOS="859" CONTENT="aut"/>
                  <SP HEIGHT="62" WIDTH="22" VPOS="593" HPOS="1011"/>
                  <String HEIGHT="62"
                          WIDTH="283"
                          VPOS="593"
                          HPOS="946"
                          CONTENT="corruptio"/>
                  <SP HEIGHT="62" WIDTH="22" VPOS="593" HPOS="1229"/>
                  <String HEIGHT="62"
                          WIDTH="174"
                          VPOS="593"
                          HPOS="1164"
                          CONTENT="apud"/>
                  <SP HEIGHT="62" WIDTH="22" VPOS="593" HPOS="1338"/>
                  <String HEIGHT="62"
                          WIDTH="240"
                          VPOS="593"
                          HPOS="1273"
                          CONTENT="dominum"/>
                  <SP HEIGHT="62" WIDTH="22" VPOS="593" HPOS="1512"/>
                  <String HEIGHT="62"
                          WIDTH="174"
                          VPOS="593"
                          HPOS="1447"
                          CONTENT="deum"/>
                  <SP HEIGHT="62" WIDTH="22" VPOS="593" HPOS="1621"/>
                  <String HEIGHT="62"
                          WIDTH="240"
                          VPOS="593"
                          HPOS="1556"
                          CONTENT="nostrum"/>
                  <SP HEIGHT="62" WIDTH="22" VPOS="593" HPOS="1795"/>
                  <String HEIGHT="62" WIDTH="131" VPOS="593" HPOS="1730" CONTENT="ut"/>
                  <SP HEIGHT="62" WIDTH="22" VPOS="593" HPOS="1861"/>
                  <String HEIGHT="62"
                          WIDTH="152"
                          VPOS="593"
                          HPOS="1795"
                          CONTENT="uel"/>
                  <SP HEIGHT="62" WIDTH="22" VPOS="593" HPOS="1948"/>
                  <String HEIGHT="62"
                          WIDTH="261"
                          VPOS="593"
                          HPOS="1882"
                          CONTENT="personas"/>
                  <SP HEIGHT="62" WIDTH="22" VPOS="593" HPOS="2144"/>
                  <String HEIGHT="62"
                          WIDTH="152"
                          VPOS="593"
                          HPOS="2057"
                          CONTENT="susci"/>
               </TextLine>
               <TextLine ID="r2l8"
                         BASELINE="721"
                         HEIGHT="77"
                         WIDTH="524"
                         VPOS="644"
                         HPOS="557">
                  <String HEIGHT="77"
                          WIDTH="168"
                          VPOS="644"
                          HPOS="536"
                          CONTENT="piat"/>
                  <SP HEIGHT="77" WIDTH="21" VPOS="644" HPOS="704"/>
                  <String HEIGHT="77" WIDTH="147" VPOS="644" HPOS="641" CONTENT="uel"/>
                  <SP HEIGHT="77" WIDTH="21" VPOS="644" HPOS="788"/>
                  <String HEIGHT="77"
                          WIDTH="210"
                          VPOS="644"
                          HPOS="725"
                          CONTENT="munera"/>
                  <SP HEIGHT="77" WIDTH="21" VPOS="644" HPOS="934"/>
                  <String HEIGHT="77"
                          WIDTH="231"
                          VPOS="644"
                          HPOS="850"
                          CONTENT="recipiat."/>
               </TextLine>
               <TextLine ID="r2l9"
                         BASELINE="770"
                         HEIGHT="75"
                         WIDTH="1578"
                         VPOS="695"
                         HPOS="628">
                  <String HEIGHT="75" WIDTH="136" VPOS="695" HPOS="609" CONTENT="His"/>
                  <SP HEIGHT="75" WIDTH="19" VPOS="695" HPOS="745"/>
                  <String HEIGHT="75"
                          WIDTH="253"
                          VPOS="695"
                          HPOS="686"
                          CONTENT="adiinciam"/>
                  <SP HEIGHT="75" WIDTH="19" VPOS="695" HPOS="940"/>
                  <String HEIGHT="75"
                          WIDTH="175"
                          VPOS="695"
                          HPOS="881"
                          CONTENT="alios"/>
                  <SP HEIGHT="75" WIDTH="19" VPOS="695" HPOS="1057"/>
                  <String HEIGHT="75"
                          WIDTH="195"
                          VPOS="695"
                          HPOS="998"
                          CONTENT="quoque"/>
                  <SP HEIGHT="75" WIDTH="19" VPOS="695" HPOS="1193"/>
                  <String HEIGHT="75"
                          WIDTH="273"
                          VPOS="695"
                          HPOS="1135"
                          CONTENT="scripturae"/>
                  <SP HEIGHT="75" WIDTH="19" VPOS="695" HPOS="1407"/>
                  <String HEIGHT="75"
                          WIDTH="175"
                          VPOS="695"
                          HPOS="1349"
                          CONTENT="locos"/>
                  <SP HEIGHT="75" WIDTH="19" VPOS="695" HPOS="1524"/>
                  <String HEIGHT="75"
                          WIDTH="136"
                          VPOS="695"
                          HPOS="1466"
                          CONTENT="qui"/>
                  <SP HEIGHT="75" WIDTH="19" VPOS="695" HPOS="1602"/>
                  <String HEIGHT="75"
                          WIDTH="273"
                          VPOS="695"
                          HPOS="1544"
                          CONTENT="superiores"/>
                  <SP HEIGHT="75" WIDTH="19" VPOS="695" HPOS="1816"/>
                  <String HEIGHT="75"
                          WIDTH="273"
                          VPOS="695"
                          HPOS="1758"
                          CONTENT="illustrent"/>
                  <SP HEIGHT="75" WIDTH="19" VPOS="695" HPOS="2031"/>
                  <String HEIGHT="75"
                          WIDTH="214"
                          VPOS="695"
                          HPOS="1972"
                          CONTENT="partim,"/>
                  <SP HEIGHT="75" WIDTH="19" VPOS="695" HPOS="2187"/>
                  <String HEIGHT="75" WIDTH="97" VPOS="695" HPOS="2109" CONTENT="par"/>
               </TextLine>
               <TextLine ID="r2l10"
                         BASELINE="833"
                         HEIGHT="68"
                         WIDTH="1655"
                         VPOS="765"
                         HPOS="554">
                  <String HEIGHT="68" WIDTH="145" VPOS="765" HPOS="533" CONTENT="tim"/>
                  <SP HEIGHT="68" WIDTH="21" VPOS="765" HPOS="678"/>
                  <String HEIGHT="68"
                          WIDTH="248"
                          VPOS="765"
                          HPOS="616"
                          CONTENT="officium"/>
                  <SP HEIGHT="68" WIDTH="21" VPOS="765" HPOS="864"/>
                  <String HEIGHT="68"
                          WIDTH="228"
                          VPOS="765"
                          HPOS="802"
                          CONTENT="iudicis"/>
                  <SP HEIGHT="68" WIDTH="21" VPOS="765" HPOS="1030"/>
                  <String HEIGHT="68"
                          WIDTH="372"
                          VPOS="765"
                          HPOS="968"
                          CONTENT="significantius"/>
                  <SP HEIGHT="68" WIDTH="21" VPOS="765" HPOS="1340"/>
                  <String HEIGHT="68"
                          WIDTH="269"
                          VPOS="765"
                          HPOS="1278"
                          CONTENT="explicent"/>
                  <SP HEIGHT="68" WIDTH="21" VPOS="765" HPOS="1547"/>
                  <String HEIGHT="68" WIDTH="103" VPOS="765" HPOS="1485" CONTENT="&amp;"/>
                  <SP HEIGHT="68" WIDTH="21" VPOS="765" HPOS="1588"/>
                  <String HEIGHT="68"
                          WIDTH="228"
                          VPOS="765"
                          HPOS="1526"
                          CONTENT="ornent."/>
                  <SP HEIGHT="68" WIDTH="21" VPOS="765" HPOS="1754"/>
                  <String HEIGHT="68" WIDTH="124" VPOS="765" HPOS="1692" CONTENT="In"/>
                  <SP HEIGHT="68" WIDTH="21" VPOS="765" HPOS="1816"/>
                  <String HEIGHT="68"
                          WIDTH="331"
                          VPOS="765"
                          HPOS="1754"
                          CONTENT="Deuteronomio"/>
                  <SP HEIGHT="68" WIDTH="21" VPOS="765" HPOS="2085"/>
                  <String HEIGHT="68"
                          WIDTH="207"
                          VPOS="765"
                          HPOS="2002"
                          CONTENT="legimus,"/>
               </TextLine>
               <TextLine ID="r2l11"
                         BASELINE="882"
                         HEIGHT="66"
                         WIDTH="1656"
                         VPOS="816"
                         HPOS="547">
                  <String HEIGHT="66"
                          WIDTH="240"
                          VPOS="816"
                          HPOS="525"
                          CONTENT="ludices"/>
                  <SP HEIGHT="66" WIDTH="22" VPOS="816" HPOS="765"/>
                  <String HEIGHT="66"
                          WIDTH="305"
                          VPOS="816"
                          HPOS="700"
                          CONTENT="iudicabunt"/>
                  <SP HEIGHT="66" WIDTH="22" VPOS="816" HPOS="1005"/>
                  <String HEIGHT="66"
                          WIDTH="240"
                          VPOS="816"
                          HPOS="939"
                          CONTENT="populum"/>
                  <SP HEIGHT="66" WIDTH="22" VPOS="816" HPOS="1179"/>
                  <String HEIGHT="66"
                          WIDTH="196"
                          VPOS="816"
                          HPOS="1114"
                          CONTENT="iusto"/>
                  <SP HEIGHT="66" WIDTH="22" VPOS="816" HPOS="1310"/>
                  <String HEIGHT="66"
                          WIDTH="261"
                          VPOS="816"
                          HPOS="1244"
                          CONTENT="iudicio."/>
                  <SP HEIGHT="66" WIDTH="22" VPOS="816" HPOS="1506"/>
                  <String HEIGHT="66"
                          WIDTH="153"
                          VPOS="816"
                          HPOS="1440"
                          CONTENT="Non"/>
                  <SP HEIGHT="66" WIDTH="22" VPOS="816" HPOS="1593"/>
                  <String HEIGHT="66"
                          WIDTH="305"
                          VPOS="816"
                          HPOS="1528"
                          CONTENT="declinabis"/>
                  <SP HEIGHT="66" WIDTH="22" VPOS="816" HPOS="1833"/>
                  <String HEIGHT="66"
                          WIDTH="283"
                          VPOS="816"
                          HPOS="1767"
                          CONTENT="iudicium,"/>
                  <SP HEIGHT="66" WIDTH="22" VPOS="816" HPOS="2050"/>
                  <String HEIGHT="66"
                          WIDTH="153"
                          VPOS="816"
                          HPOS="1985"
                          CONTENT="nec"/>
                  <SP HEIGHT="66" WIDTH="22" VPOS="816" HPOS="2138"/>
                  <String HEIGHT="66"
                          WIDTH="153"
                          VPOS="816"
                          HPOS="2050"
                          CONTENT="agno"
                          SUBS_TYPE="HypPart1"
                          SUBS_CONTENT="agnosces"/>
                  <HYP CONTENT="-"/>
               </TextLine>
               <TextLine ID="r2l12"
                         BASELINE="945"
                         HEIGHT="69"
                         WIDTH="1654"
                         VPOS="876"
                         HPOS="550">
                  <String HEIGHT="69"
                          WIDTH="172"
                          VPOS="876"
                          HPOS="529"
                          CONTENT="sces"
                          SUBS_TYPE="HypPart2"
                          SUBS_CONTENT="agnosces"/>
                  <SP HEIGHT="69" WIDTH="21" VPOS="876" HPOS="700"/>
                  <String HEIGHT="69"
                          WIDTH="279"
                          VPOS="876"
                          HPOS="636"
                          CONTENT="personam,"/>
                  <SP HEIGHT="69" WIDTH="21" VPOS="876" HPOS="915"/>
                  <String HEIGHT="69"
                          WIDTH="193"
                          VPOS="876"
                          HPOS="851"
                          CONTENT="neque"/>
                  <SP HEIGHT="69" WIDTH="21" VPOS="876" HPOS="1044"/>
                  <String HEIGHT="69"
                          WIDTH="258"
                          VPOS="876"
                          HPOS="980"
                          CONTENT="accipies"/>
                  <SP HEIGHT="69" WIDTH="21" VPOS="876" HPOS="1237"/>
                  <String HEIGHT="69"
                          WIDTH="215"
                          VPOS="876"
                          HPOS="1173"
                          CONTENT="munus."/>
                  <SP HEIGHT="69" WIDTH="21" VPOS="876" HPOS="1388"/>
                  <String HEIGHT="69"
                          WIDTH="236"
                          VPOS="876"
                          HPOS="1323"
                          CONTENT="Quoniam"/>
                  <SP HEIGHT="69" WIDTH="21" VPOS="876" HPOS="1560"/>
                  <String HEIGHT="69"
                          WIDTH="193"
                          VPOS="876"
                          HPOS="1495"
                          CONTENT="munus"/>
                  <SP HEIGHT="69" WIDTH="21" VPOS="876" HPOS="1688"/>
                  <String HEIGHT="69"
                          WIDTH="258"
                          VPOS="876"
                          HPOS="1624"
                          CONTENT="excaecat"/>
                  <SP HEIGHT="69" WIDTH="21" VPOS="876" HPOS="1882"/>
                  <String HEIGHT="69"
                          WIDTH="215"
                          VPOS="876"
                          HPOS="1817"
                          CONTENT="oculos"/>
                  <SP HEIGHT="69" WIDTH="21" VPOS="876" HPOS="2032"/>
                  <String HEIGHT="69"
                          WIDTH="258"
                          VPOS="876"
                          HPOS="1946"
                          CONTENT="sapientum,"/>
               </TextLine>
               <TextLine ID="r2l13"
                         BASELINE="990"
                         HEIGHT="63"
                         WIDTH="1646"
                         VPOS="927"
                         HPOS="556">
                  <String HEIGHT="63" WIDTH="103" VPOS="927" HPOS="535" CONTENT="&amp;"/>
                  <SP HEIGHT="63" WIDTH="21" VPOS="927" HPOS="638"/>
                  <String HEIGHT="63"
                          WIDTH="267"
                          VPOS="927"
                          HPOS="577"
                          CONTENT="peruertit"/>
                  <SP HEIGHT="63" WIDTH="21" VPOS="927" HPOS="844"/>
                  <String HEIGHT="63"
                          WIDTH="185"
                          VPOS="927"
                          HPOS="782"
                          CONTENT="uerba"/>
                  <SP HEIGHT="63" WIDTH="21" VPOS="927" HPOS="967"/>
                  <String HEIGHT="63"
                          WIDTH="267"
                          VPOS="927"
                          HPOS="906"
                          CONTENT="iustorum."/>
                  <SP HEIGHT="63" WIDTH="21" VPOS="927" HPOS="1173"/>
                  <String HEIGHT="63"
                          WIDTH="267"
                          VPOS="927"
                          HPOS="1112"
                          CONTENT="lustitiam"/>
                  <SP HEIGHT="63" WIDTH="21" VPOS="927" HPOS="1379"/>
                  <String HEIGHT="63"
                          WIDTH="247"
                          VPOS="927"
                          HPOS="1317"
                          CONTENT="iustitia"/>
                  <SP HEIGHT="63" WIDTH="21" VPOS="927" HPOS="1564"/>
                  <String HEIGHT="63"
                          WIDTH="329"
                          VPOS="927"
                          HPOS="1502"
                          CONTENT="prosequaris,"/>
                  <SP HEIGHT="63" WIDTH="21" VPOS="927" HPOS="1832"/>
                  <String HEIGHT="63" WIDTH="123" VPOS="927" HPOS="1770" CONTENT="ut"/>
                  <SP HEIGHT="63" WIDTH="21" VPOS="927" HPOS="1893"/>
                  <String HEIGHT="63"
                          WIDTH="185"
                          VPOS="927"
                          HPOS="1832"
                          CONTENT="uiuas"/>
                  <SP HEIGHT="63" WIDTH="21" VPOS="927" HPOS="2017"/>
                  <String HEIGHT="63" WIDTH="103" VPOS="927" HPOS="1955" CONTENT="&amp;"/>
                  <SP HEIGHT="63" WIDTH="21" VPOS="927" HPOS="2058"/>
                  <String HEIGHT="63"
                          WIDTH="226"
                          VPOS="927"
                          HPOS="1976"
                          CONTENT="possideas"/>
               </TextLine>
               <TextLine ID="r2l14"
                         BASELINE="1053"
                         HEIGHT="67"
                         WIDTH="1648"
                         VPOS="986"
                         HPOS="554">
                  <String HEIGHT="67"
                          WIDTH="235"
                          VPOS="986"
                          HPOS="533"
                          CONTENT="terram,"/>
                  <SP HEIGHT="67" WIDTH="21" VPOS="986" HPOS="768"/>
                  <String HEIGHT="67"
                          WIDTH="214"
                          VPOS="986"
                          HPOS="704"
                          CONTENT="Rursus"/>
                  <SP HEIGHT="67" WIDTH="21" VPOS="986" HPOS="918"/>
                  <String HEIGHT="67" WIDTH="128" VPOS="986" HPOS="854" CONTENT="in"/>
                  <SP HEIGHT="67" WIDTH="21" VPOS="986" HPOS="982"/>
                  <String HEIGHT="67"
                          WIDTH="193"
                          VPOS="986"
                          HPOS="918"
                          CONTENT="Exodo"/>
                  <SP HEIGHT="67" WIDTH="21" VPOS="986" HPOS="1110"/>
                  <String HEIGHT="67"
                          WIDTH="257"
                          VPOS="986"
                          HPOS="1046"
                          CONTENT="legimus,"/>
                  <SP HEIGHT="67" WIDTH="21" VPOS="986" HPOS="1303"/>
                  <String HEIGHT="67"
                          WIDTH="150"
                          VPOS="986"
                          HPOS="1239"
                          CONTENT="Non"/>
                  <SP HEIGHT="67" WIDTH="21" VPOS="986" HPOS="1389"/>
                  <String HEIGHT="67"
                          WIDTH="257"
                          VPOS="986"
                          HPOS="1324"
                          CONTENT="sequeris"/>
                  <SP HEIGHT="67" WIDTH="21" VPOS="986" HPOS="1581"/>
                  <String HEIGHT="67"
                          WIDTH="342"
                          VPOS="986"
                          HPOS="1517"
                          CONTENT="multitudinem"/>
                  <SP HEIGHT="67" WIDTH="21" VPOS="986" HPOS="1860"/>
                  <String HEIGHT="67" WIDTH="128" VPOS="986" HPOS="1795" CONTENT="in"/>
                  <SP HEIGHT="67" WIDTH="21" VPOS="986" HPOS="1924"/>
                  <String HEIGHT="67"
                          WIDTH="193"
                          VPOS="986"
                          HPOS="1860"
                          CONTENT="malo,"/>
                  <SP HEIGHT="67" WIDTH="21" VPOS="986" HPOS="2052"/>
                  <String HEIGHT="67"
                          WIDTH="193"
                          VPOS="986"
                          HPOS="1988"
                          CONTENT="neque"/>
                  <SP HEIGHT="67" WIDTH="21" VPOS="986" HPOS="2181"/>
                  <String HEIGHT="67"
                          WIDTH="107"
                          VPOS="986"
                          HPOS="2095"
                          CONTENT="re"
                          SUBS_TYPE="HypPart1"
                          SUBS_CONTENT="respondebis"/>
                  <HYP CONTENT="-"/>
               </TextLine>
               <TextLine ID="r2l15"
                         BASELINE="1106"
                         HEIGHT="66"
                         WIDTH="1654"
                         VPOS="1040"
                         HPOS="553">
                  <String HEIGHT="66"
                          WIDTH="283"
                          VPOS="1040"
                          HPOS="531"
                          CONTENT="spondebis"
                          SUBS_TYPE="HypPart2"
                          SUBS_CONTENT="respondebis"/>
                  <SP HEIGHT="66" WIDTH="22" VPOS="1040" HPOS="814"/>
                  <String HEIGHT="66" WIDTH="131" VPOS="1040" HPOS="749" CONTENT="in"/>
                  <SP HEIGHT="66" WIDTH="22" VPOS="1040" HPOS="879"/>
                  <String HEIGHT="66"
                          WIDTH="218"
                          VPOS="1040"
                          HPOS="814"
                          CONTENT="causa,"/>
                  <SP HEIGHT="66" WIDTH="22" VPOS="1040" HPOS="1032"/>
                  <String HEIGHT="66" WIDTH="131" VPOS="1040" HPOS="967" CONTENT="ut"/>
                  <SP HEIGHT="66" WIDTH="22" VPOS="1040" HPOS="1097"/>
                  <String HEIGHT="66"
                          WIDTH="261"
                          VPOS="1040"
                          HPOS="1032"
                          CONTENT="declines"/>
                  <SP HEIGHT="66" WIDTH="22" VPOS="1040" HPOS="1293"/>
                  <String HEIGHT="66"
                          WIDTH="174"
                          VPOS="1040"
                          HPOS="1228"
                          CONTENT="post"/>
                  <SP HEIGHT="66" WIDTH="22" VPOS="1040" HPOS="1402"/>
                  <String HEIGHT="66"
                          WIDTH="218"
                          VPOS="1040"
                          HPOS="1336"
                          CONTENT="multos"/>
                  <SP HEIGHT="66" WIDTH="22" VPOS="1040" HPOS="1554"/>
                  <String HEIGHT="66"
                          WIDTH="131"
                          VPOS="1040"
                          HPOS="1489"
                          CONTENT="ad"/>
                  <SP HEIGHT="66" WIDTH="22" VPOS="1040" HPOS="1619"/>
                  <String HEIGHT="66"
                          WIDTH="370"
                          VPOS="1040"
                          HPOS="1554"
                          CONTENT="peruertendum."/>
                  <SP HEIGHT="66" WIDTH="22" VPOS="1040" HPOS="1924"/>
                  <String HEIGHT="66"
                          WIDTH="261"
                          VPOS="1040"
                          HPOS="1859"
                          CONTENT="Pauperem"/>
                  <SP HEIGHT="66" WIDTH="22" VPOS="1040" HPOS="2120"/>
                  <String HEIGHT="66"
                          WIDTH="152"
                          VPOS="1040"
                          HPOS="2055"
                          CONTENT="non"/>
                  <SP HEIGHT="66" WIDTH="22" VPOS="1040" HPOS="2207"/>
                  <String HEIGHT="66" WIDTH="87" VPOS="1040" HPOS="2120" CONTENT="or"/>
               </TextLine>
               <TextLine ID="r2l16"
                         BASELINE="1161"
                         HEIGHT="60"
                         WIDTH="1656"
                         VPOS="1101"
                         HPOS="554">
                  <String HEIGHT="60"
                          WIDTH="182"
                          VPOS="1101"
                          HPOS="534"
                          CONTENT="nabis"/>
                  <SP HEIGHT="60" WIDTH="20" VPOS="1101" HPOS="716"/>
                  <String HEIGHT="60" WIDTH="121" VPOS="1101" HPOS="655" CONTENT="in"/>
                  <SP HEIGHT="60" WIDTH="20" VPOS="1101" HPOS="776"/>
                  <String HEIGHT="60"
                          WIDTH="182"
                          VPOS="1101"
                          HPOS="716"
                          CONTENT="causa"/>
                  <SP HEIGHT="60" WIDTH="20" VPOS="1101" HPOS="897"/>
                  <String HEIGHT="60"
                          WIDTH="162"
                          VPOS="1101"
                          HPOS="837"
                          CONTENT="sua:"/>
                  <SP HEIGHT="60" WIDTH="20" VPOS="1101" HPOS="998"/>
                  <String HEIGHT="60"
                          WIDTH="182"
                          VPOS="1101"
                          HPOS="938"
                          CONTENT="neque"/>
                  <SP HEIGHT="60" WIDTH="20" VPOS="1101" HPOS="1119"/>
                  <String HEIGHT="60"
                          WIDTH="263"
                          VPOS="1101"
                          HPOS="1059"
                          CONTENT="peruertes"/>
                  <SP HEIGHT="60" WIDTH="20" VPOS="1101" HPOS="1321"/>
                  <String HEIGHT="60"
                          WIDTH="202"
                          VPOS="1101"
                          HPOS="1261"
                          CONTENT="causam"/>
                  <SP HEIGHT="60" WIDTH="20" VPOS="1101" HPOS="1463"/>
                  <String HEIGHT="60"
                          WIDTH="242"
                          VPOS="1101"
                          HPOS="1402"
                          CONTENT="pauperis"/>
                  <SP HEIGHT="60" WIDTH="20" VPOS="1101" HPOS="1645"/>
                  <String HEIGHT="60"
                          WIDTH="141"
                          VPOS="1101"
                          HPOS="1584"
                          CONTENT="tui"/>
                  <SP HEIGHT="60" WIDTH="20" VPOS="1101" HPOS="1725"/>
                  <String HEIGHT="60"
                          WIDTH="121"
                          VPOS="1101"
                          HPOS="1665"
                          CONTENT="in"/>
                  <SP HEIGHT="60" WIDTH="20" VPOS="1101" HPOS="1786"/>
                  <String HEIGHT="60"
                          WIDTH="182"
                          VPOS="1101"
                          HPOS="1725"
                          CONTENT="causa"/>
                  <SP HEIGHT="60" WIDTH="20" VPOS="1101" HPOS="1907"/>
                  <String HEIGHT="60"
                          WIDTH="162"
                          VPOS="1101"
                          HPOS="1846"
                          CONTENT="sua."/>
                  <SP HEIGHT="60" WIDTH="20" VPOS="1101" HPOS="2008"/>
                  <String HEIGHT="60" WIDTH="101" VPOS="1101" HPOS="1947" CONTENT="A"/>
                  <SP HEIGHT="60" WIDTH="20" VPOS="1101" HPOS="2048"/>
                  <String HEIGHT="60"
                          WIDTH="182"
                          VPOS="1101"
                          HPOS="1988"
                          CONTENT="uerbo"/>
                  <SP HEIGHT="60" WIDTH="20" VPOS="1101" HPOS="2170"/>
                  <String HEIGHT="60"
                          WIDTH="121"
                          VPOS="1101"
                          HPOS="2089"
                          CONTENT="fal"
                          SUBS_TYPE="HypPart1"
                          SUBS_CONTENT="falso"/>
                  <HYP CONTENT="-"/>
               </TextLine>
               <TextLine ID="r2l17"
                         BASELINE="1231"
                         HEIGHT="82"
                         WIDTH="1649"
                         VPOS="1149"
                         HPOS="554">
                  <String HEIGHT="82"
                          WIDTH="124"
                          VPOS="1149"
                          HPOS="533"
                          CONTENT="so"
                          SUBS_TYPE="HypPart2"
                          SUBS_CONTENT="falso"/>
                  <SP HEIGHT="82" WIDTH="21" VPOS="1149" HPOS="657"/>
                  <String HEIGHT="82"
                          WIDTH="186"
                          VPOS="1149"
                          HPOS="595"
                          CONTENT="longe"/>
                  <SP HEIGHT="82" WIDTH="21" VPOS="1149" HPOS="781"/>
                  <String HEIGHT="82"
                          WIDTH="227"
                          VPOS="1149"
                          HPOS="719"
                          CONTENT="aberis:"/>
                  <SP HEIGHT="82" WIDTH="21" VPOS="1149" HPOS="946"/>
                  <String HEIGHT="82"
                          WIDTH="144"
                          VPOS="1149"
                          HPOS="884"
                          CONTENT="nec"/>
                  <SP HEIGHT="82" WIDTH="21" VPOS="1149" HPOS="1028"/>
                  <String HEIGHT="82"
                          WIDTH="289"
                          VPOS="1149"
                          HPOS="966"
                          CONTENT="innocentem"/>
                  <SP HEIGHT="82" WIDTH="21" VPOS="1149" HPOS="1255"/>
                  <String HEIGHT="82" WIDTH="103" VPOS="1149" HPOS="1193" CONTENT="&amp;"/>
                  <SP HEIGHT="82" WIDTH="21" VPOS="1149" HPOS="1296"/>
                  <String HEIGHT="82"
                          WIDTH="206"
                          VPOS="1149"
                          HPOS="1234"
                          CONTENT="iustum"/>
                  <SP HEIGHT="82" WIDTH="21" VPOS="1149" HPOS="1440"/>
                  <String HEIGHT="82"
                          WIDTH="247"
                          VPOS="1149"
                          HPOS="1379"
                          CONTENT="occides."/>
                  <SP HEIGHT="82" WIDTH="21" VPOS="1149" HPOS="1626"/>
                  <String HEIGHT="82"
                          WIDTH="227"
                          VPOS="1149"
                          HPOS="1564"
                          CONTENT="Quoniam"/>
                  <SP HEIGHT="82" WIDTH="21" VPOS="1149" HPOS="1791"/>
                  <String HEIGHT="82"
                          WIDTH="144"
                          VPOS="1149"
                          HPOS="1729"
                          CONTENT="non"/>
                  <SP HEIGHT="82" WIDTH="21" VPOS="1149" HPOS="1873"/>
                  <String HEIGHT="82"
                          WIDTH="268"
                          VPOS="1149"
                          HPOS="1811"
                          CONTENT="iustifico"/>
                  <SP HEIGHT="82" WIDTH="21" VPOS="1149" HPOS="2079"/>
                  <String HEIGHT="82"
                          WIDTH="206"
                          VPOS="1149"
                          HPOS="1997"
                          CONTENT="impium."
                          SUBS_TYPE="HypPart1"
                          SUBS_CONTENT="impium.Munus"/>
                  <HYP CONTENT="-"/>
               </TextLine>
               <TextLine ID="r2l18"
                         BASELINE="1273"
                         HEIGHT="63"
                         WIDTH="1644"
                         VPOS="1210"
                         HPOS="550">
                  <String HEIGHT="63"
                          WIDTH="195"
                          VPOS="1210"
                          HPOS="528"
                          CONTENT="Munus"
                          SUBS_TYPE="HypPart2"
                          SUBS_CONTENT="impium.Munus"/>
                  <SP HEIGHT="63" WIDTH="22" VPOS="1210" HPOS="723"/>
                  <String HEIGHT="63" WIDTH="130" VPOS="1210" HPOS="658" CONTENT="ne"/>
                  <SP HEIGHT="63" WIDTH="22" VPOS="1210" HPOS="788"/>
                  <String HEIGHT="63"
                          WIDTH="303"
                          VPOS="1210"
                          HPOS="723"
                          CONTENT="acceperis,"/>
                  <SP HEIGHT="63" WIDTH="22" VPOS="1210" HPOS="1026"/>
                  <String HEIGHT="63"
                          WIDTH="173"
                          VPOS="1210"
                          HPOS="961"
                          CONTENT="quia"/>
                  <SP HEIGHT="63" WIDTH="22" VPOS="1210" HPOS="1134"/>
                  <String HEIGHT="63"
                          WIDTH="195"
                          VPOS="1210"
                          HPOS="1069"
                          CONTENT="munus"/>
                  <SP HEIGHT="63" WIDTH="22" VPOS="1210" HPOS="1264"/>
                  <String HEIGHT="63"
                          WIDTH="260"
                          VPOS="1210"
                          HPOS="1199"
                          CONTENT="excaecat"/>
                  <SP HEIGHT="63" WIDTH="22" VPOS="1210" HPOS="1459"/>
                  <String HEIGHT="63"
                          WIDTH="260"
                          VPOS="1210"
                          HPOS="1394"
                          CONTENT="uidentes"/>
                  <SP HEIGHT="63" WIDTH="22" VPOS="1210" HPOS="1653"/>
                  <String HEIGHT="63" WIDTH="108" VPOS="1210" HPOS="1588" CONTENT="&amp;"/>
                  <SP HEIGHT="63" WIDTH="22" VPOS="1210" HPOS="1696"/>
                  <String HEIGHT="63"
                          WIDTH="281"
                          VPOS="1210"
                          HPOS="1632"
                          CONTENT="peruertit"/>
                  <SP HEIGHT="63" WIDTH="22" VPOS="1210" HPOS="1913"/>
                  <String HEIGHT="63"
                          WIDTH="195"
                          VPOS="1210"
                          HPOS="1848"
                          CONTENT="uerba"/>
                  <SP HEIGHT="63" WIDTH="22" VPOS="1210" HPOS="2043"/>
                  <String HEIGHT="63"
                          WIDTH="238"
                          VPOS="1210"
                          HPOS="1956"
                          CONTENT="iustorum,"/>
               </TextLine>
               <TextLine ID="r2l19"
                         BASELINE="1332"
                         HEIGHT="65"
                         WIDTH="1648"
                         VPOS="1267"
                         HPOS="559">
                  <String HEIGHT="65"
                          WIDTH="157"
                          VPOS="1267"
                          HPOS="539"
                          CONTENT="ltem"/>
                  <SP HEIGHT="65" WIDTH="20" VPOS="1267" HPOS="696"/>
                  <String HEIGHT="65" WIDTH="118" VPOS="1267" HPOS="637" CONTENT="in"/>
                  <SP HEIGHT="65" WIDTH="20" VPOS="1267" HPOS="755"/>
                  <String HEIGHT="65"
                          WIDTH="235"
                          VPOS="1267"
                          HPOS="696"
                          CONTENT="Leuitico"/>
                  <SP HEIGHT="65" WIDTH="20" VPOS="1267" HPOS="932"/>
                  <String HEIGHT="65"
                          WIDTH="137"
                          VPOS="1267"
                          HPOS="873"
                          CONTENT="sic"/>
                  <SP HEIGHT="65" WIDTH="20" VPOS="1267" HPOS="1010"/>
                  <String HEIGHT="65"
                          WIDTH="196"
                          VPOS="1267"
                          HPOS="951"
                          CONTENT="legis,"/>
                  <SP HEIGHT="65" WIDTH="20" VPOS="1267" HPOS="1148"/>
                  <String HEIGHT="65"
                          WIDTH="137"
                          VPOS="1267"
                          HPOS="1089"
                          CONTENT="Non"/>
                  <SP HEIGHT="65" WIDTH="20" VPOS="1267" HPOS="1226"/>
                  <String HEIGHT="65"
                          WIDTH="235"
                          VPOS="1267"
                          HPOS="1167"
                          CONTENT="facietis"/>
                  <SP HEIGHT="65" WIDTH="20" VPOS="1267" HPOS="1403"/>
                  <String HEIGHT="65"
                          WIDTH="255"
                          VPOS="1267"
                          HPOS="1344"
                          CONTENT="peruersum"/>
                  <SP HEIGHT="65" WIDTH="20" VPOS="1267" HPOS="1599"/>
                  <String HEIGHT="65"
                          WIDTH="157"
                          VPOS="1267"
                          HPOS="1540"
                          CONTENT="quid"/>
                  <SP HEIGHT="65" WIDTH="20" VPOS="1267" HPOS="1697"/>
                  <String HEIGHT="65"
                          WIDTH="118"
                          VPOS="1267"
                          HPOS="1638"
                          CONTENT="in"/>
                  <SP HEIGHT="65" WIDTH="20" VPOS="1267" HPOS="1756"/>
                  <String HEIGHT="65"
                          WIDTH="235"
                          VPOS="1267"
                          HPOS="1697"
                          CONTENT="iudicio,"/>
                  <SP HEIGHT="65" WIDTH="20" VPOS="1267" HPOS="1932"/>
                  <String HEIGHT="65"
                          WIDTH="137"
                          VPOS="1267"
                          HPOS="1873"
                          CONTENT="nec"/>
                  <SP HEIGHT="65" WIDTH="20" VPOS="1267" HPOS="2011"/>
                  <String HEIGHT="65"
                          WIDTH="255"
                          VPOS="1267"
                          HPOS="1952"
                          CONTENT="suscipias"/>
                  <SP HEIGHT="65" WIDTH="20" VPOS="1267" HPOS="2207"/>
                  <String HEIGHT="65" WIDTH="78" VPOS="1267" HPOS="2129" CONTENT="fa"/>
               </TextLine>
               <TextLine ID="r2l20"
                         BASELINE="1385"
                         HEIGHT="58"
                         WIDTH="1648"
                         VPOS="1327"
                         HPOS="556">
                  <String HEIGHT="58"
                          WIDTH="163"
                          VPOS="1327"
                          HPOS="536"
                          CONTENT="ciem"/>
                  <SP HEIGHT="58" WIDTH="20" VPOS="1327" HPOS="698"/>
                  <String HEIGHT="58"
                          WIDTH="264"
                          VPOS="1327"
                          HPOS="637"
                          CONTENT="pauperis,"/>
                  <SP HEIGHT="58" WIDTH="20" VPOS="1327" HPOS="902"/>
                  <String HEIGHT="58"
                          WIDTH="183"
                          VPOS="1327"
                          HPOS="841"
                          CONTENT="neque"/>
                  <SP HEIGHT="58" WIDTH="20" VPOS="1327" HPOS="1024"/>
                  <String HEIGHT="58"
                          WIDTH="264"
                          VPOS="1327"
                          HPOS="963"
                          CONTENT="honorabis"/>
                  <SP HEIGHT="58" WIDTH="20" VPOS="1327" HPOS="1227"/>
                  <String HEIGHT="58"
                          WIDTH="203"
                          VPOS="1327"
                          HPOS="1166"
                          CONTENT="uultum"/>
                  <SP HEIGHT="58" WIDTH="20" VPOS="1327" HPOS="1370"/>
                  <String HEIGHT="58"
                          WIDTH="285"
                          VPOS="1327"
                          HPOS="1309"
                          CONTENT="magnifici,"/>
                  <SP HEIGHT="58" WIDTH="20" VPOS="1327" HPOS="1594"/>
                  <String HEIGHT="58"
                          WIDTH="122"
                          VPOS="1327"
                          HPOS="1533"
                          CONTENT="in"/>
                  <SP HEIGHT="58" WIDTH="20" VPOS="1327" HPOS="1655"/>
                  <String HEIGHT="58"
                          WIDTH="244"
                          VPOS="1327"
                          HPOS="1594"
                          CONTENT="iustitia"/>
                  <SP HEIGHT="58" WIDTH="20" VPOS="1327" HPOS="1838"/>
                  <String HEIGHT="58"
                          WIDTH="244"
                          VPOS="1327"
                          HPOS="1777"
                          CONTENT="iudicium"/>
                  <SP HEIGHT="58" WIDTH="20" VPOS="1327" HPOS="2021"/>
                  <String HEIGHT="58"
                          WIDTH="224"
                          VPOS="1327"
                          HPOS="1960"
                          CONTENT="proximi"/>
                  <SP HEIGHT="58" WIDTH="20" VPOS="1327" HPOS="2184"/>
                  <String HEIGHT="58"
                          WIDTH="102"
                          VPOS="1327"
                          HPOS="2102"
                          CONTENT="tui"/>
               </TextLine>
               <TextLine ID="r2l21"
                         BASELINE="1452"
                         HEIGHT="64"
                         WIDTH="1657"
                         VPOS="1388"
                         HPOS="553">
                  <String HEIGHT="64"
                          WIDTH="263"
                          VPOS="1388"
                          HPOS="533"
                          CONTENT="decernes."/>
                  <SP HEIGHT="64" WIDTH="20" VPOS="1388" HPOS="795"/>
                  <String HEIGHT="64"
                          WIDTH="182"
                          VPOS="1388"
                          HPOS="735"
                          CONTENT="Item,"/>
                  <SP HEIGHT="64" WIDTH="20" VPOS="1388" HPOS="917"/>
                  <String HEIGHT="64"
                          WIDTH="202"
                          VPOS="1388"
                          HPOS="856"
                          CONTENT="Nolite"/>
                  <SP HEIGHT="64" WIDTH="20" VPOS="1388" HPOS="1058"/>
                  <String HEIGHT="64"
                          WIDTH="202"
                          VPOS="1388"
                          HPOS="998"
                          CONTENT="facere"/>
                  <SP HEIGHT="64" WIDTH="20" VPOS="1388" HPOS="1200"/>
                  <String HEIGHT="64"
                          WIDTH="222"
                          VPOS="1388"
                          HPOS="1139"
                          CONTENT="iniquum"/>
                  <SP HEIGHT="64" WIDTH="20" VPOS="1388" HPOS="1361"/>
                  <String HEIGHT="64"
                          WIDTH="222"
                          VPOS="1388"
                          HPOS="1301"
                          CONTENT="aliquid"/>
                  <SP HEIGHT="64" WIDTH="20" VPOS="1388" HPOS="1523"/>
                  <String HEIGHT="64"
                          WIDTH="121"
                          VPOS="1388"
                          HPOS="1462"
                          CONTENT="in"/>
                  <SP HEIGHT="64" WIDTH="20" VPOS="1388" HPOS="1584"/>
                  <String HEIGHT="64"
                          WIDTH="242"
                          VPOS="1388"
                          HPOS="1523"
                          CONTENT="iudicio,"/>
                  <SP HEIGHT="64" WIDTH="20" VPOS="1388" HPOS="1765"/>
                  <String HEIGHT="64"
                          WIDTH="121"
                          VPOS="1388"
                          HPOS="1705"
                          CONTENT="in"/>
                  <SP HEIGHT="64" WIDTH="20" VPOS="1388" HPOS="1826"/>
                  <String HEIGHT="64"
                          WIDTH="222"
                          VPOS="1388"
                          HPOS="1765"
                          CONTENT="regula,"/>
                  <SP HEIGHT="64" WIDTH="20" VPOS="1388" HPOS="1988"/>
                  <String HEIGHT="64"
                          WIDTH="121"
                          VPOS="1388"
                          HPOS="1927"
                          CONTENT="in"/>
                  <SP HEIGHT="64" WIDTH="20" VPOS="1388" HPOS="2048"/>
                  <String HEIGHT="64"
                          WIDTH="222"
                          VPOS="1388"
                          HPOS="1988"
                          CONTENT="pondere"/>
                  <SP HEIGHT="64" WIDTH="20" VPOS="1388" HPOS="2210"/>
                  <String HEIGHT="64" WIDTH="101" VPOS="1388" HPOS="2149" CONTENT="&amp;"/>
                  <SP HEIGHT="64" WIDTH="20" VPOS="1388" HPOS="2250"/>
                  <String HEIGHT="64" WIDTH="40" VPOS="1388" HPOS="2170" CONTENT=""/>
               </TextLine>
               <TextLine ID="r2l22"
                         BASELINE="1514"
                         HEIGHT="85"
                         WIDTH="1661"
                         VPOS="1429"
                         HPOS="547">
                  <String HEIGHT="85" WIDTH="123" VPOS="1429" HPOS="526" CONTENT="in"/>
                  <SP HEIGHT="85" WIDTH="21" VPOS="1429" HPOS="650"/>
                  <String HEIGHT="85"
                          WIDTH="246"
                          VPOS="1429"
                          HPOS="588"
                          CONTENT="mensura."/>
                  <SP HEIGHT="85" WIDTH="21" VPOS="1429" HPOS="834"/>
                  <String HEIGHT="85"
                          WIDTH="205"
                          VPOS="1429"
                          HPOS="773"
                          CONTENT="Bilanx"/>
                  <SP HEIGHT="85" WIDTH="21" VPOS="1429" HPOS="978"/>
                  <String HEIGHT="85"
                          WIDTH="205"
                          VPOS="1429"
                          HPOS="916"
                          CONTENT="iusta,"/>
                  <SP HEIGHT="85" WIDTH="21" VPOS="1429" HPOS="1121"/>
                  <String HEIGHT="85"
                          WIDTH="226"
                          VPOS="1429"
                          HPOS="1060"
                          CONTENT="lapides"/>
                  <SP HEIGHT="85" WIDTH="21" VPOS="1429" HPOS="1285"/>
                  <String HEIGHT="85"
                          WIDTH="205"
                          VPOS="1429"
                          HPOS="1224"
                          CONTENT="iusti,"/>
                  <SP HEIGHT="85" WIDTH="21" VPOS="1429" HPOS="1429"/>
                  <String HEIGHT="85"
                          WIDTH="164"
                          VPOS="1429"
                          HPOS="1367"
                          CONTENT="epha"/>
                  <SP HEIGHT="85" WIDTH="21" VPOS="1429" HPOS="1531"/>
                  <String HEIGHT="85"
                          WIDTH="226"
                          VPOS="1429"
                          HPOS="1470"
                          CONTENT="iustum,"/>
                  <SP HEIGHT="85" WIDTH="21" VPOS="1429" HPOS="1695"/>
                  <String HEIGHT="85" WIDTH="103" VPOS="1429" HPOS="1634" CONTENT="&amp;"/>
                  <SP HEIGHT="85" WIDTH="21" VPOS="1429" HPOS="1736"/>
                  <String HEIGHT="85"
                          WIDTH="144"
                          VPOS="1429"
                          HPOS="1675"
                          CONTENT="hin"/>
                  <SP HEIGHT="85" WIDTH="21" VPOS="1429" HPOS="1818"/>
                  <String HEIGHT="85"
                          WIDTH="205"
                          VPOS="1429"
                          HPOS="1757"
                          CONTENT="iustum"/>
                  <SP HEIGHT="85" WIDTH="21" VPOS="1429" HPOS="1962"/>
                  <String HEIGHT="85"
                          WIDTH="144"
                          VPOS="1429"
                          HPOS="1900"
                          CONTENT="sit"/>
                  <SP HEIGHT="85" WIDTH="21" VPOS="1429" HPOS="2044"/>
                  <String HEIGHT="85"
                          WIDTH="205"
                          VPOS="1429"
                          HPOS="1982"
                          CONTENT="uobis."/>
                  <SP HEIGHT="85" WIDTH="21" VPOS="1429" HPOS="2187"/>
                  <String HEIGHT="85"
                          WIDTH="103"
                          VPOS="1429"
                          HPOS="2105"
                          CONTENT="Ego"/>
               </TextLine>
               <TextLine ID="r2l23"
                         BASELINE="1567"
                         HEIGHT="72"
                         WIDTH="1653"
                         VPOS="1495"
                         HPOS="553">
                  <String HEIGHT="72"
                          WIDTH="233"
                          VPOS="1495"
                          HPOS="532"
                          CONTENT="dominus"/>
                  <SP HEIGHT="72" WIDTH="21" VPOS="1495" HPOS="765"/>
                  <String HEIGHT="72"
                          WIDTH="170"
                          VPOS="1495"
                          HPOS="701"
                          CONTENT="deus"/>
                  <SP HEIGHT="72" WIDTH="21" VPOS="1495" HPOS="871"/>
                  <String HEIGHT="72"
                          WIDTH="233"
                          VPOS="1495"
                          HPOS="807"
                          CONTENT="uester,"/>
                  <SP HEIGHT="72" WIDTH="21" VPOS="1495" HPOS="1040"/>
                  <String HEIGHT="72"
                          WIDTH="148"
                          VPOS="1495"
                          HPOS="977"
                          CONTENT="&amp;c."/>
                  <SP HEIGHT="72" WIDTH="21" VPOS="1495" HPOS="1125"/>
                  <String HEIGHT="72"
                          WIDTH="339"
                          VPOS="1495"
                          HPOS="1062"
                          CONTENT="Comprehensum"/>
                  <SP HEIGHT="72" WIDTH="21" VPOS="1495" HPOS="1401"/>
                  <String HEIGHT="72"
                          WIDTH="127"
                          VPOS="1495"
                          HPOS="1337"
                          CONTENT="in"/>
                  <SP HEIGHT="72" WIDTH="21" VPOS="1495" HPOS="1464"/>
                  <String HEIGHT="72"
                          WIDTH="148"
                          VPOS="1495"
                          HPOS="1401"
                          CONTENT="his"/>
                  <SP HEIGHT="72" WIDTH="21" VPOS="1495" HPOS="1549"/>
                  <String HEIGHT="72"
                          WIDTH="212"
                          VPOS="1495"
                          HPOS="1485"
                          CONTENT="domini"/>
                  <SP HEIGHT="72" WIDTH="21" VPOS="1495" HPOS="1697"/>
                  <String HEIGHT="72"
                          WIDTH="148"
                          VPOS="1495"
                          HPOS="1634"
                          CONTENT="dei"/>
                  <SP HEIGHT="72" WIDTH="21" VPOS="1495" HPOS="1782"/>
                  <String HEIGHT="72"
                          WIDTH="212"
                          VPOS="1495"
                          HPOS="1719"
                          CONTENT="nostri"/>
                  <SP HEIGHT="72" WIDTH="21" VPOS="1495" HPOS="1931"/>
                  <String HEIGHT="72"
                          WIDTH="212"
                          VPOS="1495"
                          HPOS="1867"
                          CONTENT="uerbis"/>
                  <SP HEIGHT="72" WIDTH="21" VPOS="1495" HPOS="2079"/>
                  <String HEIGHT="72"
                          WIDTH="148"
                          VPOS="1495"
                          HPOS="2015"
                          CONTENT="aut"/>
                  <SP HEIGHT="72" WIDTH="21" VPOS="1495" HPOS="2164"/>
                  <String HEIGHT="72"
                          WIDTH="127"
                          VPOS="1495"
                          HPOS="2079"
                          CONTENT="prae"/>
               </TextLine>
               <TextLine ID="r2l24"
                         BASELINE="1609"
                         HEIGHT="62"
                         WIDTH="1644"
                         VPOS="1547"
                         HPOS="560">
                  <String HEIGHT="62"
                          WIDTH="216"
                          VPOS="1547"
                          HPOS="538"
                          CONTENT="ceptis"/>
                  <SP HEIGHT="62" WIDTH="22" VPOS="1547" HPOS="755"/>
                  <String HEIGHT="62"
                          WIDTH="346"
                          VPOS="1547"
                          HPOS="690"
                          CONTENT="paucissimis,"/>
                  <SP HEIGHT="62" WIDTH="22" VPOS="1547" HPOS="1036"/>
                  <String HEIGHT="62"
                          WIDTH="173"
                          VPOS="1547"
                          HPOS="971"
                          CONTENT="omne"/>
                  <SP HEIGHT="62" WIDTH="22" VPOS="1547" HPOS="1144"/>
                  <String HEIGHT="62"
                          WIDTH="195"
                          VPOS="1547"
                          HPOS="1079"
                          CONTENT="illud"/>
                  <SP HEIGHT="62" WIDTH="22" VPOS="1547" HPOS="1274"/>
                  <String HEIGHT="62"
                          WIDTH="260"
                          VPOS="1547"
                          HPOS="1209"
                          CONTENT="arbitror"/>
                  <SP HEIGHT="62" WIDTH="22" VPOS="1547" HPOS="1469"/>
                  <String HEIGHT="62"
                          WIDTH="173"
                          VPOS="1547"
                          HPOS="1404"
                          CONTENT="quod"/>
                  <SP HEIGHT="62" WIDTH="22" VPOS="1547" HPOS="1577"/>
                  <String HEIGHT="62"
                          WIDTH="303"
                          VPOS="1547"
                          HPOS="1512"
                          CONTENT="philosophi"/>
                  <SP HEIGHT="62" WIDTH="22" VPOS="1547" HPOS="1815"/>
                  <String HEIGHT="62" WIDTH="108" VPOS="1547" HPOS="1750" CONTENT="&amp;"/>
                  <SP HEIGHT="62" WIDTH="22" VPOS="1547" HPOS="1858"/>
                  <String HEIGHT="62"
                          WIDTH="389"
                          VPOS="1547"
                          HPOS="1793"
                          CONTENT="iurisprudentes"/>
                  <SP HEIGHT="62" WIDTH="22" VPOS="1547" HPOS="2182"/>
                  <String HEIGHT="62"
                          WIDTH="108"
                          VPOS="1547"
                          HPOS="2096"
                          CONTENT="uix"/>
               </TextLine>
               <TextLine ID="r2l25"
                         BASELINE="1671"
                         HEIGHT="60"
                         WIDTH="1645"
                         VPOS="1611"
                         HPOS="562">
                  <String HEIGHT="60"
                          WIDTH="206"
                          VPOS="1611"
                          HPOS="541"
                          CONTENT="multis"/>
                  <SP HEIGHT="60" WIDTH="21" VPOS="1611" HPOS="747"/>
                  <String HEIGHT="60"
                          WIDTH="267"
                          VPOS="1611"
                          HPOS="685"
                          CONTENT="absoluunt"/>
                  <SP HEIGHT="60" WIDTH="21" VPOS="1611" HPOS="953"/>
                  <String HEIGHT="60"
                          WIDTH="226"
                          VPOS="1611"
                          HPOS="891"
                          CONTENT="libris."/>
                  <SP HEIGHT="60" WIDTH="21" VPOS="1611" HPOS="1117"/>
                  <String HEIGHT="60"
                          WIDTH="185"
                          VPOS="1611"
                          HPOS="1056"
                          CONTENT="Super"/>
                  <SP HEIGHT="60" WIDTH="21" VPOS="1611" HPOS="1241"/>
                  <String HEIGHT="60"
                          WIDTH="165"
                          VPOS="1611"
                          HPOS="1179"
                          CONTENT="haec"/>
                  <SP HEIGHT="60" WIDTH="21" VPOS="1611" HPOS="1343"/>
                  <String HEIGHT="60"
                          WIDTH="185"
                          VPOS="1611"
                          HPOS="1282"
                          CONTENT="omnia"/>
                  <SP HEIGHT="60" WIDTH="21" VPOS="1611" HPOS="1467"/>
                  <String HEIGHT="60"
                          WIDTH="329"
                          VPOS="1611"
                          HPOS="1405"
                          CONTENT="sanctissimus"/>
                  <SP HEIGHT="60" WIDTH="21" VPOS="1611" HPOS="1734"/>
                  <String HEIGHT="60"
                          WIDTH="144"
                          VPOS="1611"
                          HPOS="1672"
                          CONTENT="dei"/>
                  <SP HEIGHT="60" WIDTH="21" VPOS="1611" HPOS="1816"/>
                  <String HEIGHT="60"
                          WIDTH="247"
                          VPOS="1611"
                          HPOS="1755"
                          CONTENT="propheta"/>
                  <SP HEIGHT="60" WIDTH="21" VPOS="1611" HPOS="2001"/>
                  <String HEIGHT="60"
                          WIDTH="247"
                          VPOS="1611"
                          HPOS="1940"
                          CONTENT="leremias"/>
                  <SP HEIGHT="60" WIDTH="21" VPOS="1611" HPOS="2186"/>
                  <String HEIGHT="60"
                          WIDTH="103"
                          VPOS="1611"
                          HPOS="2104"
                          CONTENT="cla"/>
               </TextLine>
               <TextLine ID="r2l26"
                         BASELINE="1734"
                         HEIGHT="66"
                         WIDTH="1642"
                         VPOS="1668"
                         HPOS="561">
                  <String HEIGHT="66"
                          WIDTH="173"
                          VPOS="1668"
                          HPOS="539"
                          CONTENT="mat,"/>
                  <SP HEIGHT="66" WIDTH="22" VPOS="1668" HPOS="712"/>
                  <String HEIGHT="66"
                          WIDTH="216"
                          VPOS="1668"
                          HPOS="647"
                          CONTENT="Facite"/>
                  <SP HEIGHT="66" WIDTH="22" VPOS="1668" HPOS="863"/>
                  <String HEIGHT="66"
                          WIDTH="259"
                          VPOS="1668"
                          HPOS="799"
                          CONTENT="iudicium"/>
                  <SP HEIGHT="66" WIDTH="22" VPOS="1668" HPOS="1058"/>
                  <String HEIGHT="66" WIDTH="108" VPOS="1668" HPOS="993" CONTENT="&amp;"/>
                  <SP HEIGHT="66" WIDTH="22" VPOS="1668" HPOS="1101"/>
                  <String HEIGHT="66"
                          WIDTH="302"
                          VPOS="1668"
                          HPOS="1036"
                          CONTENT="iustitiam,"/>
                  <SP HEIGHT="66" WIDTH="22" VPOS="1668" HPOS="1339"/>
                  <String HEIGHT="66" WIDTH="108" VPOS="1668" HPOS="1274" CONTENT="&amp;"/>
                  <SP HEIGHT="66" WIDTH="22" VPOS="1668" HPOS="1382"/>
                  <String HEIGHT="66"
                          WIDTH="259"
                          VPOS="1668"
                          HPOS="1317"
                          CONTENT="liberate"/>
                  <SP HEIGHT="66" WIDTH="22" VPOS="1668" HPOS="1576"/>
                  <String HEIGHT="66"
                          WIDTH="130"
                          VPOS="1668"
                          HPOS="1512"
                          CONTENT="ui"/>
                  <SP HEIGHT="66" WIDTH="22" VPOS="1668" HPOS="1641"/>
                  <String HEIGHT="66"
                          WIDTH="281"
                          VPOS="1668"
                          HPOS="1576"
                          CONTENT="oppressum"/>
                  <SP HEIGHT="66" WIDTH="22" VPOS="1668" HPOS="1857"/>
                  <String HEIGHT="66"
                          WIDTH="130"
                          VPOS="1668"
                          HPOS="1793"
                          CONTENT="de"/>
                  <SP HEIGHT="66" WIDTH="22" VPOS="1668" HPOS="1922"/>
                  <String HEIGHT="66"
                          WIDTH="173"
                          VPOS="1668"
                          HPOS="1857"
                          CONTENT="manu"/>
                  <SP HEIGHT="66" WIDTH="22" VPOS="1668" HPOS="2030"/>
                  <String HEIGHT="66"
                          WIDTH="259"
                          VPOS="1668"
                          HPOS="1944"
                          CONTENT="calumniato"/>
               </TextLine>
               <TextLine ID="r2l27"
                         BASELINE="1784"
                         HEIGHT="72"
                         WIDTH="1644"
                         VPOS="1712"
                         HPOS="561">
                  <String HEIGHT="72"
                          WIDTH="135"
                          VPOS="1712"
                          HPOS="542"
                          CONTENT="ris"/>
                  <SP HEIGHT="72" WIDTH="19" VPOS="1712" HPOS="677"/>
                  <String HEIGHT="72" WIDTH="97" VPOS="1712" HPOS="619" CONTENT=":"/>
                  <SP HEIGHT="72" WIDTH="19" VPOS="1712" HPOS="716"/>
                  <String HEIGHT="72"
                          WIDTH="271"
                          VPOS="1712"
                          HPOS="658"
                          CONTENT="peregrinum"/>
                  <SP HEIGHT="72" WIDTH="19" VPOS="1712" HPOS="928"/>
                  <String HEIGHT="72"
                          WIDTH="213"
                          VPOS="1712"
                          HPOS="870"
                          CONTENT="quoque,"/>
                  <SP HEIGHT="72" WIDTH="19" VPOS="1712" HPOS="1083"/>
                  <String HEIGHT="72"
                          WIDTH="232"
                          VPOS="1712"
                          HPOS="1025"
                          CONTENT="pupillum"/>
                  <SP HEIGHT="72" WIDTH="19" VPOS="1712" HPOS="1257"/>
                  <String HEIGHT="72" WIDTH="97" VPOS="1712" HPOS="1199" CONTENT="&amp;"/>
                  <SP HEIGHT="72" WIDTH="19" VPOS="1712" HPOS="1296"/>
                  <String HEIGHT="72"
                          WIDTH="193"
                          VPOS="1712"
                          HPOS="1238"
                          CONTENT="uiduam"/>
                  <SP HEIGHT="72" WIDTH="19" VPOS="1712" HPOS="1431"/>
                  <String HEIGHT="72"
                          WIDTH="116"
                          VPOS="1712"
                          HPOS="1373"
                          CONTENT="ne"/>
                  <SP HEIGHT="72" WIDTH="19" VPOS="1712" HPOS="1489"/>
                  <String HEIGHT="72"
                          WIDTH="329"
                          VPOS="1712"
                          HPOS="1431"
                          CONTENT="contristetis,"/>
                  <SP HEIGHT="72" WIDTH="19" VPOS="1712" HPOS="1760"/>
                  <String HEIGHT="72"
                          WIDTH="174"
                          VPOS="1712"
                          HPOS="1702"
                          CONTENT="neque"/>
                  <SP HEIGHT="72" WIDTH="19" VPOS="1712" HPOS="1876"/>
                  <String HEIGHT="72"
                          WIDTH="232"
                          VPOS="1712"
                          HPOS="1818"
                          CONTENT="iniuriam"/>
                  <SP HEIGHT="72" WIDTH="19" VPOS="1712" HPOS="2050"/>
                  <String HEIGHT="72"
                          WIDTH="251"
                          VPOS="1712"
                          HPOS="1992"
                          CONTENT="faciatis,"/>
                  <SP HEIGHT="72" WIDTH="19" VPOS="1712" HPOS="2244"/>
                  <String HEIGHT="72" WIDTH="39" VPOS="1712" HPOS="2166" CONTENT=""/>
               </TextLine>
               <TextLine ID="r2l28"
                         BASELINE="1842"
                         HEIGHT="78"
                         WIDTH="1345"
                         VPOS="1764"
                         HPOS="556">
                  <String HEIGHT="78" WIDTH="107" VPOS="1764" HPOS="535" CONTENT="&amp;"/>
                  <SP HEIGHT="78" WIDTH="21" VPOS="1764" HPOS="641"/>
                  <String HEIGHT="78"
                          WIDTH="278"
                          VPOS="1764"
                          HPOS="577"
                          CONTENT="sanguinem"/>
                  <SP HEIGHT="78" WIDTH="21" VPOS="1764" HPOS="855"/>
                  <String HEIGHT="78"
                          WIDTH="299"
                          VPOS="1764"
                          HPOS="791"
                          CONTENT="innocentem"/>
                  <SP HEIGHT="78" WIDTH="21" VPOS="1764" HPOS="1090"/>
                  <String HEIGHT="78"
                          WIDTH="128"
                          VPOS="1764"
                          HPOS="1026"
                          CONTENT="ne"/>
                  <SP HEIGHT="78" WIDTH="21" VPOS="1764" HPOS="1154"/>
                  <String HEIGHT="78"
                          WIDTH="342"
                          VPOS="1764"
                          HPOS="1090"
                          CONTENT="effuderitis."/>
                  <SP HEIGHT="78" WIDTH="21" VPOS="1764" HPOS="1431"/>
                  <String HEIGHT="78"
                          WIDTH="171"
                          VPOS="1764"
                          HPOS="1367"
                          CONTENT="Haec"/>
                  <SP HEIGHT="78" WIDTH="21" VPOS="1764" HPOS="1538"/>
                  <String HEIGHT="78"
                          WIDTH="128"
                          VPOS="1764"
                          HPOS="1474"
                          CONTENT="de"/>
                  <SP HEIGHT="78" WIDTH="21" VPOS="1764" HPOS="1602"/>
                  <String HEIGHT="78"
                          WIDTH="235"
                          VPOS="1764"
                          HPOS="1538"
                          CONTENT="iudicum"/>
                  <SP HEIGHT="78" WIDTH="21" VPOS="1764" HPOS="1773"/>
                  <String HEIGHT="78"
                          WIDTH="213"
                          VPOS="1764"
                          HPOS="1688"
                          CONTENT="officio."/>
               </TextLine>
               <TextLine ID="r2l29"
                         BASELINE="1899"
                         HEIGHT="79"
                         WIDTH="1568"
                         VPOS="1820"
                         HPOS="637">
                  <String HEIGHT="79"
                          WIDTH="227"
                          VPOS="1820"
                          HPOS="616"
                          CONTENT="Frustra"/>
                  <SP HEIGHT="79" WIDTH="21" VPOS="1820" HPOS="843"/>
                  <String HEIGHT="79"
                          WIDTH="165"
                          VPOS="1820"
                          HPOS="781"
                          CONTENT="uero"/>
                  <SP HEIGHT="79" WIDTH="21" VPOS="1820" HPOS="946"/>
                  <String HEIGHT="79" WIDTH="124" VPOS="1820" HPOS="885" CONTENT="de"/>
                  <SP HEIGHT="79" WIDTH="21" VPOS="1820" HPOS="1008"/>
                  <String HEIGHT="79" WIDTH="124" VPOS="1820" HPOS="946" CONTENT="hi"/>
                  <SP HEIGHT="79" WIDTH="21" VPOS="1820" HPOS="1070"/>
                  <String HEIGHT="79"
                          WIDTH="248"
                          VPOS="1820"
                          HPOS="1008"
                          CONTENT="hucusque"/>
                  <SP HEIGHT="79" WIDTH="21" VPOS="1820" HPOS="1256"/>
                  <String HEIGHT="79"
                          WIDTH="165"
                          VPOS="1820"
                          HPOS="1194"
                          CONTENT="apud"/>
                  <SP HEIGHT="79" WIDTH="21" VPOS="1820" HPOS="1359"/>
                  <String HEIGHT="79"
                          WIDTH="227"
                          VPOS="1820"
                          HPOS="1297"
                          CONTENT="quosdam"/>
                  <SP HEIGHT="79" WIDTH="21" VPOS="1820" HPOS="1524"/>
                  <String HEIGHT="79"
                          WIDTH="330"
                          VPOS="1820"
                          HPOS="1462"
                          CONTENT="disseruimus,"/>
                  <SP HEIGHT="79" WIDTH="21" VPOS="1820" HPOS="1792"/>
                  <String HEIGHT="79"
                          WIDTH="165"
                          VPOS="1820"
                          HPOS="1730"
                          CONTENT="nisi"/>
                  <SP HEIGHT="79" WIDTH="21" VPOS="1820" HPOS="1896"/>
                  <String HEIGHT="79"
                          WIDTH="186"
                          VPOS="1820"
                          HPOS="1834"
                          CONTENT="etiam"/>
                  <SP HEIGHT="79" WIDTH="21" VPOS="1820" HPOS="2019"/>
                  <String HEIGHT="79"
                          WIDTH="227"
                          VPOS="1820"
                          HPOS="1957"
                          CONTENT="ipsorum"/>
                  <SP HEIGHT="79" WIDTH="21" VPOS="1820" HPOS="2184"/>
                  <String HEIGHT="79"
                          WIDTH="124"
                          VPOS="1820"
                          HPOS="2122"
                          CONTENT="ob"/>
                  <SP HEIGHT="79" WIDTH="21" VPOS="1820" HPOS="2246"/>
                  <String HEIGHT="79" WIDTH="41" VPOS="1820" HPOS="2164" CONTENT=""/>
               </TextLine>
               <TextLine ID="r2l30"
                         BASELINE="1946"
                         HEIGHT="79"
                         WIDTH="1650"
                         VPOS="1867"
                         HPOS="552">
                  <String HEIGHT="79"
                          WIDTH="294"
                          VPOS="1867"
                          HPOS="529"
                          CONTENT="iectiones"/>
                  <SP HEIGHT="79" WIDTH="23" VPOS="1867" HPOS="823"/>
                  <String HEIGHT="79"
                          WIDTH="294"
                          VPOS="1867"
                          HPOS="755"
                          CONTENT="diluamus,"/>
                  <SP HEIGHT="79" WIDTH="23" VPOS="1867" HPOS="1049"/>
                  <String HEIGHT="79"
                          WIDTH="226"
                          VPOS="1867"
                          HPOS="981"
                          CONTENT="quibus"/>
                  <SP HEIGHT="79" WIDTH="23" VPOS="1867" HPOS="1207"/>
                  <String HEIGHT="79"
                          WIDTH="316"
                          VPOS="1867"
                          HPOS="1140"
                          CONTENT="contendunt"/>
                  <SP HEIGHT="79" WIDTH="23" VPOS="1867" HPOS="1456"/>
                  <String HEIGHT="79"
                          WIDTH="316"
                          VPOS="1867"
                          HPOS="1388"
                          CONTENT="demostrare"/>
                  <SP HEIGHT="79" WIDTH="23" VPOS="1867" HPOS="1705"/>
                  <String HEIGHT="79"
                          WIDTH="203"
                          VPOS="1867"
                          HPOS="1637"
                          CONTENT="forum"/>
                  <SP HEIGHT="79" WIDTH="23" VPOS="1867" HPOS="1840"/>
                  <String HEIGHT="79"
                          WIDTH="136"
                          VPOS="1867"
                          HPOS="1773"
                          CONTENT="in"/>
                  <SP HEIGHT="79" WIDTH="23" VPOS="1867" HPOS="1908"/>
                  <String HEIGHT="79"
                          WIDTH="316"
                          VPOS="1867"
                          HPOS="1840"
                          CONTENT="uniiuersum"/>
                  <SP HEIGHT="79" WIDTH="23" VPOS="1867" HPOS="2157"/>
                  <String HEIGHT="79"
                          WIDTH="136"
                          VPOS="1867"
                          HPOS="2066"
                          CONTENT="omne"/>
               </TextLine>
               <TextLine ID="r2l31"
                         BASELINE="2001"
                         HEIGHT="62"
                         WIDTH="1652"
                         VPOS="1939"
                         HPOS="554">
                  <String HEIGHT="62"
                          WIDTH="256"
                          VPOS="1939"
                          HPOS="534"
                          CONTENT="abrogatum"/>
                  <SP HEIGHT="62" WIDTH="20" VPOS="1939" HPOS="790"/>
                  <String HEIGHT="62"
                          WIDTH="177"
                          VPOS="1939"
                          HPOS="731"
                          CONTENT="esse,"/>
                  <SP HEIGHT="62" WIDTH="20" VPOS="1939" HPOS="908"/>
                  <String HEIGHT="62" WIDTH="118" VPOS="1939" HPOS="849" CONTENT="in"/>
                  <SP HEIGHT="62" WIDTH="20" VPOS="1939" HPOS="967"/>
                  <String HEIGHT="62"
                          WIDTH="256"
                          VPOS="1939"
                          HPOS="908"
                          CONTENT="euangelio"/>
                  <SP HEIGHT="62" WIDTH="20" VPOS="1939" HPOS="1164"/>
                  <String HEIGHT="62"
                          WIDTH="216"
                          VPOS="1939"
                          HPOS="1105"
                          CONTENT="dicente"/>
                  <SP HEIGHT="62" WIDTH="20" VPOS="1939" HPOS="1321"/>
                  <String HEIGHT="62"
                          WIDTH="216"
                          VPOS="1939"
                          HPOS="1262"
                          CONTENT="domino,"/>
                  <SP HEIGHT="62" WIDTH="20" VPOS="1939" HPOS="1478"/>
                  <String HEIGHT="62"
                          WIDTH="118"
                          VPOS="1939"
                          HPOS="1419"
                          CONTENT="Ei"/>
                  <SP HEIGHT="62" WIDTH="20" VPOS="1939" HPOS="1537"/>
                  <String HEIGHT="62"
                          WIDTH="138"
                          VPOS="1939"
                          HPOS="1478"
                          CONTENT="qui"/>
                  <SP HEIGHT="62" WIDTH="20" VPOS="1939" HPOS="1616"/>
                  <String HEIGHT="62"
                          WIDTH="118"
                          VPOS="1939"
                          HPOS="1557"
                          CONTENT="te"/>
                  <SP HEIGHT="62" WIDTH="20" VPOS="1939" HPOS="1675"/>
                  <String HEIGHT="62"
                          WIDTH="177"
                          VPOS="1939"
                          HPOS="1616"
                          CONTENT="uelit"/>
                  <SP HEIGHT="62" WIDTH="20" VPOS="1939" HPOS="1793"/>
                  <String HEIGHT="62"
                          WIDTH="118"
                          VPOS="1939"
                          HPOS="1734"
                          CONTENT="in"/>
                  <SP HEIGHT="62" WIDTH="20" VPOS="1939" HPOS="1852"/>
                  <String HEIGHT="62"
                          WIDTH="138"
                          VPOS="1939"
                          HPOS="1793"
                          CONTENT="ius"/>
                  <SP HEIGHT="62" WIDTH="20" VPOS="1939" HPOS="1931"/>
                  <String HEIGHT="62"
                          WIDTH="216"
                          VPOS="1939"
                          HPOS="1872"
                          CONTENT="trahere"/>
                  <SP HEIGHT="62" WIDTH="20" VPOS="1939" HPOS="2088"/>
                  <String HEIGHT="62"
                          WIDTH="118"
                          VPOS="1939"
                          HPOS="2029"
                          CONTENT="ac"/>
                  <SP HEIGHT="62" WIDTH="20" VPOS="1939" HPOS="2147"/>
                  <String HEIGHT="62"
                          WIDTH="138"
                          VPOS="1939"
                          HPOS="2068"
                          CONTENT="tuni"
                          SUBS_TYPE="HypPart1"
                          SUBS_CONTENT="tunicam"/>
                  <HYP CONTENT="-"/>
               </TextLine>
               <TextLine ID="r2l32"
                         BASELINE="2053"
                         HEIGHT="59"
                         WIDTH="1648"
                         VPOS="1994"
                         HPOS="557">
                  <String HEIGHT="59"
                          WIDTH="144"
                          VPOS="1994"
                          HPOS="536"
                          CONTENT="cam"
                          SUBS_TYPE="HypPart2"
                          SUBS_CONTENT="tunicam"/>
                  <SP HEIGHT="59" WIDTH="21" VPOS="1994" HPOS="681"/>
                  <String HEIGHT="59"
                          WIDTH="165"
                          VPOS="1994"
                          HPOS="619"
                          CONTENT="tuam"/>
                  <SP HEIGHT="59" WIDTH="21" VPOS="1994" HPOS="784"/>
                  <String HEIGHT="59"
                          WIDTH="227"
                          VPOS="1994"
                          HPOS="722"
                          CONTENT="tollere"/>
                  <SP HEIGHT="59" WIDTH="21" VPOS="1994" HPOS="948"/>
                  <String HEIGHT="59"
                          WIDTH="247"
                          VPOS="1994"
                          HPOS="887"
                          CONTENT="permitte"/>
                  <SP HEIGHT="59" WIDTH="21" VPOS="1994" HPOS="1134"/>
                  <String HEIGHT="59"
                          WIDTH="165"
                          VPOS="1994"
                          HPOS="1072"
                          CONTENT="illi"/>
                  <SP HEIGHT="59" WIDTH="21" VPOS="1994" HPOS="1237"/>
                  <String HEIGHT="59" WIDTH="103" VPOS="1994" HPOS="1175" CONTENT="&amp;"/>
                  <SP HEIGHT="59" WIDTH="21" VPOS="1994" HPOS="1278"/>
                  <String HEIGHT="59"
                          WIDTH="247"
                          VPOS="1994"
                          HPOS="1216"
                          CONTENT="pallium."/>
                  <SP HEIGHT="59" WIDTH="21" VPOS="1994" HPOS="1463"/>
                  <String HEIGHT="59"
                          WIDTH="124"
                          VPOS="1994"
                          HPOS="1402"
                          CONTENT="Et"/>
                  <SP HEIGHT="59" WIDTH="21" VPOS="1994" HPOS="1525"/>
                  <String HEIGHT="59"
                          WIDTH="227"
                          VPOS="1994"
                          HPOS="1463"
                          CONTENT="iterum,"/>
                  <SP HEIGHT="59" WIDTH="21" VPOS="1994" HPOS="1690"/>
                  <String HEIGHT="59"
                          WIDTH="144"
                          VPOS="1994"
                          HPOS="1628"
                          CONTENT="Cum"/>
                  <SP HEIGHT="59" WIDTH="21" VPOS="1994" HPOS="1772"/>
                  <String HEIGHT="59"
                          WIDTH="165"
                          VPOS="1994"
                          HPOS="1711"
                          CONTENT="abis"/>
                  <SP HEIGHT="59" WIDTH="21" VPOS="1994" HPOS="1875"/>
                  <String HEIGHT="59"
                          WIDTH="144"
                          VPOS="1994"
                          HPOS="1814"
                          CONTENT="cum"/>
                  <SP HEIGHT="59" WIDTH="21" VPOS="1994" HPOS="1958"/>
                  <String HEIGHT="59"
                          WIDTH="288"
                          VPOS="1994"
                          HPOS="1896"
                          CONTENT="aduersario"/>
                  <SP HEIGHT="59" WIDTH="21" VPOS="1994" HPOS="2184"/>
                  <String HEIGHT="59"
                          WIDTH="103"
                          VPOS="1994"
                          HPOS="2102"
                          CONTENT="tuo"/>
               </TextLine>
               <TextLine ID="r2l33"
                         BASELINE="2110"
                         HEIGHT="60"
                         WIDTH="1659"
                         VPOS="2050"
                         HPOS="547">
                  <String HEIGHT="60" WIDTH="124" VPOS="2050" HPOS="526" CONTENT="ad"/>
                  <SP HEIGHT="60" WIDTH="21" VPOS="2050" HPOS="651"/>
                  <String HEIGHT="60"
                          WIDTH="332"
                          VPOS="2050"
                          HPOS="588"
                          CONTENT="magistratum,"/>
                  <SP HEIGHT="60" WIDTH="21" VPOS="2050" HPOS="920"/>
                  <String HEIGHT="60" WIDTH="124" VPOS="2050" HPOS="858" CONTENT="da"/>
                  <SP HEIGHT="60" WIDTH="21" VPOS="2050" HPOS="982"/>
                  <String HEIGHT="60"
                          WIDTH="207"
                          VPOS="2050"
                          HPOS="920"
                          CONTENT="operam"/>
                  <SP HEIGHT="60" WIDTH="21" VPOS="2050" HPOS="1128"/>
                  <String HEIGHT="60"
                          WIDTH="124"
                          VPOS="2050"
                          HPOS="1065"
                          CONTENT="ut"/>
                  <SP HEIGHT="60" WIDTH="21" VPOS="2050" HPOS="1190"/>
                  <String HEIGHT="60"
                          WIDTH="124"
                          VPOS="2050"
                          HPOS="1128"
                          CONTENT="in"/>
                  <SP HEIGHT="60" WIDTH="21" VPOS="2050" HPOS="1252"/>
                  <String HEIGHT="60"
                          WIDTH="228"
                          VPOS="2050"
                          HPOS="1190"
                          CONTENT="itinere"/>
                  <SP HEIGHT="60" WIDTH="21" VPOS="2050" HPOS="1418"/>
                  <String HEIGHT="60"
                          WIDTH="249"
                          VPOS="2050"
                          HPOS="1356"
                          CONTENT="componas"/>
                  <SP HEIGHT="60" WIDTH="21" VPOS="2050" HPOS="1605"/>
                  <String HEIGHT="60"
                          WIDTH="145"
                          VPOS="2050"
                          HPOS="1542"
                          CONTENT="cum"/>
                  <SP HEIGHT="60" WIDTH="21" VPOS="2050" HPOS="1688"/>
                  <String HEIGHT="60"
                          WIDTH="187"
                          VPOS="2050"
                          HPOS="1625"
                          CONTENT="illo,"/>
                  <SP HEIGHT="60" WIDTH="21" VPOS="2050" HPOS="1812"/>
                  <String HEIGHT="60"
                          WIDTH="124"
                          VPOS="2050"
                          HPOS="1750"
                          CONTENT="ne"/>
                  <SP HEIGHT="60" WIDTH="21" VPOS="2050" HPOS="1874"/>
                  <String HEIGHT="60"
                          WIDTH="187"
                          VPOS="2050"
                          HPOS="1812"
                          CONTENT="forte"/>
                  <SP HEIGHT="60" WIDTH="21" VPOS="2050" HPOS="1999"/>
                  <String HEIGHT="60"
                          WIDTH="249"
                          VPOS="2050"
                          HPOS="1936"
                          CONTENT="tradaris"/>
                  <SP HEIGHT="60" WIDTH="21" VPOS="2050" HPOS="2185"/>
                  <String HEIGHT="60"
                          WIDTH="104"
                          VPOS="2050"
                          HPOS="2102"
                          CONTENT="tor"/>
               </TextLine>
               <TextLine ID="r2l34"
                         BASELINE="2169"
                         HEIGHT="62"
                         WIDTH="1652"
                         VPOS="2107"
                         HPOS="554">
                  <String HEIGHT="62"
                          WIDTH="179"
                          VPOS="2107"
                          HPOS="534"
                          CONTENT="tori."/>
                  <SP HEIGHT="62" WIDTH="20" VPOS="2107" HPOS="713"/>
                  <String HEIGHT="62"
                          WIDTH="199"
                          VPOS="2107"
                          HPOS="654"
                          CONTENT="Addunt"/>
                  <SP HEIGHT="62" WIDTH="20" VPOS="2107" HPOS="853"/>
                  <String HEIGHT="62"
                          WIDTH="179"
                          VPOS="2107"
                          HPOS="793"
                          CONTENT="lites"/>
                  <SP HEIGHT="62" WIDTH="20" VPOS="2107" HPOS="972"/>
                  <String HEIGHT="62"
                          WIDTH="239"
                          VPOS="2107"
                          HPOS="912"
                          CONTENT="forenses"/>
                  <SP HEIGHT="62" WIDTH="20" VPOS="2107" HPOS="1151"/>
                  <String HEIGHT="62"
                          WIDTH="119"
                          VPOS="2107"
                          HPOS="1091"
                          CONTENT="ab"/>
                  <SP HEIGHT="62" WIDTH="20" VPOS="2107" HPOS="1211"/>
                  <String HEIGHT="62"
                          WIDTH="239"
                          VPOS="2107"
                          HPOS="1151"
                          CONTENT="apostolo"/>
                  <SP HEIGHT="62" WIDTH="20" VPOS="2107" HPOS="1390"/>
                  <String HEIGHT="62"
                          WIDTH="179"
                          VPOS="2107"
                          HPOS="1330"
                          CONTENT="Paulo"/>
                  <SP HEIGHT="62" WIDTH="20" VPOS="2107" HPOS="1509"/>
                  <String HEIGHT="62"
                          WIDTH="119"
                          VPOS="2107"
                          HPOS="1450"
                          CONTENT="ad"/>
                  <SP HEIGHT="62" WIDTH="20" VPOS="2107" HPOS="1569"/>
                  <String HEIGHT="62"
                          WIDTH="239"
                          VPOS="2107"
                          HPOS="1509"
                          CONTENT="Corinth."/>
                  <SP HEIGHT="62" WIDTH="20" VPOS="2107" HPOS="1748"/>
                  <String HEIGHT="62"
                          WIDTH="259"
                          VPOS="2107"
                          HPOS="1689"
                          CONTENT="scribente"/>
                  <SP HEIGHT="62" WIDTH="20" VPOS="2107" HPOS="1947"/>
                  <String HEIGHT="62"
                          WIDTH="119"
                          VPOS="2107"
                          HPOS="1888"
                          CONTENT="in"/>
                  <SP HEIGHT="62" WIDTH="20" VPOS="2107" HPOS="2007"/>
                  <String HEIGHT="62"
                          WIDTH="159"
                          VPOS="2107"
                          HPOS="1947"
                          CONTENT="cap."/>
                  <SP HEIGHT="62" WIDTH="20" VPOS="2107" HPOS="2106"/>
                  <String HEIGHT="62"
                          WIDTH="119"
                          VPOS="2107"
                          HPOS="2047"
                          CONTENT="6."/>
                  <SP HEIGHT="62" WIDTH="20" VPOS="2107" HPOS="2166"/>
                  <String HEIGHT="62"
                          WIDTH="139"
                          VPOS="2107"
                          HPOS="2106"
                          CONTENT="dam"/>
                  <SP HEIGHT="62" WIDTH="20" VPOS="2107" HPOS="2246"/>
                  <String HEIGHT="62" WIDTH="40" VPOS="2107" HPOS="2166" CONTENT=""/>
               </TextLine>
               <TextLine ID="r2l35"
                         BASELINE="2231"
                         HEIGHT="57"
                         WIDTH="1653"
                         VPOS="2174"
                         HPOS="548">
                  <String HEIGHT="57"
                          WIDTH="215"
                          VPOS="2174"
                          HPOS="527"
                          CONTENT="natas."/>
                  <SP HEIGHT="57" WIDTH="21" VPOS="2174" HPOS="741"/>
                  <String HEIGHT="57" WIDTH="129" VPOS="2174" HPOS="677" CONTENT="Ad"/>
                  <SP HEIGHT="57" WIDTH="21" VPOS="2174" HPOS="806"/>
                  <String HEIGHT="57"
                          WIDTH="172"
                          VPOS="2174"
                          HPOS="741"
                          CONTENT="quae"/>
                  <SP HEIGHT="57" WIDTH="21" VPOS="2174" HPOS="913"/>
                  <String HEIGHT="57"
                          WIDTH="150"
                          VPOS="2174"
                          HPOS="849"
                          CONTENT="sic"/>
                  <SP HEIGHT="57" WIDTH="21" VPOS="2174" HPOS="999"/>
                  <String HEIGHT="57"
                          WIDTH="343"
                          VPOS="2174"
                          HPOS="934"
                          CONTENT="respondemus,"/>
                  <SP HEIGHT="57" WIDTH="21" VPOS="2174" HPOS="1278"/>
                  <String HEIGHT="57"
                          WIDTH="193"
                          VPOS="2174"
                          HPOS="1213"
                          CONTENT="Sicut"/>
                  <SP HEIGHT="57" WIDTH="21" VPOS="2174" HPOS="1407"/>
                  <String HEIGHT="57"
                          WIDTH="301"
                          VPOS="2174"
                          HPOS="1342"
                          CONTENT="oeconomiam"/>
                  <SP HEIGHT="57" WIDTH="21" VPOS="2174" HPOS="1643"/>
                  <String HEIGHT="57"
                          WIDTH="150"
                          VPOS="2174"
                          HPOS="1578"
                          CONTENT="non"/>
                  <SP HEIGHT="57" WIDTH="21" VPOS="2174" HPOS="1729"/>
                  <String HEIGHT="57"
                          WIDTH="215"
                          VPOS="2174"
                          HPOS="1664"
                          CONTENT="abolet"/>
                  <SP HEIGHT="57" WIDTH="21" VPOS="2174" HPOS="1879"/>
                  <String HEIGHT="57" WIDTH="107" VPOS="2174" HPOS="1815" CONTENT="&amp;"/>
                  <SP HEIGHT="57" WIDTH="21" VPOS="2174" HPOS="1922"/>
                  <String HEIGHT="57"
                          WIDTH="215"
                          VPOS="2174"
                          HPOS="1858"
                          CONTENT="damnat"/>
                  <SP HEIGHT="57" WIDTH="21" VPOS="2174" HPOS="2072"/>
                  <String HEIGHT="57"
                          WIDTH="215"
                          VPOS="2174"
                          HPOS="1986"
                          CONTENT="doctrina"/>
               </TextLine>
               <TextLine ID="r2l36"
                         BASELINE="2282"
                         HEIGHT="67"
                         WIDTH="1643"
                         VPOS="2215"
                         HPOS="550">
                  <String HEIGHT="67"
                          WIDTH="264"
                          VPOS="2215"
                          HPOS="530"
                          CONTENT="euangelij"/>
                  <SP HEIGHT="67" WIDTH="20" VPOS="2215" HPOS="793"/>
                  <String HEIGHT="67" WIDTH="101" VPOS="2215" HPOS="733" CONTENT="&amp;"/>
                  <SP HEIGHT="67" WIDTH="20" VPOS="2215" HPOS="834"/>
                  <String HEIGHT="67"
                          WIDTH="325"
                          VPOS="2215"
                          HPOS="773"
                          CONTENT="apostolorum,"/>
                  <SP HEIGHT="67" WIDTH="20" VPOS="2215" HPOS="1098"/>
                  <String HEIGHT="67"
                          WIDTH="142"
                          VPOS="2215"
                          HPOS="1037"
                          CONTENT="ita"/>
                  <SP HEIGHT="67" WIDTH="20" VPOS="2215" HPOS="1179"/>
                  <String HEIGHT="67"
                          WIDTH="183"
                          VPOS="2215"
                          HPOS="1118"
                          CONTENT="neque"/>
                  <SP HEIGHT="67" WIDTH="20" VPOS="2215" HPOS="1301"/>
                  <String HEIGHT="67"
                          WIDTH="264"
                          VPOS="2215"
                          HPOS="1240"
                          CONTENT="politiam."/>
                  <SP HEIGHT="67" WIDTH="20" VPOS="2215" HPOS="1503"/>
                  <String HEIGHT="67"
                          WIDTH="243"
                          VPOS="2215"
                          HPOS="1442"
                          CONTENT="Obiurgat"/>
                  <SP HEIGHT="67" WIDTH="20" VPOS="2215" HPOS="1686"/>
                  <String HEIGHT="67" WIDTH="101" VPOS="2215" HPOS="1625" CONTENT="&amp;"/>
                  <SP HEIGHT="67" WIDTH="20" VPOS="2215" HPOS="1726"/>
                  <String HEIGHT="67"
                          WIDTH="243"
                          VPOS="2215"
                          HPOS="1666"
                          CONTENT="repellit"/>
                  <SP HEIGHT="67" WIDTH="20" VPOS="2215" HPOS="1909"/>
                  <String HEIGHT="67"
                          WIDTH="223"
                          VPOS="2215"
                          HPOS="1848"
                          CONTENT="dominus"/>
                  <SP HEIGHT="67" WIDTH="20" VPOS="2215" HPOS="2071"/>
                  <String HEIGHT="67"
                          WIDTH="122"
                          VPOS="2215"
                          HPOS="2010"
                          CONTENT="in"/>
                  <SP HEIGHT="67" WIDTH="20" VPOS="2215" HPOS="2132"/>
                  <String HEIGHT="67"
                          WIDTH="142"
                          VPOS="2215"
                          HPOS="2051"
                          CONTENT="euan"
                          SUBS_TYPE="HypPart1"
                          SUBS_CONTENT="euangelio"/>
                  <HYP CONTENT="-"/>
               </TextLine>
               <TextLine ID="r2l37"
                         BASELINE="2336"
                         HEIGHT="65"
                         WIDTH="1653"
                         VPOS="2271"
                         HPOS="548">
                  <String HEIGHT="65"
                          WIDTH="191"
                          VPOS="2271"
                          HPOS="527"
                          CONTENT="gelio"
                          SUBS_TYPE="HypPart2"
                          SUBS_CONTENT="euangelio"/>
                  <SP HEIGHT="65" WIDTH="21" VPOS="2271" HPOS="718"/>
                  <String HEIGHT="65"
                          WIDTH="254"
                          VPOS="2271"
                          HPOS="654"
                          CONTENT="secundum"/>
                  <SP HEIGHT="65" WIDTH="21" VPOS="2271" HPOS="908"/>
                  <String HEIGHT="65"
                          WIDTH="212"
                          VPOS="2271"
                          HPOS="845"
                          CONTENT="Lucam,"/>
                  <SP HEIGHT="65" WIDTH="21" VPOS="2271" HPOS="1057"/>
                  <String HEIGHT="65"
                          WIDTH="339"
                          VPOS="2271"
                          HPOS="993"
                          CONTENT="adolescentem"/>
                  <SP HEIGHT="65" WIDTH="21" VPOS="2271" HPOS="1332"/>
                  <String HEIGHT="65"
                          WIDTH="148"
                          VPOS="2271"
                          HPOS="1269"
                          CONTENT="qui"/>
                  <SP HEIGHT="65" WIDTH="21" VPOS="2271" HPOS="1417"/>
                  <String HEIGHT="65"
                          WIDTH="297"
                          VPOS="2271"
                          HPOS="1353"
                          CONTENT="postulabat"/>
                  <SP HEIGHT="65" WIDTH="21" VPOS="2271" HPOS="1650"/>
                  <String HEIGHT="65"
                          WIDTH="127"
                          VPOS="2271"
                          HPOS="1586"
                          CONTENT="ut"/>
                  <SP HEIGHT="65" WIDTH="21" VPOS="2271" HPOS="1714"/>
                  <String HEIGHT="65"
                          WIDTH="148"
                          VPOS="2271"
                          HPOS="1650"
                          CONTENT="cum"/>
                  <SP HEIGHT="65" WIDTH="21" VPOS="2271" HPOS="1798"/>
                  <String HEIGHT="65"
                          WIDTH="212"
                          VPOS="2271"
                          HPOS="1735"
                          CONTENT="fratre"/>
                  <SP HEIGHT="65" WIDTH="21" VPOS="2271" HPOS="1947"/>
                  <String HEIGHT="65"
                          WIDTH="148"
                          VPOS="2271"
                          HPOS="1883"
                          CONTENT="suo"/>
                  <SP HEIGHT="65" WIDTH="21" VPOS="2271" HPOS="2031"/>
                  <String HEIGHT="65"
                          WIDTH="212"
                          VPOS="2271"
                          HPOS="1968"
                          CONTENT="ageret"/>
                  <SP HEIGHT="65" WIDTH="21" VPOS="2271" HPOS="2180"/>
                  <String HEIGHT="65"
                          WIDTH="106"
                          VPOS="2271"
                          HPOS="2095"
                          CONTENT="quo"/>
               </TextLine>
               <TextLine ID="r2l38"
                         BASELINE="2389"
                         HEIGHT="62"
                         WIDTH="1644"
                         VPOS="2327"
                         HPOS="544">
                  <String HEIGHT="62" WIDTH="120" VPOS="2327" HPOS="524" CONTENT="is"/>
                  <SP HEIGHT="62" WIDTH="20" VPOS="2327" HPOS="644"/>
                  <String HEIGHT="62"
                          WIDTH="200"
                          VPOS="2327"
                          HPOS="584"
                          CONTENT="partem"/>
                  <SP HEIGHT="62" WIDTH="20" VPOS="2327" HPOS="785"/>
                  <String HEIGHT="62"
                          WIDTH="321"
                          VPOS="2327"
                          HPOS="724"
                          CONTENT="haereditatis"/>
                  <SP HEIGHT="62" WIDTH="20" VPOS="2327" HPOS="1045"/>
                  <String HEIGHT="62"
                          WIDTH="200"
                          VPOS="2327"
                          HPOS="985"
                          CONTENT="aequam"/>
                  <SP HEIGHT="62" WIDTH="20" VPOS="2327" HPOS="1186"/>
                  <String HEIGHT="62"
                          WIDTH="241"
                          VPOS="2327"
                          HPOS="1125"
                          CONTENT="cederet:"/>
                  <SP HEIGHT="62" WIDTH="20" VPOS="2327" HPOS="1366"/>
                  <String HEIGHT="62"
                          WIDTH="140"
                          VPOS="2327"
                          HPOS="1306"
                          CONTENT="non"/>
                  <SP HEIGHT="62" WIDTH="20" VPOS="2327" HPOS="1446"/>
                  <String HEIGHT="62"
                          WIDTH="160"
                          VPOS="2327"
                          HPOS="1386"
                          CONTENT="quod"/>
                  <SP HEIGHT="62" WIDTH="20" VPOS="2327" HPOS="1546"/>
                  <String HEIGHT="62"
                          WIDTH="241"
                          VPOS="2327"
                          HPOS="1486"
                          CONTENT="damnaret"/>
                  <SP HEIGHT="62" WIDTH="20" VPOS="2327" HPOS="1727"/>
                  <String HEIGHT="62"
                          WIDTH="120"
                          VPOS="2327"
                          HPOS="1667"
                          CONTENT="si"/>
                  <SP HEIGHT="62" WIDTH="20" VPOS="2327" HPOS="1787"/>
                  <String HEIGHT="62"
                          WIDTH="160"
                          VPOS="2327"
                          HPOS="1727"
                          CONTENT="quis"/>
                  <SP HEIGHT="62" WIDTH="20" VPOS="2327" HPOS="1887"/>
                  <String HEIGHT="62"
                          WIDTH="241"
                          VPOS="2327"
                          HPOS="1827"
                          CONTENT="posceret"/>
                  <SP HEIGHT="62" WIDTH="20" VPOS="2327" HPOS="2068"/>
                  <String HEIGHT="62"
                          WIDTH="200"
                          VPOS="2327"
                          HPOS="1988"
                          CONTENT="diuisio"
                          SUBS_TYPE="HypPart1"
                          SUBS_CONTENT="diuisionem"/>
                  <HYP CONTENT="-"/>
               </TextLine>
               <TextLine ID="r2l39"
                         BASELINE="2447"
                         HEIGHT="62"
                         WIDTH="1644"
                         VPOS="2385"
                         HPOS="554">
                  <String HEIGHT="62"
                          WIDTH="146"
                          VPOS="2385"
                          HPOS="533"
                          CONTENT="nem"
                          SUBS_TYPE="HypPart2"
                          SUBS_CONTENT="diuisionem"/>
                  <SP HEIGHT="62" WIDTH="21" VPOS="2385" HPOS="679"/>
                  <String HEIGHT="62"
                          WIDTH="229"
                          VPOS="2385"
                          HPOS="616"
                          CONTENT="aequam,"/>
                  <SP HEIGHT="62" WIDTH="21" VPOS="2385" HPOS="845"/>
                  <String HEIGHT="62"
                          WIDTH="146"
                          VPOS="2385"
                          HPOS="783"
                          CONTENT="aut"/>
                  <SP HEIGHT="62" WIDTH="21" VPOS="2385" HPOS="929"/>
                  <String HEIGHT="62"
                          WIDTH="208"
                          VPOS="2385"
                          HPOS="866"
                          CONTENT="partem"/>
                  <SP HEIGHT="62" WIDTH="21" VPOS="2385" HPOS="1074"/>
                  <String HEIGHT="62"
                          WIDTH="166"
                          VPOS="2385"
                          HPOS="1012"
                          CONTENT="iure"/>
                  <SP HEIGHT="62" WIDTH="21" VPOS="2385" HPOS="1178"/>
                  <String HEIGHT="62"
                          WIDTH="166"
                          VPOS="2385"
                          HPOS="1116"
                          CONTENT="sibi"/>
                  <SP HEIGHT="62" WIDTH="21" VPOS="2385" HPOS="1282"/>
                  <String HEIGHT="62"
                          WIDTH="250"
                          VPOS="2385"
                          HPOS="1220"
                          CONTENT="debitam,"/>
                  <SP HEIGHT="62" WIDTH="21" VPOS="2385" HPOS="1470"/>
                  <String HEIGHT="62"
                          WIDTH="146"
                          VPOS="2385"
                          HPOS="1407"
                          CONTENT="sed"/>
                  <SP HEIGHT="62" WIDTH="21" VPOS="2385" HPOS="1553"/>
                  <String HEIGHT="62"
                          WIDTH="166"
                          VPOS="2385"
                          HPOS="1490"
                          CONTENT="quod"/>
                  <SP HEIGHT="62" WIDTH="21" VPOS="2385" HPOS="1657"/>
                  <String HEIGHT="62"
                          WIDTH="312"
                          VPOS="2385"
                          HPOS="1595"
                          CONTENT="existimaret"/>
                  <SP HEIGHT="62" WIDTH="21" VPOS="2385" HPOS="1907"/>
                  <String HEIGHT="62"
                          WIDTH="125"
                          VPOS="2385"
                          HPOS="1844"
                          CONTENT="id"/>
                  <SP HEIGHT="62" WIDTH="21" VPOS="2385" HPOS="1969"/>
                  <String HEIGHT="62"
                          WIDTH="271"
                          VPOS="2385"
                          HPOS="1907"
                          CONTENT="nequaquam"/>
                  <SP HEIGHT="62" WIDTH="21" VPOS="2385" HPOS="2177"/>
                  <String HEIGHT="62"
                          WIDTH="104"
                          VPOS="2385"
                          HPOS="2094"
                          CONTENT="sui"/>
               </TextLine>
               <TextLine ID="r2l40"
                         BASELINE="2508"
                         HEIGHT="65"
                         WIDTH="1646"
                         VPOS="2443"
                         HPOS="546">
                  <String HEIGHT="65"
                          WIDTH="155"
                          VPOS="2443"
                          HPOS="527"
                          CONTENT="esse"/>
                  <SP HEIGHT="65" WIDTH="19" VPOS="2443" HPOS="682"/>
                  <String HEIGHT="65"
                          WIDTH="232"
                          VPOS="2443"
                          HPOS="623"
                          CONTENT="officij,"/>
                  <SP HEIGHT="65" WIDTH="19" VPOS="2443" HPOS="856"/>
                  <String HEIGHT="65"
                          WIDTH="136"
                          VPOS="2443"
                          HPOS="798"
                          CONTENT="sed"/>
                  <SP HEIGHT="65" WIDTH="19" VPOS="2443" HPOS="933"/>
                  <String HEIGHT="65"
                          WIDTH="232"
                          VPOS="2443"
                          HPOS="875"
                          CONTENT="iudicum."/>
                  <SP HEIGHT="65" WIDTH="19" VPOS="2443" HPOS="1108"/>
                  <String HEIGHT="65"
                          WIDTH="174"
                          VPOS="2443"
                          HPOS="1049"
                          CONTENT="Quis,"/>
                  <SP HEIGHT="65" WIDTH="19" VPOS="2443" HPOS="1224"/>
                  <String HEIGHT="65"
                          WIDTH="155"
                          VPOS="2443"
                          HPOS="1166"
                          CONTENT="ait,"/>
                  <SP HEIGHT="65" WIDTH="19" VPOS="2443" HPOS="1321"/>
                  <String HEIGHT="65"
                          WIDTH="271"
                          VPOS="2443"
                          HPOS="1262"
                          CONTENT="constituit"/>
                  <SP HEIGHT="65" WIDTH="19" VPOS="2443" HPOS="1534"/>
                  <String HEIGHT="65"
                          WIDTH="116"
                          VPOS="2443"
                          HPOS="1476"
                          CONTENT="me"/>
                  <SP HEIGHT="65" WIDTH="19" VPOS="2443" HPOS="1592"/>
                  <String HEIGHT="65"
                          WIDTH="213"
                          VPOS="2443"
                          HPOS="1534"
                          CONTENT="iudicem"/>
                  <SP HEIGHT="65" WIDTH="19" VPOS="2443" HPOS="1747"/>
                  <String HEIGHT="65"
                          WIDTH="136"
                          VPOS="2443"
                          HPOS="1689"
                          CONTENT="aut"/>
                  <SP HEIGHT="65" WIDTH="19" VPOS="2443" HPOS="1824"/>
                  <String HEIGHT="65"
                          WIDTH="252"
                          VPOS="2443"
                          HPOS="1766"
                          CONTENT="diuisorem"/>
                  <SP HEIGHT="65" WIDTH="19" VPOS="2443" HPOS="2018"/>
                  <String HEIGHT="65"
                          WIDTH="174"
                          VPOS="2443"
                          HPOS="1960"
                          CONTENT="inter"/>
                  <SP HEIGHT="65" WIDTH="19" VPOS="2443" HPOS="2134"/>
                  <String HEIGHT="65"
                          WIDTH="155"
                          VPOS="2443"
                          HPOS="2076"
                          CONTENT="uos?"/>
                  <SP HEIGHT="65" WIDTH="19" VPOS="2443" HPOS="2231"/>
                  <String HEIGHT="65" WIDTH="39" VPOS="2443" HPOS="2153" CONTENT=""/>
               </TextLine>
               <TextLine ID="r2l41"
                         BASELINE="2555"
                         HEIGHT="63"
                         WIDTH="1656"
                         VPOS="2492"
                         HPOS="540">
                  <String HEIGHT="63"
                          WIDTH="259"
                          VPOS="2492"
                          HPOS="520"
                          CONTENT="Praeterea"/>
                  <SP HEIGHT="63" WIDTH="20" VPOS="2492" HPOS="779"/>
                  <String HEIGHT="63"
                          WIDTH="180"
                          VPOS="2492"
                          HPOS="720"
                          CONTENT="sicut"/>
                  <SP HEIGHT="63" WIDTH="20" VPOS="2492" HPOS="899"/>
                  <String HEIGHT="63" WIDTH="120" VPOS="2492" HPOS="839" CONTENT="in"/>
                  <SP HEIGHT="63" WIDTH="20" VPOS="2492" HPOS="959"/>
                  <String HEIGHT="63"
                          WIDTH="259"
                          VPOS="2492"
                          HPOS="899"
                          CONTENT="euangelio"/>
                  <SP HEIGHT="63" WIDTH="20" VPOS="2492" HPOS="1159"/>
                  <String HEIGHT="63"
                          WIDTH="239"
                          VPOS="2492"
                          HPOS="1099"
                          CONTENT="scriptum"/>
                  <SP HEIGHT="63" WIDTH="20" VPOS="2492" HPOS="1338"/>
                  <String HEIGHT="63"
                          WIDTH="239"
                          VPOS="2492"
                          HPOS="1278"
                          CONTENT="legimus,"/>
                  <SP HEIGHT="63" WIDTH="20" VPOS="2492" HPOS="1518"/>
                  <String HEIGHT="63"
                          WIDTH="120"
                          VPOS="2492"
                          HPOS="1458"
                          CONTENT="Si"/>
                  <SP HEIGHT="63" WIDTH="20" VPOS="2492" HPOS="1577"/>
                  <String HEIGHT="63"
                          WIDTH="160"
                          VPOS="2492"
                          HPOS="1518"
                          CONTENT="quis"/>
                  <SP HEIGHT="63" WIDTH="20" VPOS="2492" HPOS="1677"/>
                  <String HEIGHT="63"
                          WIDTH="180"
                          VPOS="2492"
                          HPOS="1617"
                          CONTENT="uelit"/>
                  <SP HEIGHT="63" WIDTH="20" VPOS="2492" HPOS="1797"/>
                  <String HEIGHT="63"
                          WIDTH="120"
                          VPOS="2492"
                          HPOS="1737"
                          CONTENT="te"/>
                  <SP HEIGHT="63" WIDTH="20" VPOS="2492" HPOS="1857"/>
                  <String HEIGHT="63"
                          WIDTH="200"
                          VPOS="2492"
                          HPOS="1797"
                          CONTENT="rapere"/>
                  <SP HEIGHT="63" WIDTH="20" VPOS="2492" HPOS="1996"/>
                  <String HEIGHT="63"
                          WIDTH="120"
                          VPOS="2492"
                          HPOS="1937"
                          CONTENT="in"/>
                  <SP HEIGHT="63" WIDTH="20" VPOS="2492" HPOS="2056"/>
                  <String HEIGHT="63"
                          WIDTH="140"
                          VPOS="2492"
                          HPOS="1996"
                          CONTENT="ius"/>
                  <SP HEIGHT="63" WIDTH="20" VPOS="2492" HPOS="2136"/>
                  <String HEIGHT="63" WIDTH="100" VPOS="2492" HPOS="2076" CONTENT="&amp;"/>
                  <SP HEIGHT="63" WIDTH="20" VPOS="2492" HPOS="2176"/>
                  <String HEIGHT="63"
                          WIDTH="100"
                          VPOS="2492"
                          HPOS="2096"
                          CONTENT="tu"
                          SUBS_TYPE="HypPart1"
                          SUBS_CONTENT="tunicam"/>
                  <HYP CONTENT="-"/>
               </TextLine>
               <TextLine ID="r2l42"
                         BASELINE="2613"
                         HEIGHT="62"
                         WIDTH="1640"
                         VPOS="2551"
                         HPOS="551">
                  <String HEIGHT="62"
                          WIDTH="174"
                          VPOS="2551"
                          HPOS="532"
                          CONTENT="nicam"
                          SUBS_TYPE="HypPart2"
                          SUBS_CONTENT="tunicam"/>
                  <SP HEIGHT="62" WIDTH="19" VPOS="2551" HPOS="705"/>
                  <String HEIGHT="62"
                          WIDTH="154"
                          VPOS="2551"
                          HPOS="647"
                          CONTENT="tuam"/>
                  <SP HEIGHT="62" WIDTH="19" VPOS="2551" HPOS="802"/>
                  <String HEIGHT="62" WIDTH="96" VPOS="2551" HPOS="744" CONTENT="a"/>
                  <SP HEIGHT="62" WIDTH="19" VPOS="2551" HPOS="840"/>
                  <String HEIGHT="62" WIDTH="116" VPOS="2551" HPOS="783" CONTENT="te"/>
                  <SP HEIGHT="62" WIDTH="19" VPOS="2551" HPOS="898"/>
                  <String HEIGHT="62"
                          WIDTH="232"
                          VPOS="2551"
                          HPOS="840"
                          CONTENT="tollere,"/>
                  <SP HEIGHT="62" WIDTH="19" VPOS="2551" HPOS="1072"/>
                  <String HEIGHT="62"
                          WIDTH="154"
                          VPOS="2551"
                          HPOS="1014"
                          CONTENT="cede"/>
                  <SP HEIGHT="62" WIDTH="19" VPOS="2551" HPOS="1168"/>
                  <String HEIGHT="62"
                          WIDTH="154"
                          VPOS="2551"
                          HPOS="1111"
                          CONTENT="illi"/>
                  <SP HEIGHT="62" WIDTH="19" VPOS="2551" HPOS="1265"/>
                  <String HEIGHT="62"
                          WIDTH="116"
                          VPOS="2551"
                          HPOS="1207"
                          CONTENT="et"/>
                  <SP HEIGHT="62" WIDTH="19" VPOS="2551" HPOS="1323"/>
                  <String HEIGHT="62"
                          WIDTH="232"
                          VPOS="2551"
                          HPOS="1265"
                          CONTENT="pallium:"/>
                  <SP HEIGHT="62" WIDTH="19" VPOS="2551" HPOS="1496"/>
                  <String HEIGHT="62"
                          WIDTH="135"
                          VPOS="2551"
                          HPOS="1439"
                          CONTENT="ita"/>
                  <SP HEIGHT="62" WIDTH="19" VPOS="2551" HPOS="1574"/>
                  <String HEIGHT="62"
                          WIDTH="116"
                          VPOS="2551"
                          HPOS="1516"
                          CONTENT="ex"/>
                  <SP HEIGHT="62" WIDTH="19" VPOS="2551" HPOS="1631"/>
                  <String HEIGHT="62"
                          WIDTH="212"
                          VPOS="2551"
                          HPOS="1574"
                          CONTENT="aduerso"/>
                  <SP HEIGHT="62" WIDTH="19" VPOS="2551" HPOS="1786"/>
                  <String HEIGHT="62"
                          WIDTH="135"
                          VPOS="2551"
                          HPOS="1728"
                          CONTENT="non"/>
                  <SP HEIGHT="62" WIDTH="19" VPOS="2551" HPOS="1863"/>
                  <String HEIGHT="62"
                          WIDTH="270"
                          VPOS="2551"
                          HPOS="1805"
                          CONTENT="requiritur"/>
                  <SP HEIGHT="62" WIDTH="19" VPOS="2551" HPOS="2075"/>
                  <String HEIGHT="62"
                          WIDTH="174"
                          VPOS="2551"
                          HPOS="2017"
                          CONTENT="aliud"/>
                  <SP HEIGHT="62" WIDTH="19" VPOS="2551" HPOS="2191"/>
                  <String HEIGHT="62" WIDTH="77" VPOS="2551" HPOS="2114" CONTENT="in"/>
               </TextLine>
               <TextLine ID="r2l43"
                         BASELINE="2670"
                         HEIGHT="62"
                         WIDTH="1648"
                         VPOS="2608"
                         HPOS="547">
                  <String HEIGHT="62"
                          WIDTH="161"
                          VPOS="2608"
                          HPOS="527"
                          CONTENT="tota"/>
                  <SP HEIGHT="62" WIDTH="20" VPOS="2608" HPOS="688"/>
                  <String HEIGHT="62"
                          WIDTH="281"
                          VPOS="2608"
                          HPOS="627"
                          CONTENT="euangelica"/>
                  <SP HEIGHT="62" WIDTH="20" VPOS="2608" HPOS="909"/>
                  <String HEIGHT="62"
                          WIDTH="241"
                          VPOS="2608"
                          HPOS="848"
                          CONTENT="doctrina"/>
                  <SP HEIGHT="62" WIDTH="20" VPOS="2608" HPOS="1090"/>
                  <String HEIGHT="62"
                          WIDTH="201"
                          VPOS="2608"
                          HPOS="1029"
                          CONTENT="maiore"/>
                  <SP HEIGHT="62" WIDTH="20" VPOS="2608" HPOS="1230"/>
                  <String HEIGHT="62"
                          WIDTH="281"
                          VPOS="2608"
                          HPOS="1170"
                          CONTENT="diligentia"/>
                  <SP HEIGHT="62" WIDTH="20" VPOS="2608" HPOS="1451"/>
                  <String HEIGHT="62"
                          WIDTH="161"
                          VPOS="2608"
                          HPOS="1391"
                          CONTENT="quam"/>
                  <SP HEIGHT="62" WIDTH="20" VPOS="2608" HPOS="1552"/>
                  <String HEIGHT="62"
                          WIDTH="241"
                          VPOS="2608"
                          HPOS="1492"
                          CONTENT="charitas"/>
                  <SP HEIGHT="62" WIDTH="20" VPOS="2608" HPOS="1733"/>
                  <String HEIGHT="62" WIDTH="100" VPOS="2608" HPOS="1672" CONTENT="&amp;"/>
                  <SP HEIGHT="62" WIDTH="20" VPOS="2608" HPOS="1773"/>
                  <String HEIGHT="62"
                          WIDTH="342"
                          VPOS="2608"
                          HPOS="1713"
                          CONTENT="beneficentia."/>
                  <SP HEIGHT="62" WIDTH="20" VPOS="2608" HPOS="2054"/>
                  <String HEIGHT="62"
                          WIDTH="241"
                          VPOS="2608"
                          HPOS="1994"
                          CONTENT="Caeterum"/>
                  <SP HEIGHT="62" WIDTH="20" VPOS="2608" HPOS="2235"/>
                  <String HEIGHT="62" WIDTH="40" VPOS="2608" HPOS="2155" CONTENT=""/>
               </TextLine>
               <TextLine ID="r2l44"
                         BASELINE="2724"
                         HEIGHT="62"
                         WIDTH="1644"
                         VPOS="2662"
                         HPOS="540">
                  <String HEIGHT="62"
                          WIDTH="264"
                          VPOS="2662"
                          HPOS="520"
                          CONTENT="confertur"/>
                  <SP HEIGHT="62" WIDTH="20" VPOS="2662" HPOS="784"/>
                  <String HEIGHT="62"
                          WIDTH="325"
                          VPOS="2662"
                          HPOS="723"
                          CONTENT="beneficentia"/>
                  <SP HEIGHT="62" WIDTH="20" VPOS="2662" HPOS="1047"/>
                  <String HEIGHT="62" WIDTH="122" VPOS="2662" HPOS="987" CONTENT="si"/>
                  <SP HEIGHT="62" WIDTH="20" VPOS="2662" HPOS="1108"/>
                  <String HEIGHT="62"
                          WIDTH="183"
                          VPOS="2662"
                          HPOS="1047"
                          CONTENT="alias"/>
                  <SP HEIGHT="62" WIDTH="20" VPOS="2662" HPOS="1230"/>
                  <String HEIGHT="62"
                          WIDTH="142"
                          VPOS="2662"
                          HPOS="1169"
                          CONTENT="per"/>
                  <SP HEIGHT="62" WIDTH="20" VPOS="2662" HPOS="1311"/>
                  <String HEIGHT="62"
                          WIDTH="244"
                          VPOS="2662"
                          HPOS="1250"
                          CONTENT="iudicium"/>
                  <SP HEIGHT="62" WIDTH="20" VPOS="2662" HPOS="1494"/>
                  <String HEIGHT="62" WIDTH="101" VPOS="2662" HPOS="1433" CONTENT="&amp;"/>
                  <SP HEIGHT="62" WIDTH="20" VPOS="2662" HPOS="1535"/>
                  <String HEIGHT="62"
                          WIDTH="264"
                          VPOS="2662"
                          HPOS="1474"
                          CONTENT="iustitiam"/>
                  <SP HEIGHT="62" WIDTH="20" VPOS="2662" HPOS="1737"/>
                  <String HEIGHT="62"
                          WIDTH="223"
                          VPOS="2662"
                          HPOS="1677"
                          CONTENT="maxime."/>
                  <SP HEIGHT="62" WIDTH="20" VPOS="2662" HPOS="1900"/>
                  <String HEIGHT="62"
                          WIDTH="142"
                          VPOS="2662"
                          HPOS="1839"
                          CONTENT="Cum"/>
                  <SP HEIGHT="62" WIDTH="20" VPOS="2662" HPOS="1981"/>
                  <String HEIGHT="62"
                          WIDTH="162"
                          VPOS="2662"
                          HPOS="1920"
                          CONTENT="aunt"/>
                  <SP HEIGHT="62" WIDTH="20" VPOS="2662" HPOS="2083"/>
                  <String HEIGHT="62"
                          WIDTH="183"
                          VPOS="2662"
                          HPOS="2001"
                          CONTENT="propter"/>
               </TextLine>
               <TextLine ID="r2l45"
                         BASELINE="2785"
                         HEIGHT="69"
                         WIDTH="1634"
                         VPOS="2716"
                         HPOS="551">
                  <String HEIGHT="69"
                          WIDTH="242"
                          VPOS="2716"
                          HPOS="531"
                          CONTENT="iudicium"/>
                  <SP HEIGHT="69" WIDTH="20" VPOS="2716" HPOS="773"/>
                  <String HEIGHT="69" WIDTH="101" VPOS="2716" HPOS="712" CONTENT="&amp;"/>
                  <SP HEIGHT="69" WIDTH="20" VPOS="2716" HPOS="813"/>
                  <String HEIGHT="69"
                          WIDTH="262"
                          VPOS="2716"
                          HPOS="753"
                          CONTENT="iustitiam"/>
                  <SP HEIGHT="69" WIDTH="20" VPOS="2716" HPOS="1015"/>
                  <String HEIGHT="69"
                          WIDTH="282"
                          VPOS="2716"
                          HPOS="954"
                          CONTENT="exercendam"/>
                  <SP HEIGHT="69" WIDTH="20" VPOS="2716" HPOS="1237"/>
                  <String HEIGHT="69" WIDTH="101" VPOS="2716" HPOS="1176" CONTENT="&amp;"/>
                  <SP HEIGHT="69" WIDTH="20" VPOS="2716" HPOS="1277"/>
                  <String HEIGHT="69"
                          WIDTH="323"
                          VPOS="2716"
                          HPOS="1217"
                          CONTENT="conseruandam"/>
                  <SP HEIGHT="69" WIDTH="20" VPOS="2716" HPOS="1539"/>
                  <String HEIGHT="69"
                          WIDTH="222"
                          VPOS="2716"
                          HPOS="1479"
                          CONTENT="inuenta"/>
                  <SP HEIGHT="69" WIDTH="20" VPOS="2716" HPOS="1701"/>
                  <String HEIGHT="69"
                          WIDTH="161"
                          VPOS="2716"
                          HPOS="1640"
                          CONTENT="sint"/>
                  <SP HEIGHT="69" WIDTH="20" VPOS="2716" HPOS="1802"/>
                  <String HEIGHT="69"
                          WIDTH="222"
                          VPOS="2716"
                          HPOS="1741"
                          CONTENT="iudicia"/>
                  <SP HEIGHT="69" WIDTH="20" VPOS="2716" HPOS="1963"/>
                  <String HEIGHT="69" WIDTH="101" VPOS="2716" HPOS="1903" CONTENT=":"/>
                  <SP HEIGHT="69" WIDTH="20" VPOS="2716" HPOS="2003"/>
                  <String HEIGHT="69"
                          WIDTH="202"
                          VPOS="2716"
                          HPOS="1943"
                          CONTENT="claret"/>
                  <SP HEIGHT="69" WIDTH="20" VPOS="2716" HPOS="2145"/>
                  <String HEIGHT="69"
                          WIDTH="121"
                          VPOS="2716"
                          HPOS="2064"
                          CONTENT="ipsa"/>
               </TextLine>
               <TextLine ID="r2l46"
                         BASELINE="2842"
                         HEIGHT="72"
                         WIDTH="1640"
                         VPOS="2770"
                         HPOS="544">
                  <String HEIGHT="72"
                          WIDTH="153"
                          VPOS="2770"
                          HPOS="522"
                          CONTENT="per"/>
                  <SP HEIGHT="72" WIDTH="22" VPOS="2770" HPOS="675"/>
                  <String HEIGHT="72"
                          WIDTH="306"
                          VPOS="2770"
                          HPOS="610"
                          CONTENT="euangelium"/>
                  <SP HEIGHT="72" WIDTH="22" VPOS="2770" HPOS="916"/>
                  <String HEIGHT="72"
                          WIDTH="219"
                          VPOS="2770"
                          HPOS="850"
                          CONTENT="minime"/>
                  <SP HEIGHT="72" WIDTH="22" VPOS="2770" HPOS="1069"/>
                  <String HEIGHT="72"
                          WIDTH="175"
                          VPOS="2770"
                          HPOS="1003"
                          CONTENT="esse"/>
                  <SP HEIGHT="72" WIDTH="22" VPOS="2770" HPOS="1178"/>
                  <String HEIGHT="72"
                          WIDTH="284"
                          VPOS="2770"
                          HPOS="1113"
                          CONTENT="abrogata."/>
                  <SP HEIGHT="72" WIDTH="22" VPOS="2770" HPOS="1397"/>
                  <String HEIGHT="72"
                          WIDTH="241"
                          VPOS="2770"
                          HPOS="1331"
                          CONTENT="Clamant"/>
                  <SP HEIGHT="72" WIDTH="22" VPOS="2770" HPOS="1572"/>
                  <String HEIGHT="72"
                          WIDTH="262"
                          VPOS="2770"
                          HPOS="1506"
                          CONTENT="insignes"/>
                  <SP HEIGHT="72" WIDTH="22" VPOS="2770" HPOS="1769"/>
                  <String HEIGHT="72"
                          WIDTH="284"
                          VPOS="2770"
                          HPOS="1703"
                          CONTENT="prophetae"/>
                  <SP HEIGHT="72" WIDTH="22" VPOS="2770" HPOS="1987"/>
                  <String HEIGHT="72"
                          WIDTH="219"
                          VPOS="2770"
                          HPOS="1922"
                          CONTENT="lsaias"/>
                  <SP HEIGHT="72" WIDTH="22" VPOS="2770" HPOS="2140"/>
                  <String HEIGHT="72" WIDTH="109" VPOS="2770" HPOS="2075" CONTENT="&amp;"/>
                  <SP HEIGHT="72" WIDTH="22" VPOS="2770" HPOS="2184"/>
                  <String HEIGHT="72"
                          WIDTH="87"
                          VPOS="2770"
                          HPOS="2097"
                          CONTENT="a"
                          SUBS_TYPE="HypPart1"
                          SUBS_CONTENT="acharias:"/>
                  <HYP CONTENT="-"/>
               </TextLine>
               <TextLine ID="r2l47"
                         BASELINE="2897"
                         HEIGHT="62"
                         WIDTH="1648"
                         VPOS="2835"
                         HPOS="541">
                  <String HEIGHT="62"
                          WIDTH="227"
                          VPOS="2835"
                          HPOS="522"
                          CONTENT="charias:"
                          SUBS_TYPE="HypPart2"
                          SUBS_CONTENT="acharias:"/>
                  <SP HEIGHT="62" WIDTH="19" VPOS="2835" HPOS="749"/>
                  <String HEIGHT="62"
                          WIDTH="170"
                          VPOS="2835"
                          HPOS="693"
                          CONTENT="llle,"/>
                  <SP HEIGHT="62" WIDTH="19" VPOS="2835" HPOS="863"/>
                  <String HEIGHT="62"
                          WIDTH="208"
                          VPOS="2835"
                          HPOS="806"
                          CONTENT="Cessate"/>
                  <SP HEIGHT="62" WIDTH="19" VPOS="2835" HPOS="1015"/>
                  <String HEIGHT="62"
                          WIDTH="284"
                          VPOS="2835"
                          HPOS="958"
                          CONTENT="malefacere,"/>
                  <SP HEIGHT="62" WIDTH="19" VPOS="2835" HPOS="1242"/>
                  <String HEIGHT="62"
                          WIDTH="208"
                          VPOS="2835"
                          HPOS="1185"
                          CONTENT="discite"/>
                  <SP HEIGHT="62" WIDTH="19" VPOS="2835" HPOS="1393"/>
                  <String HEIGHT="62"
                          WIDTH="284"
                          VPOS="2835"
                          HPOS="1337"
                          CONTENT="benefacere,"/>
                  <SP HEIGHT="62" WIDTH="19" VPOS="2835" HPOS="1621"/>
                  <String HEIGHT="62"
                          WIDTH="227"
                          VPOS="2835"
                          HPOS="1564"
                          CONTENT="quaerite"/>
                  <SP HEIGHT="62" WIDTH="19" VPOS="2835" HPOS="1791"/>
                  <String HEIGHT="62"
                          WIDTH="246"
                          VPOS="2835"
                          HPOS="1734"
                          CONTENT="iudicium,"/>
                  <SP HEIGHT="62" WIDTH="19" VPOS="2835" HPOS="1981"/>
                  <String HEIGHT="62"
                          WIDTH="246"
                          VPOS="2835"
                          HPOS="1924"
                          CONTENT="subuenite"/>
                  <SP HEIGHT="62" WIDTH="19" VPOS="2835" HPOS="2170"/>
                  <String HEIGHT="62"
                          WIDTH="95"
                          VPOS="2835"
                          HPOS="2094"
                          CONTENT="op"
                          SUBS_TYPE="HypPart1"
                          SUBS_CONTENT="oppresso,"/>
                  <HYP CONTENT="-"/>
               </TextLine>
               <TextLine ID="r2l48"
                         BASELINE="2957"
                         HEIGHT="69"
                         WIDTH="1641"
                         VPOS="2888"
                         HPOS="550">
                  <String HEIGHT="69"
                          WIDTH="220"
                          VPOS="2888"
                          HPOS="530"
                          CONTENT="presso,"
                          SUBS_TYPE="HypPart2"
                          SUBS_CONTENT="oppresso,"/>
                  <SP HEIGHT="69" WIDTH="20" VPOS="2888" HPOS="750"/>
                  <String HEIGHT="69"
                          WIDTH="180"
                          VPOS="2888"
                          HPOS="690"
                          CONTENT="agite"/>
                  <SP HEIGHT="69" WIDTH="20" VPOS="2888" HPOS="870"/>
                  <String HEIGHT="69" WIDTH="120" VPOS="2888" HPOS="810" CONTENT="in"/>
                  <SP HEIGHT="69" WIDTH="20" VPOS="2888" HPOS="930"/>
                  <String HEIGHT="69"
                          WIDTH="220"
                          VPOS="2888"
                          HPOS="870"
                          CONTENT="iudicio"/>
                  <SP HEIGHT="69" WIDTH="20" VPOS="2888" HPOS="1090"/>
                  <String HEIGHT="69"
                          WIDTH="220"
                          VPOS="2888"
                          HPOS="1030"
                          CONTENT="caussam"/>
                  <SP HEIGHT="69" WIDTH="20" VPOS="2888" HPOS="1250"/>
                  <String HEIGHT="69"
                          WIDTH="220"
                          VPOS="2888"
                          HPOS="1190"
                          CONTENT="pupilli"/>
                  <SP HEIGHT="69" WIDTH="20" VPOS="2888" HPOS="1411"/>
                  <String HEIGHT="69" WIDTH="100" VPOS="2888" HPOS="1350" CONTENT="&amp;"/>
                  <SP HEIGHT="69" WIDTH="20" VPOS="2888" HPOS="1451"/>
                  <String HEIGHT="69"
                          WIDTH="220"
                          VPOS="2888"
                          HPOS="1391"
                          CONTENT="uiduae:"/>
                  <SP HEIGHT="69" WIDTH="20" VPOS="2888" HPOS="1611"/>
                  <String HEIGHT="69"
                          WIDTH="140"
                          VPOS="2888"
                          HPOS="1551"
                          CONTENT="Hic"/>
                  <SP HEIGHT="69" WIDTH="20" VPOS="2888" HPOS="1691"/>
                  <String HEIGHT="69"
                          WIDTH="180"
                          VPOS="2888"
                          HPOS="1631"
                          CONTENT="uero,"/>
                  <SP HEIGHT="69" WIDTH="20" VPOS="2888" HPOS="1811"/>
                  <String HEIGHT="69"
                          WIDTH="240"
                          VPOS="2888"
                          HPOS="1751"
                          CONTENT="ludicate"/>
                  <SP HEIGHT="69" WIDTH="20" VPOS="2888" HPOS="1991"/>
                  <String HEIGHT="69"
                          WIDTH="240"
                          VPOS="2888"
                          HPOS="1931"
                          CONTENT="iudicium"/>
                  <SP HEIGHT="69" WIDTH="20" VPOS="2888" HPOS="2171"/>
                  <String HEIGHT="69"
                          WIDTH="100"
                          VPOS="2888"
                          HPOS="2091"
                          CONTENT="ue"
                          SUBS_TYPE="HypPart1"
                          SUBS_CONTENT="ueritatis,"/>
                  <HYP CONTENT="-"/>
               </TextLine>
               <TextLine ID="r2l49"
                         BASELINE="3013"
                         HEIGHT="69"
                         WIDTH="1656"
                         VPOS="2944"
                         HPOS="535">
                  <String HEIGHT="69"
                          WIDTH="237"
                          VPOS="2944"
                          HPOS="515"
                          CONTENT="ritatis,"
                          SUBS_TYPE="HypPart2"
                          SUBS_CONTENT="ueritatis,"/>
                  <SP HEIGHT="69" WIDTH="20" VPOS="2944" HPOS="752"/>
                  <String HEIGHT="69" WIDTH="99" VPOS="2944" HPOS="693" CONTENT="&amp;"/>
                  <SP HEIGHT="69" WIDTH="20" VPOS="2944" HPOS="791"/>
                  <String HEIGHT="69"
                          WIDTH="197"
                          VPOS="2944"
                          HPOS="732"
                          CONTENT="facite"/>
                  <SP HEIGHT="69" WIDTH="20" VPOS="2944" HPOS="929"/>
                  <String HEIGHT="69"
                          WIDTH="335"
                          VPOS="2944"
                          HPOS="870"
                          CONTENT="beneficentiam"/>
                  <SP HEIGHT="69" WIDTH="20" VPOS="2944" HPOS="1205"/>
                  <String HEIGHT="69"
                          WIDTH="118"
                          VPOS="2944"
                          HPOS="1146"
                          CONTENT="ac"/>
                  <SP HEIGHT="69" WIDTH="20" VPOS="2944" HPOS="1264"/>
                  <String HEIGHT="69"
                          WIDTH="335"
                          VPOS="2944"
                          HPOS="1205"
                          CONTENT="misericordiam"/>
                  <SP HEIGHT="69" WIDTH="20" VPOS="2944" HPOS="1540"/>
                  <String HEIGHT="69"
                          WIDTH="296"
                          VPOS="2944"
                          HPOS="1481"
                          CONTENT="unusquisque"/>
                  <SP HEIGHT="69" WIDTH="20" VPOS="2944" HPOS="1777"/>
                  <String HEIGHT="69"
                          WIDTH="138"
                          VPOS="2944"
                          HPOS="1718"
                          CONTENT="cum"/>
                  <SP HEIGHT="69" WIDTH="20" VPOS="2944" HPOS="1856"/>
                  <String HEIGHT="69"
                          WIDTH="197"
                          VPOS="2944"
                          HPOS="1797"
                          CONTENT="fratre"/>
                  <SP HEIGHT="69" WIDTH="20" VPOS="2944" HPOS="1994"/>
                  <String HEIGHT="69"
                          WIDTH="158"
                          VPOS="2944"
                          HPOS="1935"
                          CONTENT="suo."/>
                  <SP HEIGHT="69" WIDTH="20" VPOS="2944" HPOS="2092"/>
                  <String HEIGHT="69"
                          WIDTH="197"
                          VPOS="2944"
                          HPOS="2033"
                          CONTENT="Viduam"/>
                  <SP HEIGHT="69" WIDTH="20" VPOS="2944" HPOS="2230"/>
                  <String HEIGHT="69" WIDTH="39" VPOS="2944" HPOS="2152" CONTENT=""/>
               </TextLine>
            </TextBlock>
         </PrintSpace>
      </Page>
   </Layout>
</alto>
