2288 3632
52 263 170 85 tale
158 263 254 85 delictum
349 263 382 85 animaduertere,
667 263 127 85 id
730 263 148 85 est
815 263 170 85 iure
921 263 148 85 dei
1006 263 254 85 damnatum
1197 263 170 85 esse
1303 263 170 85 quod
1409 263 254 85 punitur.
1579 263 148 85 lllud

40 326 163 63 uero
141 326 265 63 constabit
345 326 122 63 ex
406 326 224 63 propria
569 326 265 63 liberaque
773 326 244 63 puniendi
956 326 326 63 confessione,
1221 326 143 63 uel
1303 326 122 63 ex
1364 326 306 63 testimonijs
1588 326 122 63 pro-

40 382 182 72 batis
161 382 202 72 contra
302 382 263 72 puniendum
504 382 182 72 latis
625 382 162 72 siue
726 382 283 72 collectis,
949 382 222 72 denique
1110 382 121 72 ex
1171 382 283 72 collatione
1393 382 182 72 legum
1514 382 141 72 cum
1575 382 141 72 ipsis

49 447 323 65 puniendorum
308 447 323 65 sceleribus.
566 447 172 65 Ergo
674 447 151 65 non
760 447 194 65 licet
890 447 323 65 magistratui
1148 447 366 65 animaduertere
1450 447 129 65 in
1493 447 215 65 uirtutes

50 496 124 66 in
112 496 186 66 ueram
236 496 289 66 religionem
463 496 103 66 &
504 496 124 66 in
566 496 186 66 uiros
690 496 227 66 probos,
855 496 268 66 honestos,
1062 496 103 66 &
1103 496 310 66 religiosos.
1351 496 310 66 Magistratus
1598 496 165 66 enim

46 548 267 70 ordinatus
252 548 144 70 est
334 548 103 70 a
375 548 144 70 deo
457 548 123 70 ad
519 548 247 70 terrorem
704 548 144 70 non
786 548 185 70 bonis
910 548 144 70 sed
971 548 288 70 facinorosis.

125 603 125 71 Ac
188 603 125 71 de
250 603 167 71 modo
355 603 104 71 &
396 603 230 71 ratione
563 603 250 71 poenarum
751 603 146 71 non
835 603 146 71 est
918 603 271 71 curiosius
1127 603 334 71 disputandum,
1398 603 209 71 Seruet
1523 603 188 71 quaeli-

46 641 144 84 bet
129 641 164 84 gens
231 641 144 84 aut
313 641 226 84 ciuitas
478 641 144 84 sua
560 641 267 84 supplicia
765 641 103 84 &
806 641 185 84 modum
929 641 349 84 suppliciorum,
1216 641 164 84 nisi
1319 641 185 84 forte
1442 641 185 84 mores
1545 641 164 84 patrij

36 721 234 71 habeant
206 721 234 71 aliquid
376 721 298 71 truculenti
610 721 106 71 &
653 721 234 71 iniqui.
823 721 149 71 Hoc
908 721 170 71 enim
1015 721 128 71 ad
1079 721 192 71 aequi
1206 721 106 71 &
1249 721 170 71 boni
1355 721 234 71 regulam
1504 721 213 71 moderan-

49 778 150 59 dum
134 778 171 59 esse
241 778 171 59 nemo
348 778 192 59 sanus
476 778 299 59 negauerit.
711 778 235 59 Species
882 778 342 59 suppliciorum
1160 778 171 59 sunt
1266 778 299 59 deportatio
1501 778 171 59 siue
1587 778 128 59 exi-

40 835 177 67 lium,
158 835 256 67 diminutio
355 835 236 67 capitis,
532 835 256 67 mulctatio
729 835 118 67 in
788 835 256 67 fortunis,
984 835 197 67 carcer
1122 835 118 67 ac
1181 835 236 67 uincula,
1358 835 216 67 uirgae,
1496 835 216 67 stigmata,

41 902 270 64 amputatio
249 902 291 64 membrorum,
477 902 166 64 ipsa
581 902 228 64 denique
747 902 166 64 mors
851 902 249 64 perfecta
1038 902 228 64 gladio,
1204 902 187 64 igni,
1329 902 187 64 aqua,
1453 902 228 64 laqueo,
1619 902 145 64 aut

41 949 177 67 modis
160 949 197 67 alijs,
298 949 237 67 cuilibet
475 949 177 67 genti
593 949 256 67 proprijs.
790 949 138 67 Nec
869 949 177 67 caret
988 949 256 67 scriptura
1185 949 237 67 tristium
1362 949 256 67 huiusmodi
1540 949 177 67 titulo-

39 999 146 69 rum
123 999 271 69 catalogo.
331 999 229 69 Legimus
498 999 167 69 enim
602 999 125 69 in
664 999 188 69 libro
789 999 229 69 Esdrae,
956 999 271 69 Quicunque
1164 999 188 69 autem
1289 999 208 69 facere
1435 999 250 69 noluerit
1602 999 104 69 le-

38 1059 134 65 gem
114 1059 134 65 dei
191 1059 134 65 tui
267 1059 172 65 atque
382 1059 172 65 legem
496 1059 191 65 regis,
630 1059 115 65 de
687 1059 134 65 hoc
764 1059 172 65 ilico
878 1059 153 65 fiat
974 1059 248 65 iudicium,
1165 1059 153 65 siue
1261 1059 115 65 ad
1318 1059 210 65 mortem,
1471 1059 153 65 siue
1566 1059 115 65 in
1604 1059 115 65 exi-

42 1121 184 58 lium,
164 1121 163 58 siue
266 1121 122 58 ut
327 1121 326 58 facultatibus
592 1121 286 58 mulctetur,
817 1121 163 58 siue
919 1121 122 58 ut
980 1121 306 58 coniiciatur
1225 1121 122 58 in
1286 1121 224 58 uincula
1449 1121 102 58 &
1490 1121 265 58 carcerem,

40 1165 171 79 Haec
147 1165 150 79 non
232 1165 214 79 temere
382 1165 236 79 propter
554 1165 150 79 eos
640 1165 279 79 commemoro
854 1165 214 79 quibus
1004 1165 171 79 haec
1111 1165 257 79 uidentur
1304 1165 193 79 inter
1432 1165 236 79 fideles
1604 1165 150 79 non

51 1221 173 86 esse
160 1221 151 86 uel
224 1221 260 86 nominanda.

126 1270 244 72 Caeterum
309 1270 183 72 modus
431 1270 122 72 in
492 1270 142 72 his
573 1270 326 72 discretioque
838 1270 163 72 apud
940 1270 224 72 iudices
1102 1270 142 72 sit
1184 1270 244 72 oportet,
1367 1270 183 72 certe
1489 1270 122 72 ut
1530 1270 183 72 enormia

41 1346 226 62 peccata
206 1346 247 62 grauiter
391 1346 288 62 puniantur,
617 1346 206 62 minora
761 1346 226 62 delicta
925 1346 308 62 mediocribus
1172 1346 288 62 supplicijs
1398 1346 349 62 coherceantur,

45 1395 127 59 in
108 1395 212 59 minima
257 1395 170 59 uero
363 1395 148 59 seu
448 1395 191 59 leuia
575 1395 297 59 moderatius
808 1395 403 59 animaduertatur.
1147 1395 297 59 Notissimum
1381 1395 148 59 est
1466 1395 191 59 illud
1593 1395 106 59 e
1614 1395 106 59 le-

32 1453 133 69 ge
98 1453 244 69 diuina,
276 1453 155 69 Pro
364 1453 244 69 mensura
542 1453 244 69 peccati
719 1453 177 69 erit
830 1453 111 69 &
874 1453 266 69 plagarum
1073 1453 222 69 modus.
1228 1453 155 69 Vbi
1317 1453 199 69 etiam
1450 1453 199 69 locum
1561 1453 155 69 habet

34 1506 328 60 consideratio
301 1506 287 60 clementiae
527 1506 246 60 iudicis.
712 1506 226 60 Excusat
876 1506 164 60 reum
978 1506 144 60 non
1060 1506 164 60 raro
1163 1506 144 60 uel
1245 1506 185 60 sexus
1368 1506 144 60 uel
1450 1506 205 60 aetas.
1573 1506 144 60 Excu-

38 1563 205 70 santur
181 1563 266 70 aliquando
386 1563 184 70 facta
509 1563 164 70 eius
611 1563 225 70 alioqui
775 1563 143 70 non
857 1563 164 70 bona
959 1563 369 70 circunstantijs
1266 1563 164 70 rite
1369 1563 266 70 expensis.
1553 1563 164 70 Consi-

40 1619 222 58 deratur
201 1619 161 58 item
302 1619 101 58 a
342 1619 201 58 iudice
483 1619 282 58 diligenter
705 1619 141 58 rei
785 1619 242 58 anteacta
967 1619 181 58 uita,
1087 1619 161 58 quae
1188 1619 141 58 cum
1269 1619 242 58 hactenus
1450 1619 161 58 fuit
1531 1619 181 58 honesta

45 1675 107 66 &
87 1675 215 66 proba,
238 1675 172 66 plus
345 1675 236 66 meretur
517 1675 172 66 reus
624 1675 322 66 clementiae,
882 1675 172 66 nisi
990 1675 236 66 facinus
1162 1675 129 66 ob
1226 1675 172 66 quod
1333 1675 172 66 modo
1441 1675 236 66 tenetur
1591 1675 129 66 uin-

47 1724 164 68 ctus
149 1724 143 68 tam
231 1724 143 68 sit
313 1724 225 68 enorme,
477 1724 123 68 ut
538 1724 205 68 nullam
682 1724 246 68 admittat
866 1724 307 68 clementiam.
1112 1724 184 68 Verum
1235 1724 205 68 pietas
1378 1724 164 68 siue
1481 1724 184 68 timor
1583 1724 123 68 dei-

47 1785 192 68 preces
181 1785 192 68 quoque
315 1785 211 68 effusae
468 1785 115 68 ad
526 1785 230 68 dominum,
698 1785 96 68 &
736 1785 230 68 diligens
909 1785 287 68 legitimaque
1138 1785 172 68 facti
1253 1785 134 68 aut
1330 1785 192 68 dicti,
1464 1785 115 68 id
1521 1785 134 68 est
1579 1785 134 68 faci-

39 1837 197 72 noris
171 1837 329 72 examinatio,
434 1837 219 72 optima
587 1837 197 72 erunt
719 1837 219 72 regula
872 1837 219 72 quando
1026 1837 197 72 iudex
1157 1837 153 72 uel
1245 1837 285 72 clementer
1464 1837 153 72 uel
1530 1837 197 72 seueri-

45 1906 155 64 ter
134 1906 200 64 agat.
267 1906 244 64 Alioqui
444 1906 222 64 decens
600 1906 289 64 clementia
822 1906 244 64 maximam
1000 1906 200 64 habet
1133 1906 222 64 laudem
1288 1906 155 64 cum
1377 1906 178 64 apud
1488 1906 200 64 deum,
1599 1906 111 64 tum

40 1955 191 72 apud
136 1955 239 72 homines.

108 2006 321 69 Demonstraui
365 2006 279 69 charitati
579 2006 236 69 uestrae
750 2006 171 69 quod
858 2006 321 69 magistratus
1115 2006 214 69 punire
1265 2006 214 69 sontes
1415 2006 107 69 &
1457 2006 214 69 possit
1607 2006 107 69 &
1629 2006 107 69 de-

35 2064 194 71 beat,
165 2064 215 71 deinde
315 2064 194 71 quare
444 2064 258 71 uoluerit
638 2064 172 71 deus
746 2064 215 71 puniri
896 2064 194 71 palam
1026 2064 344 71 facinorosos,
1305 2064 172 71 hinc
1413 2064 237 71 quando,
1585 2064 194 71 quomo

45 2118 148 75 do,
129 2118 106 75 &
172 2118 232 75 quantum
341 2118 169 75 sint
446 2118 275 75 puniendi,
658 2118 211 75 Restat
805 2118 127 75 ut
869 2118 232 75 dicamus
1038 2118 232 75 propter
1207 2118 190 75 quid,
1334 2118 148 75 uel
1418 2118 127 75 ob
1481 2118 169 75 quae
1587 2118 190 75 deli

39 2177 145 66 cta
122 2177 166 66 sint
226 2177 269 66 puniendi.
433 2177 124 66 Id
495 2177 187 66 autem
620 2177 145 66 uno
702 2177 187 66 uerbo
827 2177 207 66 exponi
972 2177 228 66 potest,
1138 2177 187 66 omnia
1262 2177 187 66 dicta
1386 2177 104 66 &
1428 2177 187 66 facta
1552 2177 166 66 quae
1635 2177 83 66 le

38 2233 178 74 gibus
157 2233 139 74 dei
236 2233 99 74 &
276 2233 297 74 magistratus
514 2233 258 74 contraria
712 2233 178 74 sunt,
831 2233 119 74 id
891 2233 139 74 est
970 2233 178 74 omnia
1089 2233 159 74 quae
1188 2233 198 74 contra
1327 2233 178 74 leges
1446 2233 258 74 scelerate
1624 2233 99 74 fi-

40 2290 158 56 unt,
139 2290 158 56 sunt
237 2290 256 56 punienda.
434 2290 138 56 lam
513 2290 158 56 uero
611 2290 177 56 leges
729 2290 177 56 latae
848 2290 158 56 sunt
946 2290 138 56 uel
1025 2290 118 56 de
1084 2290 276 56 religione,
1301 2290 138 56 uel
1379 2290 118 56 de
1438 2290 177 56 rebus
1537 2290 177 56 ciuili-

39 2340 168 78 bus.
144 2340 126 78 Ac
207 2340 147 78 hae
291 2340 210 78 quidem
438 2340 273 78 uersantur
648 2340 189 78 circa
774 2340 315 78 honestatem,
1027 2340 294 78 iustitiam,
1258 2340 210 78 pacem.
1405 2340 231 78 Proinde
1552 2340 168 78 punire

35 2399 148 67 aut
120 2399 275 67 cohercere
331 2399 233 67 oportet
501 2399 191 67 omnes
628 2399 254 67 quotquot
818 2399 318 67 honestatem,
1073 2399 297 67 iustitiam,
1306 2399 106 67 &
1348 2399 191 67 pacem
1475 2399 275 67 publicam,

40 2455 106 70 &
82 2455 213 70 ciuium
231 2455 255 70 priuatam
423 2455 319 70 conturbant,
678 2455 298 70 affligunt,
912 2455 234 70 uexant,
1083 2455 234 70 perdunt
1253 2455 192 70 atque
1380 2455 319 70 subuertunt.
1615 2455 106 70 Pu-

38 2507 197 72 niatur
176 2507 256 72 foeditas,
373 2507 315 72 obscoenitas,
629 2507 217 72 libido,
787 2507 236 72 stuprum,
964 2507 295 72 fornicatio,
1200 2507 295 72 adulterium,
1436 2507 256 72 incestus,
1614 2507 98 72 so-

54 2568 196 57 domia,
192 2568 196 57 luxus,
329 2568 255 57 ebrietas,
525 2568 235 57 crapula,
701 2568 255 57 auaritia,
897 2568 274 57 impostura,
1113 2568 176 57 usura
1230 2568 255 57 atterens,
1426 2568 255 57 proditio,
1602 2568 118 57 cae-

53 2621 157 69 des,
151 2621 314 69 parricidium,
406 2621 235 69 seditio,
582 2621 98 69 &
622 2621 118 69 si
680 2621 157 69 quid
778 2621 176 69 aliud
896 2621 137 69 est
974 2621 176 69 huius
1092 2621 235 69 generis.
1268 2621 255 69 Catalogum
1464 2621 176 69 satis
1562 2621 157 69 proli-

39 2679 143 58 xum
120 2679 184 58 texit
243 2679 224 58 dominus
406 2679 122 58 in
467 2679 163 58 lege
569 2679 143 58 sua
650 2679 163 58 apud
752 2679 184 58 Mosen
875 2679 204 58 Leuit.
1018 2679 102 58 1
1058 2679 122 58 8.
1120 2679 102 58 &
1160 2679 143 58 20.
1242 2679 122 58 Et
1303 2679 122 58 ne
1364 2679 163 58 quis
1466 2679 184 58 hodie
1589 2679 163 58 illa

39 2739 286 69 arbitretur
263 2739 164 69 esse
366 2739 245 69 abolita,
550 2739 204 69 audiat
693 2739 225 69 sanctum
856 2739 204 69 Paulum
999 2739 266 69 dicentem,
1204 2739 204 69 lustis
1347 2739 143 69 non
1429 2739 143 69 est
1511 2739 143 69 lex
1572 2739 143 69 posi-

44 2794 144 69 ta,
127 2794 144 69 sed
209 2794 248 69 iniustis
395 2794 103 69 &
436 2794 413 69 inobsequentibus,
787 2794 206 69 impijs
931 2794 103 69 &
973 2794 351 69 peccatoribus,
1261 2794 371 69 irreuerentibus
1571 2794 103 69 &
1591 2794 124 69 pro-

49 2844 227 70 phanis,
215 2844 289 70 patricidis
442 2844 103 70 &
484 2844 310 70 matricidis,
732 2844 289 70 homicidis,
959 2844 372 70 scortatoribus,
1269 2844 289 70 masculorum
1476 2844 248 70 concubito-

51 2904 195 86 ribus,
188 2904 293 86 plagiarijs,
422 2904 293 86 mendacibus,
656 2904 254 86 periuris,
851 2904 98 86 &
890 2904 117 86 si
949 2904 156 86 quid
1046 2904 176 86 aliud
1163 2904 137 86 est
1241 2904 156 86 quod
1339 2904 176 86 sanae
1456 2904 254 86 doctrinae
1631 2904 98 86 adi
