2288 3632
52 243 247 90 resectio
238 243 288 90 membrorum.
464 243 185 90 Ardet
588 243 206 90 manus,
732 243 103 90 &
773 243 268 90 periculum
979 243 144 90 est
1061 243 124 90 ne
1123 243 124 90 et
1185 243 247 90 brachium
1370 243 309 90 inardescat,
1597 243 144 90 atque

52 316 200 73 totus
185 316 333 73 extinguatur
452 316 200 73 homo:
585 316 156 73 non
674 316 244 73 resecas
852 316 200 73 tamen
985 316 222 73 manum,
1141 316 178 73 nisi
1252 316 200 73 prius
1385 316 267 73 expertus
1563 316 178 73 omnia,

54 367 346 70 intellexeris,
339 367 183 70 nulla
461 367 163 70 alia
563 367 224 70 ratione
726 367 204 70 mederi
869 367 183 70 posse
991 367 204 70 morbo.
1134 367 143 70 Ita
1215 367 143 70 non
1297 367 163 70 nisi
1399 367 285 70 desperatis
1602 367 143 70 rebus

48 434 204 64 tandem
190 434 183 64 bella
313 434 245 64 conuenit
496 434 285 64 suscipere,
720 434 122 64 ut
781 434 285 64 meminerint
1005 434 183 64 tamen
1128 434 265 64 principes
1331 434 122 64 ne
1393 434 163 64 quid
1494 434 163 64 sero
1576 434 163 64 nimis.

131 488 165 66 Adeo
234 488 165 66 enim
337 488 103 66 a
378 488 206 66 iustis
522 488 206 66 bellis
666 488 144 66 non
749 488 247 66 abhorret
934 488 206 66 uerbum
1078 488 165 66 dei,
1181 488 123 66 ut
1242 488 103 66 &
1283 488 185 66 leges
1407 488 185 66 belli
1530 488 226 66 dictet,
1674 488 62 66 &

50 533 243 77 exempla
227 533 265 77 bellorum
426 533 376 77 prudentiumque
735 533 111 77 &
779 533 243 77 fortium
956 533 332 77 imperatorum
1222 533 309 77 suppeditet
1465 533 265 77 plurima.
1642 533 88 77 Le

51 598 141 66 ges
131 598 302 66 contexuntur
373 598 181 66 Deut.
494 598 141 66 20.
575 598 161 66 cap.
675 598 201 66 utiles
816 598 101 66 &
857 598 322 66 necessariae,
1119 598 141 66 sed
1199 598 101 66 &
1239 598 222 66 clarae,
1401 598 121 66 ut
1461 598 141 66 mea
1542 598 141 66 non
1602 598 121 66 indi

52 655 189 65 geant
178 655 315 65 expositone.
430 655 252 65 Vulgares
619 655 105 65 &
661 655 126 65 ex
724 655 294 65 scripturis
954 655 252 65 petuntur
1143 655 147 65 hae
1227 655 210 65 leges.
1374 655 189 65 Locum
1500 655 210 65 habeat
1626 655 105 65 an-

46 708 129 67 te
110 708 193 67 omnia
239 708 236 67 religio
411 708 129 67 in
475 708 258 67 castris,
668 708 107 67 &
711 708 215 67 primum
862 708 236 67 quidem.
1033 708 150 67 Nam
1119 708 172 67 ipse
1227 708 236 67 dominus
1398 708 215 67 bellis
1527 708 215 67 adhibuit

53 764 296 67 sacerdotes,
290 764 276 67 religionis
507 764 178 67 uerae
626 764 276 67 ministros.
843 764 217 67 Valeant
1001 764 118 67 in
1060 764 217 67 castris
1218 764 217 67 perinde
1376 764 118 67 ut
1435 764 118 67 in
1494 764 217 67 urbibus
1632 764 99 67 ae-

55 824 138 75 que
134 824 177 75 leges
252 824 99 75 :
292 824 197 75 uiuant
430 824 138 75 sub
509 824 276 75 disciplina
726 824 237 75 honeste,
903 824 177 75 iuste
1021 824 99 75 &
1061 824 197 75 sancte
1199 824 237 75 milites.
1376 824 197 75 Etenim
1514 824 138 75 non
1593 824 118 75 ex
1632 824 99 75 deo

47 873 148 64 sed
132 873 233 64 diabolo
301 873 233 64 exortum
470 873 148 64 est
555 873 169 64 quod
661 873 191 64 uulgo
788 873 275 64 iactatur,
1000 873 233 64 Sileant
1169 873 191 64 inter
1296 873 169 64 arma
1402 873 212 64 leges.
1529 873 212 64 Eligatur

53 933 267 66 imperator
259 933 103 66 &
300 933 144 66 dux
382 933 185 66 belli
505 933 185 66 pius,
628 933 226 66 iustus,
792 933 246 66 sanctus,
977 933 226 66 fortis,
1141 933 226 66 prudens
1305 933 103 66 &
1346 933 205 66 felix,
1490 933 205 66 quales
1613 933 123 66 apud

51 989 241 59 ueteres
226 989 241 59 fuerunt
401 989 219 59 losue,
554 989 219 59 Dauid,
707 989 197 59 ludas
838 989 328 59 Machabaeus.
1101 989 372 59 Constantinus,
1407 989 328 59 Theodosius,
1648 989 87 59 Ma

51 1045 236 64 scelzer
222 1045 107 64 &
265 1045 193 64 multi
393 1045 193 64 alij.
522 1045 171 64 Huic
629 1045 236 64 addatur
800 1045 193 64 manus
929 1045 257 64 selecta.
1122 1045 150 64 Nam
1207 1045 236 64 militum
1379 1045 257 64 habendus
1572 1045 150 64 est
1636 1045 107 64 de-

48 1100 236 65 lectus.
219 1100 128 65 ne
283 1100 278 65 exercitus
497 1100 150 65 sit
583 1100 193 65 turba
711 1100 278 65 inbellium
925 1100 107 65 &
968 1100 321 65 imperitorum
1225 1100 257 65 hominum,
1418 1100 150 65 uel
1482 1100 257 65 perfidorum

53 1157 117 65 &
99 1157 375 65 blasphemorum
404 1157 515 65 consceleratorumque
848 1157 257 65 nequam,
1036 1157 117 65 &
1083 1157 328 65 ebriosorum
1340 1157 257 65 gulonum
1504 1157 234 65 porcorum

52 1209 124 76 ue
114 1209 185 76 grex.
238 1209 144 76 Non
320 1209 124 76 in
382 1209 309 76 multitudine
629 1209 227 76 hominum
794 1209 268 76 consistit
1000 1209 268 76 uictoria,
1206 1209 144 76 sed
1288 1209 124 76 in
1350 1209 206 76 gratia
1494 1209 144 76 dei
1576 1209 103 76 &
1617 1209 124 76 in
1659 1209 82 76 ma

56 1272 123 69 nu
117 1272 245 69 delecta.
301 1272 225 69 Vulgare
464 1272 164 69 est,
567 1272 143 69 Vbi
648 1272 286 69 multitudo,
873 1272 143 69 ibi
955 1272 266 69 confusio.
1160 1272 184 69 Magni
1282 1272 123 69 et
1344 1272 348 69 innumerabiles
1609 1272 123 69 exer

48 1322 191 66 citus
175 1322 298 66 conculcant
409 1322 319 66 semetipsos.
664 1322 319 66 Experientia
919 1322 255 66 magistra
1111 1322 149 66 hoc
1196 1322 191 66 ipsum
1323 1322 255 66 discimus
1493 1322 234 66 quotidie,

45 1385 110 63 &
89 1385 219 63 exepla
242 1385 219 63 omnium
396 1385 307 63 saeculorum
637 1385 132 63 id
703 1385 307 63 testantur.
944 1385 219 63 Porro,
1097 1385 329 63 improbantur
1360 1385 197 63 modis
1492 1385 241 63 omnibus
1645 1385 88 63 mi

53 1437 171 66 lites
167 1437 209 66 ignaui.
319 1437 190 66 Semper
451 1437 190 66 itaque
584 1437 152 66 agat
679 1437 171 66 miles
793 1437 284 66 Christianus
1020 1437 228 66 aliquid,
1191 1437 133 66 sit
1267 1437 247 66 strenuus,
1456 1437 228 66 fidelis,
1608 1437 114 66 labo

51 1494 234 68 riosus,
221 1494 361 68 centurionibus
518 1494 297 68 obsequens,
751 1494 212 68 nullam
900 1494 255 68 negligat
1091 1494 318 68 occasionem,
1346 1494 297 68 exerceatur
1579 1494 127 68 in
1622 1494 106 68 di-

55 1546 225 75 sciplina
224 1546 244 75 militari:
412 1546 131 75 non
487 1546 131 75 sit
562 1546 207 75 mollis,
713 1546 131 75 sed
788 1546 207 75 fortis:
938 1546 131 75 non
1013 1546 131 75 sit
1088 1546 225 75 crudelis
1257 1546 94 75 &
1295 1546 301 75 truculentus,
1539 1546 131 75 sed
1596 1546 131 75 seue-

40 1605 147 65 rus
124 1605 105 65 &
166 1605 252 65 clemens,
354 1605 168 65 suis
459 1605 273 65 quibusque
669 1605 314 65 temporibus.
920 1605 168 65 Quod
1025 1605 231 65 seruare
1193 1605 210 65 potest
1340 1605 126 65 ne
1403 1605 231 65 perdat.
1570 1605 168 65 Prae
1654 1605 84 65 om

48 1664 201 65 nibus
182 1664 201 65 autem
316 1664 201 65 rebus
450 1664 157 65 non
540 1664 269 65 negligat
741 1664 112 65 &
786 1664 201 65 extra
920 1664 291 65 periculum
1144 1664 112 65 &
1189 1664 134 65 in
1256 1664 179 65 ipso
1368 1664 269 65 periculo
1547 1664 179 65 preces

52 1713 125 71 ad
115 1713 230 71 dominum
282 1713 209 71 iuges.
428 1713 146 71 Cum
512 1713 146 71 deo
596 1713 293 71 auspicetur
826 1713 209 71 omnia,
972 1713 167 71 sine
1077 1713 146 71 deo
1160 1713 188 71 nihil
1286 1713 209 71 tentet
1432 1713 251 71 prorsus:
1600 1713 125 71 sini

53 1771 184 57 stram
175 1771 246 57 expertus
360 1771 266 57 fortunam,
565 1771 123 57 ne
626 1771 287 57 despondeat
852 1771 225 57 animum:
1016 1771 225 57 fortuna
1180 1771 164 57 usus
1282 1771 287 57 feliciore,
1508 1771 123 57 ne
1549 1771 184 57 effera-

47 1826 157 88 tur,
146 1826 137 88 sed
224 1826 157 88 agat
322 1826 137 88 deo
401 1826 216 88 gratias
558 1826 314 88 clementerque
813 1826 196 88 utatur
951 1826 255 88 uictoria:
1147 1826 98 88 a
1186 1826 137 88 deo
1265 1826 216 88 pendeat
1422 1826 236 88 prorsus,
1599 1826 177 88 neque

46 1895 187 61 aliud
171 1895 208 61 cupiat
316 1895 187 61 magis
441 1895 166 61 quam
545 1895 249 61 defensam
732 1895 229 61 rempub.
899 1895 208 61 leges,
1044 1895 312 61 religionem,
1293 1895 291 61 iustitiam,
1501 1895 229 61 innoxios.

56 1939 183 57 Mirum
178 1939 163 57 scio
280 1939 265 57 uidebitur
483 1939 204 57 multis
626 1939 163 57 haec
728 1939 122 57 me
789 1939 265 57 postulare
993 1939 102 57 a
1033 1939 224 57 milite,
1196 1939 163 57 quae
1298 1939 224 57 alioqui
1461 1939 265 57 uidentur,
1645 1939 81 57 ut

47 1995 177 68 uulgo
165 1995 157 68 dici
263 1995 275 68 consueuit,
479 1995 255 68 postulari
675 1995 98 68 a
715 1995 255 68 religioso
911 1995 216 68 aliquo.
1068 1995 177 68 Quasi
1186 1995 157 68 uero
1284 1995 294 68 irreligiosi
1519 1995 98 68 &
1558 1995 177 68 impij
1657 1995 78 68 so

57 2050 116 66 li
115 2050 194 66 queant
251 2050 155 66 esse
348 2050 233 66 milites,
522 2050 155 66 Sunt
620 2050 175 66 certe
736 2050 233 66 plerique
911 2050 194 66 tales.
1047 2050 136 66 Sed
1124 2050 194 66 quales
1260 2050 136 66 oro
1338 2050 214 66 fructus
1493 2050 214 66 metimus
1629 2050 97 66 ho-

53 2112 156 67 die
142 2112 134 67 ex
209 2112 291 67 huiusmodi
433 2112 268 67 semente?
634 2112 268 67 Vincimur
835 2112 112 67 a
880 2112 246 67 Turcis,
1058 2112 291 67 ludibrium
1282 2112 201 67 sumus
1416 2112 246 67 omnibus
1573 2112 156 67 genti

53 2164 181 71 bus,
167 2164 250 71 pereunt
348 2164 113 71 &
394 2164 340 71 Mahumetismo
666 2164 295 71 subduntur
893 2164 227 71 regna,
1051 2164 113 71 &
1097 2164 454 71 inexplicabilibus
1482 2164 136 71 in
1551 2164 181 71 diem
1641 2164 91 71 ma

52 2218 144 70 lis
135 2218 309 70 inuoluimur.
382 2218 206 70 Quales
527 2218 165 70 uero
630 2218 165 70 olim
733 2218 227 70 fuerint
898 2218 227 70 milites
1063 2218 144 70 qui
1146 2218 124 70 ex
1207 2218 248 70 ecclesia
1393 2218 144 70 aut
1476 2218 206 70 numero
1599 2218 124 70 Chri

54 2274 262 68 stianorum
255 2274 161 68 sese
356 2274 282 68 dediderunt
578 2274 262 68 militiae,
779 2274 141 68 uel
860 2274 121 68 ex
920 2274 201 68 unica,
1061 2274 141 68 sed
1142 2274 302 68 memorabili,
1384 2274 262 68 colligere
1565 2274 161 68 possu-

51 2331 152 64 mus
138 2331 282 64 historia,
355 2331 173 64 quam
463 2331 195 64 hisce
593 2331 217 64 uerbis
745 2331 325 64 perstringit
1005 2331 130 64 ad
1070 2331 260 64 Scapulam
1266 2331 369 64 Tertullianus,
1548 2331 173 64 Marcus

46 2385 223 65 quoque
202 2385 268 65 Aurelius
402 2385 134 65 in
469 2385 290 65 Germanica
692 2385 334 65 expeditione
960 2385 379 65 Christianorum
1272 2385 245 65 militum
1428 2385 290 65 orationibus

47 2442 127 62 ad
110 2442 169 62 deum
216 2442 233 62 factis,
385 2442 212 62 imbres
533 2442 127 62 in
597 2442 169 62 siti
703 2442 169 62 illa
808 2442 317 62 impetrauit.
1062 2442 212 62 Quando
1210 2442 148 62 non
1295 2442 423 62 geniculationibus
1655 2442 106 62 &

51 2500 391 66 ieiunationibus
377 2500 239 66 nostris
551 2500 196 66 etiam
682 2500 304 66 siccitates
921 2500 174 66 sunt
1029 2500 283 66 depulsae?
1247 2500 174 66 Tunc
1355 2500 109 66 &
1399 2500 239 66 populus
1551 2500 152 66 accla

43 2555 182 70 mans
157 2555 159 70 deo
248 2555 250 70 deorum,
429 2555 114 70 &
475 2555 159 70 qui
566 2555 204 70 solus
702 2555 250 70 potens,
884 2555 136 70 in
952 2555 204 70 louis
1088 2555 250 70 nomine,
1270 2555 159 70 deo
1361 2555 227 70 nostro
1497 2555 227 70 testimo-

46 2614 174 65 nium
155 2614 283 65 reddidit.
373 2614 174 65 Haec
482 2614 196 65 ille.
613 2614 283 65 Copiosius
831 2614 196 65 autem
961 2614 109 65 &
1005 2614 240 65 plenius
1179 2614 218 65 eandem
1332 2614 283 65 historiam
1528 2614 196 65 retexit

53 2666 203 72 beatus
195 2666 244 72 Eusebius
378 2666 183 72 libro
500 2666 203 72 eccles
643 2666 183 72 hist.
765 2666 122 72 5.
826 2666 163 72 cap.
928 2666 122 72 5.
989 2666 224 72 dicens,
1151 2666 122 72 M.
1212 2666 244 72 Aurelium
1395 2666 224 72 fratrem
1538 2666 183 72 Antoni-

58 2730 116 66 ni
116 2730 174 66 Caes,
232 2730 174 66 bella
348 2730 271 66 inferentem
562 2730 233 66 Germanis
736 2730 97 66 &
775 2730 252 66 Sarmatis,
969 2730 213 66 tradunt
1124 2730 271 66 historiae,
1337 2730 136 66 cum
1415 2730 155 66 siti
1512 2730 155 66 eius
1589 2730 136 66 peri-

52 2775 271 67 clitaretur
265 2775 271 67 exercitus,
478 2775 271 67 aestuantem
691 2775 97 67 &
729 2775 271 67 quaerentem
942 2775 155 67 quid
1039 2775 174 67 facto
1155 2775 155 67 opus
1252 2775 194 67 esset,
1388 2775 252 67 reperisse
1581 2775 116 67 in
1620 2775 97 67 le-

50 2840 186 58 gione
175 2840 207 58 quadam
319 2840 228 58 milites
485 2840 331 58 Christianos,
754 2840 207 58 quibus
899 2840 104 58 (
940 2840 186 58 sicut
1065 2840 104 58 &
1106 2840 228 58 nostris
1272 2840 145 58 mos
1354 2840 166 58 est)
1458 2840 207 58 flexis
1582 2840 145 58 geni-

55 2895 150 69 bus
140 2895 363 69 obsecrantibus
439 2895 278 69 exaudisse
653 2895 171 69 deum
760 2895 385 69 supplicationes
1080 2895 214 69 eorum,
1230 2895 107 69 &
1272 2895 214 69 subito
1422 2895 214 69 contra
1550 2895 171 69 omnium
