2288 3632
47 254 175 81 cio:
157 254 131 81 eo
222 254 175 81 quod
332 254 307 81 Christiani
573 254 153 81 nec
660 254 307 81 contendant
901 254 131 81 in
967 254 197 81 foro,
1098 254 153 81 nec
1186 254 263 81 occidant
1383 254 285 81 quenquam,
1580 254 153 81 neque

52 318 186 76 bello
176 318 145 76 res
259 318 227 76 ablatas
424 318 269 76 repetant,
631 318 145 76 aut
714 318 248 76 iniurias
900 318 227 76 illatas
1065 318 289 76 uindicent.
1293 318 124 76 Et
1355 318 248 76 quanquam
1541 318 145 76 his
1603 318 124 76 suis

64 384 273 67 quibusque
274 384 189 67 locis
400 384 273 67 responsum
610 384 168 67 sit,
715 384 252 67 colligam
904 384 189 67 tamen
1031 384 231 67 aliquot
1199 384 273 67 argumenta
1409 384 126 67 in
1451 384 273 67 compendium,

50 437 130 61 ex
115 437 216 61 quibus
266 437 151 61 uir
353 437 281 61 politicus
569 437 108 61 &
612 437 324 61 Christianus
872 437 216 61 contra
1023 437 238 61 furores
1196 437 108 61 &
1239 437 216 61 somnia
1390 437 389 61 Anabaptistarum

51 491 311 76 intelligat,
300 491 125 76 si
363 491 228 76 uocetur
529 491 125 76 ad
591 491 187 76 munus
715 491 332 76 magistratus,
985 491 104 76 &
1027 491 187 76 posse
1151 491 104 76 &
1193 491 208 76 debere
1338 491 187 76 ipsum
1462 491 125 76 in
1504 491 228 76 suscipien

50 547 133 75 do
116 547 111 75 &
161 547 245 75 gerendo
339 547 311 75 magistratu
583 547 245 75 seruire
761 547 178 75 deo.
872 547 178 75 Quod
983 547 178 75 enim
1095 547 245 75 fingunt
1272 547 289 75 doctrinam
1472 547 245 75 euangelij

50 594 105 76 t
92 594 189 76 medio
218 594 230 76 tollere
385 594 314 76 defensionem
637 594 105 76 &
679 594 168 76 quae
783 594 293 76 defensioni
1014 594 168 76 sunt
1118 594 272 76 confinia,
1328 594 168 76 toto
1433 594 209 76 errant
1558 594 168 76 coelo.

53 651 139 74 Nam
133 651 219 74 ueritas
292 651 179 74 aliud
411 651 219 74 tradit.

126 706 313 82 Quaecunque
372 706 179 82 enim
483 706 291 82 diuinitus
707 706 179 82 sunt
819 706 268 82 ordinata
1020 706 134 82 ad
1087 706 246 82 hominum
1266 706 246 82 salutem
1444 706 134 82 ac
1489 706 246 82 incolumi-

55 777 214 57 tatem,
204 777 171 57 adeo
312 777 150 57 non
397 777 257 57 dedecent
590 777 321 57 Christianum
847 777 257 57 hominem,
1040 777 128 57 si
1104 777 150 57 ijs
1190 777 214 57 utatur
1340 777 107 57 &
1382 777 150 57 ijs
1468 777 128 57 se
1511 777 214 57 acconmo-

51 823 167 70 det,
155 823 125 70 ut
218 823 125 70 si
281 823 271 70 huiusmodi
489 823 250 70 respuat,
677 823 146 70 non
761 823 146 70 sit
844 823 230 70 futurus
1011 823 188 70 uerus
1137 823 334 70 Christianus.
1408 823 146 70 Nam
1471 823 250 70 Christiani

50 883 280 70 cuiusque
259 883 210 70 prima
399 883 116 70 &
446 883 233 70 maxima
609 883 186 70 cura
725 883 186 70 est,
842 883 256 70 salutem
1028 883 116 70 &
1075 883 396 70 incolumitatem
1401 883 256 70 hominum
1564 883 163 70 summa

41 938 273 69 promouere
251 938 315 69 diligentia.
503 938 147 69 Est
587 938 189 69 autem
713 938 315 69 magistratus
964 938 147 69 non
1048 938 126 69 ab
1111 938 168 69 ullo
1216 938 231 69 homine,
1384 938 147 69 sed
1468 938 168 69 ipso
1573 938 147 69 deo
1636 938 84 69 or

51 996 255 63 dinatus
236 996 139 63 ad
305 996 255 63 salutem
491 996 116 63 &
537 996 393 63 incolumitatem
861 996 278 63 hominum,
1069 996 347 63 quemadmodum
1347 996 278 63 disertis
1532 996 185 63 uerbis

46 1052 255 67 testatum
237 1052 149 67 est
322 1052 106 67 a
365 1052 276 67 prophetis
577 1052 106 67 &
620 1052 298 67 apostolis.
853 1052 191 67 Paulo
981 1052 298 67 praesertim
1215 1052 128 67 ad
1279 1052 234 67 Romanos
1449 1052 149 67 13.
1534 1052 170 67 Quis
1619 1052 106 67 au-

50 1111 151 75 tem
137 1111 173 75 inde
245 1111 151 75 non
332 1111 260 75 colligat
526 1111 324 75 Christianum
786 1111 151 75 cum
872 1111 195 75 laude
1002 1111 108 75 &
1045 1111 216 75 gloria
1197 1111 195 75 fungi
1327 1111 195 75 posse
1435 1111 281 75 magistratus

14 1160 240 77 munere?

111 1215 275 78 Praeterea
322 1215 169 78 nemo
428 1215 296 78 negauerit,
660 1215 190 78 scio,
787 1215 296 78 Christiani
1020 1215 232 78 hominis
1189 1215 169 78 esse
1294 1215 211 78 fidem,
1442 1215 148 78 non
1527 1215 169 78 modo
1611 1215 127 78 uer-

47 1270 151 71 bis,
141 1270 132 71 sed
217 1270 169 71 ipsis
330 1270 245 71 operibus,
518 1270 245 71 iustitiae
706 1270 113 71 in
763 1270 188 71 primis
895 1270 113 71 ac
951 1270 320 71 misericordiae
1215 1270 264 71 attestari,
1422 1270 188 71 curare
1554 1270 151 71 item
1629 1270 94 71 mo-

42 1334 141 73 dis
123 1334 222 73 omnibus
284 1334 162 73 quae
385 1334 242 73 publicae
567 1334 182 73 pacis
688 1334 101 73 &
728 1334 384 73 tranquillitatis
1052 1334 182 73 sunt,
1173 1334 222 73 insuper
1334 1334 202 73 facere
1476 1334 242 73 iudicium
1657 1334 101 73 &

38 1386 280 79 iustitiam,
258 1386 180 79 tueri
378 1386 220 79 uiduas,
538 1386 260 79 pupillos,
738 1386 260 79 orphanos,
938 1386 120 79 ac
998 1386 240 79 asserere
1178 1386 280 79 oppressos.
1398 1386 280 79 Occasionem
1598 1386 120 79 quo-

48 1448 160 63 que,
148 1448 180 63 locum
268 1448 100 63 &
308 1448 240 63 rationem
489 1448 140 63 non
569 1448 240 63 spernit,
749 1448 140 63 non
829 1448 180 63 fugit
950 1448 140 63 nec
1030 1448 240 63 reijcit,
1210 1448 140 63 per
1290 1448 160 63 quae
1390 1448 160 63 illa
1491 1448 180 63 opera
1591 1448 120 63 bene

40 1497 228 69 ficiaue
206 1497 249 69 exercere
393 1497 228 69 potest.
558 1497 228 69 Ideoque
724 1497 311 69 Christianus
973 1497 269 69 nequaquam
1180 1497 269 69 detrectat
1387 1497 187 69 munus
1512 1497 145 69 seu
1574 1497 145 69 offi-

37 1553 166 79 cium
141 1553 331 79 magistratus.
410 1553 145 79 Est
493 1553 166 79 enim
596 1553 311 79 magistratus
845 1553 269 79 officium,
1052 1553 207 79 facere
1197 1553 248 79 iudicium
1383 1553 104 79 &
1424 1553 290 79 iustitiam,
1652 1553 104 79 &

33 1602 223 74 curare
189 1602 201 74 pacem
323 1602 290 74 publicam.

109 1658 159 71 lam
200 1658 181 71 uero
313 1658 340 71 indubitatum
585 1658 113 71 &
630 1658 272 71 superius
834 1658 362 71 demonstratum
1128 1658 181 71 est,
1242 1658 226 71 Mosen,
1400 1658 294 71 Samuelem,
1604 1658 113 71 Io-

38 1717 155 68 sue
127 1717 111 68 &
171 1717 244 68 Dauidem
348 1717 155 68 non
437 1717 244 68 excludi
615 1717 111 68 a
659 1717 311 68 Christiano
903 1717 244 68 nomine.
1081 1717 155 68 Cum
1169 1717 200 68 autem
1302 1717 177 68 isti
1413 1717 288 68 gesserint
1613 1717 111 68 ma-

32 1783 312 67 gistratum,
277 1783 178 67 quid
388 1783 312 67 prohibebit
633 1783 245 67 obsecro
811 1783 156 67 uel
900 1783 200 67 hodie
1034 1783 245 67 hominem
1212 1783 178 67 uere
1323 1783 334 67 Christianum
1568 1783 156 67 fungi

40 1844 233 64 officio
209 1844 339 64 magistratus?
485 1844 170 64 Quid
591 1844 170 64 quod
697 1844 127 64 in
761 1844 170 64 nouo
867 1844 297 64 testamento
1100 1844 318 64 celebrantur
1355 1844 170 64 uiri
1461 1844 254 64 egregij,
1651 1844 106 64 &

38 1886 163 67 ipsi
139 1886 285 67 constituti
363 1886 122 67 in
424 1886 305 67 magistratu,
668 1886 102 67 &
709 1886 142 67 non
790 1886 224 67 deposit
953 1886 224 67 propter
1115 1886 183 67 ueram
1237 1886 285 67 religionem
1461 1886 122 67 ab
1502 1886 203 67 officio.

36 1943 133 73 De
102 1943 243 73 Iosepho
279 1943 310 73 Arimathaeo
523 1943 155 73 sic
611 1943 243 73 legimus
788 1943 177 73 apud
899 1943 221 73 Lucam,
1054 1943 177 73 Ecce
1165 1943 155 73 uir
1253 1943 221 73 nomine
1408 1943 243 73 Ioseph,
1563 1943 155 73 decu-

36 2004 143 62 rio
117 2004 224 62 MMarcus
280 2004 183 62 habet
402 2004 244 62 honestus
585 2004 244 62 senator)
769 2004 163 62 erat
870 2004 143 62 uir
952 2004 183 62 bonus
1074 2004 102 62 &
1115 2004 224 62 iustus,
1277 2004 143 62 nec
1359 2004 305 62 consenserat
1583 2004 122 62 con-

36 2058 191 60 silio
163 2058 106 60 &
205 2058 191 60 facto
333 2058 212 60 eorum,
481 2058 254 60 oriundus
672 2058 127 60 ab
736 2058 297 60 Arimathaea
969 2058 254 60 ciuitate
1160 2058 297 60 ludaeorum,
1393 2058 148 60 qui
1457 2058 254 60 expectabat

33 2114 106 66 &
75 2114 170 66 ipse
182 2114 213 66 regnum
331 2114 170 66 dei.
437 2114 277 66 Obseruate
650 2114 234 66 obsecro
820 2114 170 66 quam
927 2114 255 66 illustre
1118 2114 149 66 sit
1203 2114 149 66 hoc
1288 2114 341 66 testimonium.
1544 2114 170 66 Ioseph

31 2172 143 58 est
112 2172 225 58 decurio
276 2172 143 58 uel
357 2172 245 58 senator,
541 2172 102 58 &
582 2172 225 58 senator
746 2172 204 58 quidem
889 2172 266 58 honestus.
1093 2172 163 58 Idem
1195 2172 184 58 sedit
1318 2172 123 58 in
1379 2172 123 58 eo
1440 2172 204 58 senatu
1583 2172 102 58 &
1604 2172 102 58 in-

37 2223 146 62 ter
121 2223 188 62 illos
246 2223 250 62 iudices,
433 2223 146 62 qui
517 2223 334 62 condemnarant
788 2223 271 62 Christum,
996 2223 146 62 sed
1080 2223 167 62 quia
1184 2223 146 62 non
1267 2223 271 62 consensit
1476 2223 125 62 in
1517 2223 188 62 ipsorum

40 2280 316 70 sententiam,
293 2280 147 70 non
377 2280 274 70 imputatur
588 2280 232 70 innoxio
756 2280 337 70 parricidium.
1030 2280 169 70 Idem
1135 2280 316 70 praedicatur
1388 2280 169 70 esse
1493 2280 211 70 bonus,
1620 2280 84 70 iu

35 2338 191 62 stus,
162 2338 106 62 &
205 2338 127 62 de
268 2338 191 62 eorum
396 2338 234 62 numero,
566 2338 149 62 qui
651 2338 276 62 expectant
863 2338 212 62 regnum
1012 2338 170 62 dei,
1118 2338 127 62 id
1182 2338 170 62 est,
1288 2338 127 62 de
1352 2338 212 62 numero
1479 2338 234 62 Christia-

38 2392 213 69 norum,
187 2392 235 69 interim
358 2392 235 69 decurio
528 2392 171 69 siue
635 2392 235 69 senator
806 2392 149 69 est
891 2392 107 69 &
934 2392 192 69 manet
1062 2392 128 69 in
1126 2392 171 69 urbe
1233 2392 405 69 Hierosolymorum.
1553 2392 149 69 Licet

35 2449 169 59 ergo
140 2449 295 59 Christiano
372 2449 190 59 fungi
498 2449 316 59 magistratus
751 2449 253 59 officio.
941 2449 147 59 Huc
1025 2449 274 59 pertinent
1236 2449 232 59 exempla
1404 2449 126 59 de
1446 2449 253 59 Aethiopico

42 2508 268 59 principe,
249 2508 227 59 Actorum
413 2508 124 59 8.
475 2508 165 59 cap.
578 2508 124 59 de
640 2508 247 59 Cornelio
826 2508 289 59 Centurione
1052 2508 165 59 Act.
1155 2508 144 59 19.
1238 2508 165 59 cap.
1341 2508 103 59 &
1382 2508 124 59 de
1444 2508 206 59 Erasto
1568 2508 144 59 quae-

46 2556 186 64 store
170 2556 228 64 aerario
336 2556 186 64 urbis
460 2556 331 64 Corinthiacae
729 2556 166 64 Rom.
833 2556 145 64 16.
916 2556 124 64 2.
978 2556 228 64 Timoth.
1143 2556 124 64 4.
1205 2556 248 64 Caeterum
1392 2556 228 64 cupimus
1536 2556 166 64 Anaba-

45 2618 222 60 ptistas
206 2618 283 60 scripturis
429 2618 243 60 euincere
611 2618 141 60 aut
692 2618 323 60 demonstrare,
954 2618 162 60 quod
1055 2618 263 60 obiiciunt
1257 2618 182 60 istos
1379 2618 121 60 ad
1439 2618 182 60 fidem
1540 2618 162 60 conuer

46 2674 129 58 os
110 2674 301 58 deposuisse
347 2674 237 58 trabeam
519 2674 108 58 &
562 2674 258 58 gladium.
755 2674 151 58 Nos
841 2674 172 58 enim
949 2674 258 58 superius
1142 2674 258 58 adductis
1336 2674 129 58 S.
1400 2674 280 58 Augustini
1594 2674 108 58 uer

41 2727 142 62 bis
122 2727 122 62 ex
183 2727 304 62 responsione
426 2727 122 62 S.
487 2727 223 62 Ioannis
649 2727 284 62 Baptistae,
872 2727 142 62 qui
953 2727 101 62 &
993 2727 162 62 ipse
1095 2727 304 62 praedicauit
1338 2727 304 62 euangelium,
1561 2727 162 62 demon-

41 2781 265 68 strauimus
245 2781 224 68 milites
408 2781 286 68 baptisatos
632 2781 265 68 nequaquam
836 2781 265 68 depositos
1040 2781 163 68 esse
1142 2781 122 68 ex
1203 2781 245 68 officio,
1387 2781 143 68 aut
1448 2781 245 68 praeceptum

41 2843 142 62 eis
122 2843 142 62 per
203 2843 223 62 Ioannem
365 2843 122 62 ut
426 2843 284 62 desererent
648 2843 263 62 militiam.

113 2886 296 81 Obijiciunt
346 2886 212 81 aliud,
494 2886 233 81 dominum
663 2886 127 81 se
726 2886 296 81 subduxisse
959 2886 148 81 dum
1044 2886 233 81 populus
1213 2886 275 81 cogitaret
1425 2886 190 81 ipsum
1552 2886 212 81 creare
