2288 3632
426 309 162 106 dere
527 309 284 106 fidelibus.
750 309 223 106 Videant
912 309 162 106 ergo
1013 309 223 106 sancti,
1175 309 304 106 magistratus
1418 309 122 106 in
1479 309 223 106 primis,
1641 309 122 106 ne
1702 309 142 106 hic
1783 309 162 106 sint
1884 309 223 106 segnes,
2026 309 101 106 sed

442 378 250 82 alacres,
630 378 209 82 sancta
776 378 250 82 tueantur
964 378 271 82 coniugia,
1172 378 334 82 persequantur
1444 378 313 82 seuerissime
1694 378 376 82 obscoenitates,
1986 378 146 82 forni

438 451 311 74 cationes,
677 451 120 74 &
725 451 215 74 omnem
868 451 382 74 immunditiam.

516 476 167 98 Haec
621 476 125 98 ex
683 476 271 98 scriptura
892 476 209 98 sancta
1038 476 251 98 recitaui
1226 476 251 98 hucusque
1414 476 188 98 paulo
1539 476 292 98 copiosius,
1769 476 125 98 ut
1832 476 230 98 omnibus
1978 476 146 98 mani-

450 540 208 90 festum
596 540 229 90 facerem
762 540 270 90 coniugium
970 540 166 90 esse
1074 540 249 90 sanctum,
1261 540 104 90 &
1303 540 229 90 iccirco
1469 540 166 90 eius
1573 540 270 90 moderato,
1781 540 229 90 sancto,
1947 540 229 90 legiti¬

436 599 198 93 moque
568 599 154 93 usu
656 599 242 93 neminem
832 599 198 93 posse
964 599 286 93 inquinari
1184 599 110 93 :
1228 599 176 93 ergo
1337 599 242 93 omnibus
1513 599 220 93 quoque
1667 599 176 93 esse
1777 599 308 93 permissum.
1997 599 132 93 Apo-

440 663 195 83 stolus
576 663 176 83 enim,
693 663 273 83 Episcopus,
908 663 215 83 inquit,
1064 663 137 83 sit
1142 663 176 83 unius
1259 663 195 83 uxoris
1395 663 156 83 uir,
1493 663 137 83 qui
1571 663 156 83 suae
1668 663 176 83 domui
1785 663 156 83 bene
1883 663 234 83 praesit,
2039 663 98 83 li-

441 708 187 92 beros
566 708 207 92 habens
711 708 249 92 fideles.
897 708 145 92 Nam
980 708 104 92 &
1022 708 270 92 apostolos
1229 708 249 92 Christi,
1416 708 373 92 apostolicosque
1727 708 187 92 uiros
1831 708 290 92 sanctissimos

443 768 333 90 ecclesiarum
709 768 289 90 pastores,
931 768 266 90 habuisse
1131 768 244 90 uxores,
1309 768 222 90 diuino
1464 768 111 90 &
1508 768 222 90 humano
1664 768 311 90 testimonio
1886 768 244 90 comproba-

452 821 172 93 tur.
559 821 193 93 Neque
688 821 172 93 uero
795 821 193 93 aliud
924 821 172 93 post
1031 821 215 93 prauam
1181 821 279 93 doctrinam
1396 821 193 93 magis
1525 821 236 93 inficit
1697 821 301 93 ecclesiam,
1911 821 215 93 omnemque

443 880 309 94 disciplinam
691 880 268 94 subuertit
897 880 392 94 ecclesiasticam,
1227 880 165 94 quam
1330 880 124 94 si
1392 880 248 94 ministri
1578 880 330 94 ecclesiarum,
1846 880 144 94 qui
1908 880 227 94 debuerant

443 937 163 91 esse
544 937 224 91 lumina,
707 937 163 91 sint
809 937 285 91 fornicarij
1033 937 102 91 &
1074 937 265 91 adulteri.
1277 937 265 91 Scandalum
1481 937 142 91 hoc
1562 937 163 91 prae
1664 937 244 91 caeteris
1847 937 285 91 honestatem
2051 937 81 91 om

443 998 146 82 nem
526 998 229 82 fatigat
693 998 187 82 atque
817 998 312 82 conspurcat.
1067 998 146 82 Sed
1150 998 125 82 de
1212 998 125 82 hi
1275 998 125 82 in
1337 998 353 82 praesentiarum
1628 998 146 82 non
1711 998 208 82 statui
1857 998 270 82 prolixius
2065 998 104 82 &

454 1046 185 111 plene
578 1046 288 111 disputare.
804 1046 144 111 His
887 1046 247 111 adiincio
1072 1046 247 111 uinculum
1257 1046 247 111 coniugij
1442 1046 165 111 esse
1545 1046 350 111 indissolubile
1833 1046 103 111 &
1854 1046 267 111 sempiternum

461 1112 133 81 id
527 1112 156 81 est
616 1112 244 81 nunquam
794 1112 355 81 dissipandum.
1083 1112 156 81 Fit
1172 1112 178 81 enim
1283 1112 133 81 ex
1349 1112 222 81 duobus
1505 1112 156 81 una
1594 1112 200 81 caro,
1727 1112 178 81 unum
1838 1112 244 81 corpus.
2016 1112 156 81 Hoc

455 1160 124 92 si
517 1160 269 92 disseces,
725 1160 228 92 perdis.
891 1160 166 92 Quod
994 1160 166 92 ergo
1098 1160 166 92 deus
1201 1160 290 92 coniunxit,
1429 1160 166 92 homo
1533 1160 145 92 non
1616 1160 249 92 separet.
1802 1160 166 92 Ergo
1906 1160 187 92 huius
2010 1160 124 92 cor-

456 1213 189 102 poris
582 1213 210 102 caedem
729 1213 252 102 faciunt,
919 1213 147 102 qui
1003 1213 294 102 adulterium
1234 1213 315 102 perpetrant.
1486 1213 273 102 Diuortium
1696 1213 168 102 enim
1802 1213 252 102 admittit
1991 1213 147 102 lex
2054 1213 84 102 e-

461 1277 289 98 uangelica
683 1277 111 98 &
728 1277 156 98 lex
817 1277 223 98 humana
973 1277 200 98 inter
1106 1277 245 98 maritum
1284 1277 111 98 &
1329 1277 312 98 adulteram.
1574 1277 200 98 Neque
1707 1277 156 98 sit
1796 1277 200 98 minor
1930 1277 111 98 &
1952 1277 178 98 leuior

460 1339 208 74 causa,
606 1339 167 74 quae
710 1339 188 74 inter
835 1339 250 74 coniuges
1023 1339 250 74 uinculum
1211 1339 146 74 hoc
1294 1339 250 74 dirimit,
1482 1339 167 74 quam
1586 1339 313 74 fornicatio.
1836 1339 229 74 Alioqui
1982 1339 146 74 maio-

454 1382 145 98 res
537 1382 124 98 in
599 1382 269 98 euangelio
807 1382 145 98 non
890 1382 269 98 prohibuit
1097 1382 166 98 esse
1200 1382 249 98 diuortij
1387 1382 228 98 causas,
1553 1382 145 98 qui
1636 1382 228 98 minorem
1801 1382 269 98 permisit.
2009 1382 124 98 Ac
2050 1382 83 98 in

463 1442 235 87 ecclesia
640 1442 196 87 ueteri
777 1442 137 87 non
856 1442 157 87 unam
954 1442 334 87 fornicationem
1229 1442 314 87 separationis
1484 1442 196 87 causam
1621 1442 216 87 fuisse,
1778 1442 196 87 testes
1915 1442 157 87 sunt
1994 1442 137 87 Chri-

451 1496 263 87 stianorum
653 1496 263 87 principum
855 1496 263 87 epistolae
1058 1496 182 87 atque
1179 1496 384 87 constitutiones.
1503 1496 121 87 De
1564 1496 202 87 quibus
1705 1496 202 87 alias,

537 1541 125 100 Vt
600 1541 187 100 autem
724 1541 249 100 uinculum
911 1541 145 100 hoc
994 1541 229 100 sanctum
1161 1541 270 100 coalescat
1368 1541 249 100 firmius,
1555 1541 208 100 multum
1701 1541 208 100 refert
1846 1541 125 100 si
1908 1541 229 100 sancte,
2054 1541 83 100 Ie

464 1609 222 95 gitime,
625 1609 141 95 cum
706 1609 202 95 timore
848 1609 162 95 dei,
948 1609 101 95 &
989 1609 141 95 cum
1070 1609 242 95 iudicio,
1251 1609 202 95 coeant
1393 1609 263 95 coniugia.
1595 1609 121 95 Ne
1655 1609 162 95 sint
1756 1609 202 95 inuita
1898 1609 141 95 aut
1958 1609 182 95 coacta.

464 1671 240 83 lungant
639 1671 196 83 prius
769 1671 261 83 animorum
965 1671 392 83 consentientium
1292 1671 218 83 genij,
1445 1671 174 83 quos
1554 1671 218 83 postea
1706 1671 283 83 coniungit
1902 1671 240 83 professio

456 1719 292 87 consensus
680 1719 202 87 mutui
815 1719 112 87 &
860 1719 247 87 externa
1039 1719 404 87 confoederatio.
1376 1719 292 87 Iungantur
1601 1719 157 87 qui
1691 1719 157 87 non
1781 1719 180 87 sunt
1870 1719 270 87 propinqui-

466 1778 159 90 tate
565 1778 258 90 sanguinis
764 1778 139 90 aut
843 1778 298 90 affinitatis
1082 1778 278 90 disiuncti.
1300 1778 258 90 lungantur
1499 1778 139 90 qui
1578 1778 139 90 per
1657 1778 179 90 leges
1777 1778 218 90 diuinas
1935 1778 179 90 atque
2035 1778 99 90 pa-

466 1840 204 76 trias,
609 1840 245 76 parentum
792 1840 245 76 consensu
976 1840 306 76 consilioque
1222 1840 286 76 accedente,
1446 1840 245 76 coniungi
1630 1840 245 76 possunt.
1814 1840 184 76 Adsit
1937 1840 123 76 in
1978 1840 163 76 contra

461 1899 261 73 hentibus
657 1899 174 73 mens
766 1899 261 73 syncera,
962 1899 174 73 quae
1071 1899 218 73 querat
1223 1899 370 73 incolumitatem
1528 1899 109 73 &
1571 1899 326 73 felicitatem
1832 1899 283 73 perennem,
2028 1899 109 73 hoc

460 1952 140 78 est
540 1952 160 78 quae
640 1952 180 78 unice
761 1952 220 78 spectet
921 1952 281 78 uoluntatem
1141 1952 160 78 dei:
1241 1952 180 78 neque
1362 1952 240 78 admittat
1542 1952 160 78 ulla
1642 1952 180 78 parte
1762 1952 200 78 prauos
1903 1952 240 78 adfectus
2063 1952 80 78 in

465 2004 283 80 consilium.
687 2004 263 80 Hierocles
890 2004 121 80 in
950 2004 182 80 lib,.
1072 2004 121 80 de
1132 2004 243 80 Nuptijs,
1315 2004 303 80 Imprudentia
1557 2004 202 80 omnino
1699 2004 202 80 grauis
1841 2004 162 80 est,
1942 2004 223 80 inquit,
2083 2004 61 80 u

467 2055 152 91 quae
562 2055 133 91 res
638 2055 171 91 etiam
752 2055 133 91 per
828 2055 114 91 se
885 2055 228 91 faciles,
1056 2055 228 91 onerosas
1227 2055 247 91 efficiat,
1418 2055 95 91 &
1456 2055 171 91 inter
1570 2055 171 91 alias
1684 2055 190 91 uxorem
1817 2055 209 91 quoque.
1969 2055 133 91 Non
2026 2055 114 91 pau-

461 2107 141 89 cis
542 2107 162 89 enim
643 2107 343 89 intolerabiles
925 2107 222 89 fuerunt
1087 2107 242 89 nuptiae:
1269 2107 141 89 non
1349 2107 162 89 quod
1450 2107 141 89 sua
1531 2107 182 89 culpa
1652 2107 141 89 aut
1733 2107 202 89 suapte
1874 2107 202 89 natura
1996 2107 141 89 talis

459 2168 149 90 sit
544 2168 149 90 cum
629 2168 191 90 uxore
756 2168 276 90 societas,
968 2168 149 90 sed
1053 2168 212 90 quando
1201 2168 255 90 ducimus,
1392 2168 170 90 quas
1498 2168 149 90 non
1583 2168 297 90 oportebat,
1817 2168 170 90 inde
1923 2168 149 90 usu
1986 2168 149 90 uenit

459 2219 119 93 ut
519 2219 159 93 fiat
618 2219 337 93 intolerabilis
896 2219 159 93 illa
995 2219 258 93 societas.
1193 2219 139 93 Hoc
1273 2219 159 93 sane
1372 2219 159 93 modo
1471 2219 218 93 nuptiae
1630 2219 179 93 uulgo
1749 2219 258 93 eueniunt.
1948 2219 139 93 Non
2027 2219 159 93 enim

454 2277 337 98 procreationis
731 2277 277 98 liberorum,
949 2277 139 98 aut
1028 2277 178 98 uitae
1147 2277 277 98 societatis
1365 2277 198 98 gratia
1503 2277 198 98 ducunt
1642 2277 218 98 uxores:
1800 2277 139 98 sed
1880 2277 158 98 alij
1959 2277 178 98 propter

467 2330 310 91 magnitudinem
719 2330 194 91 dotis,
854 2330 155 91 alij
951 2330 291 91 excellentia
1184 2330 213 91 formae,
1339 2330 155 91 alij
1436 2330 155 91 uero
1533 2330 174 91 alijs
1649 2330 271 91 istiusmodi
1863 2330 194 91 causis
1979 2330 155 91 ducti,

455 2405 142 74 ceu
536 2405 182 74 malis
657 2405 324 74 consiliarijs
920 2405 162 74 usi,
1021 2405 121 74 de
1082 2405 222 74 ingenio
1243 2405 101 74 &
1284 2405 222 74 moribus
1446 2405 222 74 sponsae
1607 2405 182 74 nulla
1729 2405 162 74 cura
1830 2405 222 74 habita,
1991 2405 121 74 in
2032 2405 101 74 per

454 2445 211 92 niciem
601 2445 168 92 suam
707 2445 232 92 nuptias
875 2445 295 92 celebrant.
1107 2445 147 92 Huc
1191 2445 253 92 pertinet
1380 2445 168 92 quod
1485 2445 295 92 Plutarchus
1717 2445 126 92 in
1780 2445 232 92 libello
1949 2445 126 92 De
1991 2445 147 92 libe-

460 2497 144 88 ris
543 2497 267 88 educandis
748 2497 247 88 parentes
933 2497 247 88 admonet,
1119 2497 123 88 ut
1180 2497 247 88 eiusmodi
1365 2497 226 88 liberis
1530 2497 165 88 suis
1633 2497 206 88 uxores
1777 2497 329 88 despondeant,
2024 2497 123 88 quae

464 2556 145 92 non
547 2556 165 92 sint
650 2556 186 92 multo
774 2556 145 92 uel
857 2556 248 92 ditiores
1043 2556 145 92 uel
1126 2556 331 92 potentiores.
1395 2556 269 92 Prudenter
1601 2556 165 92 enim
1705 2556 165 92 dici
1808 2556 289 92 Prouerbio,
2015 2556 124 92 Tuae

457 2610 211 98 sortis
604 2610 211 98 uxorem
752 2610 232 98 ducito.
920 2610 253 98 Breuiter
1110 2610 295 98 praeluceat
1341 2610 126 98 in
1404 2610 147 98 his
1488 2610 232 98 omnibus
1657 2610 189 98 timor
1783 2610 168 98 dei,
1888 2610 211 98 uerbum
2015 2610 126 98 dei,

471 2686 106 70 &
513 2686 213 70 ardens
662 2686 128 70 ad
726 2686 170 70 deum
833 2686 213 70 effusa
982 2686 277 70 precatio.

544 2712 264 109 Caeterum
742 2712 154 109 non
830 2712 264 109 conuenit
1028 2712 132 109 in
1094 2712 264 109 legitimo
1292 2712 264 109 coniugio
1490 2712 220 109 plures
1644 2712 176 109 esse
1754 2712 176 109 quam
1864 2712 176 109 duo,
1974 2712 154 109 qui
2040 2712 110 109 con

468 2793 335 77 stringantur
736 2793 179 77 unum
847 2793 156 77 sub
936 2793 223 77 iugum.
1093 2793 290 77 Polygamia
1316 2793 179 77 enim
1428 2793 268 77 usurpata
1629 2793 268 77 patribus
1829 2793 246 77 nostris
1986 2793 156 77 citr-

459 2836 236 92 culpam,
630 2836 215 92 nullam
781 2836 193 92 nobis
910 2836 301 92 constituit
1146 2836 215 92 legem.
1296 2836 301 92 llluxerunt
1533 2836 344 92 correctionis
1812 2836 236 92 tempora
1984 2836 107 92 &
2005 2836 129 92 ueni

470 2893 124 93 in
532 2893 186 93 orbem
656 2893 227 93 Messias
822 2893 186 93 omnia
946 2893 207 93 docens
1091 2893 186 93 atque
1215 2893 289 93 reformans.
1442 2893 186 93 Leges
1566 2893 165 93 ergo
1669 2893 248 93 coniugij
1856 2893 165 93 idem
1959 2893 165 93 ille
2042 2893 103 93 re-

453 2952 192 99 duxit
581 2952 128 99 ad
645 2952 214 99 primam
794 2952 235 99 regulam
965 2952 107 99 &
1008 2952 214 99 legem.
1157 2952 214 99 Erunt,
1307 2952 150 99 ait
1392 2952 256 99 dominus,
1585 2952 150 99 duo
1670 2952 128 99 in
1734 2952 192 99 carne
1862 2952 171 99 una.
1969 2952 128 99 Et
2012 2952 128 99 apo
