2288 3632
86 288 238 75 stolus,
260 288 217 75 Habeat
411 288 238 75 quisque
585 288 173 75 suam
693 288 238 75 uxorem,
866 288 108 75 &
910 288 238 75 quaeque
1083 288 173 75 suum
1191 288 260 75 maritum.
1386 288 195 75 Nihil
1516 288 173 75 ergo
1624 288 130 75 ad
1668 288 108 75 nos

81 356 287 70 pertinent
301 356 220 70 greges
456 356 353 70 concubinarum
742 356 309 70 Solomonis.
985 356 198 70 Nihil
1117 356 132 70 ad
1183 356 154 70 nos
1271 356 264 70 pertinet
1469 356 176 70 quod
1580 356 198 70 Iacob
1690 356 88 70 le

92 420 190 69 gitur
219 420 211 69 duabus
366 420 295 69 coniugatus
598 420 295 69 sororibus.
830 420 232 69 Interea
999 420 274 69 secundas,
1210 420 232 69 tertias
1379 420 148 69 aut
1463 420 190 69 etiam
1590 420 211 69 plures
1717 420 84 69 nu

89 472 192 67 ptias
217 472 149 67 non
302 472 213 67 damnat
451 472 213 67 uerbum
601 472 299 67 ueritatis.
835 472 256 67 Generale
1027 472 171 67 enim
1134 472 149 67 est
1219 472 192 67 illud
1347 472 320 67 apostolicum
1603 472 171 67 adde
1689 472 85 67 et

87 523 325 64 perpetuum,.
347 523 152 64 Qui
434 523 130 64 se
499 523 152 64 non
586 523 303 64 continent,
824 523 303 64 contrahant
1062 523 347 64 matrimonium.
1344 523 217 64 Satius
1495 523 152 64 est
1582 523 173 64 enim
1669 523 108 64 con

99 585 225 70 trahere
262 585 327 70 matrimonium,
527 585 163 70 quam
629 585 163 70 uri.
732 585 245 70 Desumpta
915 585 143 70 est
997 585 123 70 ea
1058 585 265 70 sententia
1263 585 123 70 ex
1324 585 184 70 illis
1446 585 306 70 euangelicis
1671 585 102 70 uer

92 628 177 75 bis,
203 628 155 75 Non
291 628 199 75 omnes
424 628 243 75 capiunt
601 628 221 75 uerbum
756 628 177 75 hoc:
867 628 155 75 sed
955 628 133 75 ij
1021 628 221 75 quibus
1176 628 199 75 datum
1309 628 177 75 est.
1420 628 177 75 Sunt
1531 628 177 75 enim
1619 628 155 75 eunus

96 693 137 70 chi
175 693 117 70 de
233 693 176 70 utero
350 693 195 70 matris
487 693 137 70 sic
565 693 156 70 nati
663 693 98 70 :
702 693 156 70 sunt
800 693 137 70 qui
878 693 137 70 ita
956 693 176 70 facti
1073 693 156 70 sunt
1171 693 117 70 ab
1229 693 254 70 hominibus
1424 693 98 70 :
1464 693 98 70 &
1503 693 156 70 funt
1600 693 137 70 qui
1659 693 117 70 sei-

89 749 173 75 psos
197 749 346 75 castrauerunt
479 749 238 75 propter
652 749 216 75 regnum
803 749 281 75 coelorum.
1019 749 151 75 Qui
1106 749 216 75 potest
1257 749 216 75 capere
1408 749 238 75 capiat.
1581 749 173 75 Ergo
1668 749 108 75 qui

94 799 146 65 non
178 799 209 65 potest
324 799 230 65 capere,
491 799 209 65 uxorem
637 799 230 65 quoties
804 799 230 65 necesse
971 799 167 65 est,
1055 799 167 65 ducat.

167 850 133 83 ln
233 850 222 83 primis
388 850 177 83 uero
499 850 199 83 scire
632 850 222 83 refert
787 850 244 83 quomodo
964 850 244 83 colamus
1142 850 354 83 matrimonium,
1430 850 155 83 quo
1518 850 266 83 dirigant
1696 850 66 83 o

93 918 175 75 mnia
203 918 153 75 sua
290 918 285 75 coniuges,
509 918 175 75 quid
619 918 197 75 agant
750 918 131 75 in
816 918 285 75 coniugio,
1035 918 110 75 &
1079 918 241 75 quomodo
1254 918 241 75 animati
1429 918 175 75 esse
1539 918 241 75 debeant
1692 918 66 75 e

103 977 124 69 ga
165 977 144 69 hoc
248 977 227 69 sanctum
412 977 144 69 dei
495 977 309 69 institutum.
742 977 124 69 Ea
804 977 124 69 de
866 977 124 69 re
927 977 247 69 paucula,
1113 977 144 69 sed
1195 977 206 69 maxime
1339 977 288 69 necessaria
1566 977 206 69 capita
1690 977 82 69 re

85 1031 263 71 censebo,
282 1031 263 71 singulis
479 1031 328 71 suppeditans
742 1031 306 71 occasionem
982 1031 197 71 plura
1114 1031 109 71 &
1157 1031 219 71 maiora
1310 1031 306 71 cogitandi.
1529 1031 241 71 Principio

100 1087 217 67 teneant
258 1087 237 67 coniuges
436 1087 138 67 pro
515 1087 118 67 re
574 1087 276 67 certissima
791 1087 415 67 compertissimaque,
1146 1087 118 67 se
1206 1087 158 67 esse
1304 1087 118 67 in
1364 1087 178 67 opere
1482 1087 138 67 dei
1561 1087 138 67 cum
1620 1087 158 67 uiuunt

94 1131 127 82 in
157 1131 274 82 coniugio,
368 1131 127 82 se
431 1131 232 82 placere
600 1131 169 82 deo,
706 1131 105 82 &
748 1131 148 82 rem
832 1131 211 82 gratam
980 1131 148 82 deo
1064 1131 232 82 facere,
1233 1131 190 82 idque
1359 1131 232 82 propter
1528 1131 211 82 uerbum
1655 1131 105 82 dei

91 1200 145 63 quo
174 1200 270 63 benedixit
382 1200 166 63 huic
486 1200 229 63 uiuendi
652 1200 208 63 generi
798 1200 125 63 ac
860 1200 353 63 sanctificauit
1151 1200 187 63 omnes
1275 1200 249 63 coniuges
1462 1200 166 63 fide
1566 1200 125 63 in
1629 1200 145 63 hoc
1691 1200 83 63 o-

98 1255 170 68 pere
204 1255 106 68 &
246 1255 276 68 instituto
458 1255 148 68 dei
543 1255 276 68 uiuentes.
755 1255 170 68 Ergo
861 1255 148 68 cum
946 1255 276 68 coniugati
1157 1255 297 68 molestias,
1391 1255 127 68 ex
1454 1255 297 68 matrimonio
1666 1255 106 68 con

90 1310 276 71 sequentes,
307 1310 256 71 perserunt
504 1310 276 71 patienter,
720 1310 138 71 dum
799 1310 236 71 laborant
976 1310 276 71 fideliter,
1193 1310 138 71 dum
1272 1310 118 71 ea
1331 1310 217 71 faciunt
1488 1310 236 71 decenter
1646 1310 118 71 quae

92 1360 190 65 opera
219 1360 148 65 uel
303 1360 233 65 officia
473 1360 169 65 sunt
578 1360 275 65 coniugum,
790 1360 212 65 ueluti
938 1360 148 65 dum
1023 1360 169 65 uxor
1128 1360 169 65 amat
1234 1360 254 65 maritum,
1425 1360 148 65 dum
1509 1360 127 65 ei
1551 1360 212 65 inseruit

95 1423 146 75 pro
179 1423 250 75 officio,
366 1423 146 75 dum
449 1423 188 75 parit
574 1423 146 75 cum
658 1423 208 75 dolore
804 1423 250 75 liberos,
991 1423 146 75 dum
1074 1423 229 75 genitos
1241 1423 188 75 fouet
1366 1423 104 75 &
1408 1423 188 75 magna
1512 1423 250 75 diligentia

88 1481 259 70 multoque
283 1481 216 70 labore
434 1481 237 70 educat:
606 1481 151 70 dum
693 1481 237 70 maritus
865 1481 216 70 uxorem
1017 1481 259 70 diligit,
1211 1481 194 70 uxori
1340 1481 216 70 mutuam
1491 1481 237 70 praebet
1642 1481 130 70 ope-

91 1527 147 74 ram
175 1527 126 74 ac
238 1527 126 74 in
301 1527 168 74 domo
406 1527 147 74 per
490 1527 189 74 omnia
616 1527 231 74 fidelem
784 1527 168 74 agit
889 1527 378 74 patremfamilias
1205 1527 105 74 :
1247 1527 147 74 non
1331 1527 189 74 minus
1457 1527 126 74 in
1520 1527 147 74 his
1583 1527 189 74 placent

97 1585 185 68 deo,
213 1585 185 68 quam
329 1585 162 68 cum
421 1585 139 68 in
491 1585 232 68 sacrum
653 1585 325 68 prodeuntes
908 1585 255 68 coetum,
1094 1585 232 68 uerbum
1256 1585 162 68 dei
1349 1585 255 68 audiunt
1534 1585 116 68 &
1557 1585 209 68 dominum

96 1643 269 64 adorant.
297 1643 157 64 Nam
387 1643 202 64 opera
521 1643 179 64 illa
633 1643 269 64 coniugij
835 1643 157 64 non
924 1643 202 64 minus
1059 1643 314 64 reputantur
1305 1643 157 64 pro
1395 1643 202 64 bonis
1507 1643 246 64 operibus,

97 1702 169 69 quam
202 1702 169 69 ipsa
308 1702 316 69 eleemosyna,
561 1702 253 69 iustitia
750 1702 105 69 &
792 1702 169 69 pax.
898 1702 169 69 Opus
1003 1702 211 69 itaque
1151 1702 211 69 fuerit
1298 1702 295 69 coniugibus
1530 1702 169 69 ante
1614 1702 148 69 omnia

88 1750 168 67 uera
193 1750 168 67 fide
298 1750 126 67 in
361 1750 168 67 deum
465 1750 252 67 authorem
654 1750 273 67 coniugij.
864 1750 147 67 Ita
947 1750 168 67 enim
1052 1750 147 67 per
1136 1750 189 67 fidem
1262 1750 273 67 placebunt
1472 1750 231 67 domino.
1639 1750 168 67 Haec

84 1810 149 65 non
169 1810 255 65 urserunt
360 1810 255 65 monachi,
552 1810 170 65 quae
658 1810 192 65 tamen
786 1810 255 65 iubentur
978 1810 213 65 urgeri
1127 1810 128 65 in
1190 1810 192 65 uerbo
1318 1810 170 65 dei,
1424 1810 170 65 suam
1531 1810 213 65 potius
1659 1810 106 65 fi-

96 1863 172 64 ctam
203 1863 343 64 sanctimoniam
482 1863 107 64 &
525 1863 150 64 sua
611 1863 172 64 uota
718 1863 193 64 supra
847 1863 193 64 astra
954 1863 279 64 extulerunt,

166 1905 216 76 Deinde
317 1905 302 76 requiritur
555 1905 129 76 at
620 1905 302 76 coniugibus
857 1905 129 76 ut
922 1905 237 76 memores
1094 1905 194 76 datae
1224 1905 108 76 &
1267 1905 259 76 acceptae
1461 1905 194 76 fidei
1591 1905 129 76 se
1634 1905 151 76 mutuo

98 1979 146 65 non
181 1979 229 65 sallant
348 1979 250 65 perfide,
536 1979 146 65 sed
619 1979 208 65 foedus
765 1979 208 65 initum
910 1979 104 65 &
952 1979 187 65 fidem
1077 1979 187 65 datam
1202 1979 208 65 sancte
1348 1979 250 65 seruent,
1535 1979 104 65 &
1577 1979 229 65 seruent
1723 1979 62 65 i

99 2034 228 74 quidem
259 2034 251 74 syncere
442 2034 206 74 animo
579 2034 114 74 &
624 2034 274 74 corpore.
830 2034 183 74 Nemo
944 2034 274 74 admittat
1150 2034 137 74 in
1218 2034 228 74 animum
1378 2034 434 74 concupiscentiam

98 2090 235 68 alienam
268 2090 149 68 aut
354 2090 192 68 odium
482 2090 320 68 fastidiumue
738 2090 277 68 coniugis.
951 2090 128 68 Et
1015 2090 213 68 corpus
1165 2090 192 68 tuum,
1293 2090 256 68 quisquis
1485 2090 235 68 maritus
1655 2090 149 68 es,

92 2139 140 63 non
172 2139 180 63 tuum,
292 2139 140 63 sed
372 2139 200 63 uxoris
512 2139 160 63 est:
613 2139 200 63 sicuti
753 2139 100 63 &
793 2139 200 63 uxoris
933 2139 220 63 corpus,
1093 2139 140 63 non
1173 2139 200 63 uxoris
1313 2139 180 63 tuae,
1434 2139 140 63 sed
1514 2139 160 63 tuum
1614 2139 160 63 est,
1694 2139 80 63 Ra

92 2194 193 74 pinam
220 2194 279 74 committis
435 2194 107 74 &
478 2194 236 74 furtum,
650 2194 129 74 si
714 2194 236 74 alienum
886 2194 193 74 bonum
1015 2194 301 74 sustuleris
1251 2194 150 74 aut
1337 2194 129 74 ab
1401 2194 172 74 hero
1508 2194 236 74 proprio
1659 2194 107 74 ab-

85 2256 317 64 alienaueris
339 2256 275 64 alterique
550 2256 402 64 communicaueris.
888 2256 148 64 Sit
973 2256 169 64 mens
1078 2256 254 64 coniugum
1269 2256 233 64 integra
1438 2256 106 64 &
1480 2256 211 64 corpus
1607 2256 148 64 illi-

78 2311 213 79 batum.
227 2311 298 79 Pollicetur
460 2311 234 79 quisque
630 2311 149 79 dum
715 2311 191 79 sacra
843 2311 298 79 caeremonia
1077 2311 234 79 initiat
1247 2311 106 79 &
1289 2311 234 79 dedicat
1459 2311 276 79 coniugium
1651 2311 106 79 sub

92 2367 333 64 obtestatione
363 2367 208 64 diuini
509 2367 229 64 nominis
676 2367 188 64 coram
801 2367 146 64 deo
884 2367 104 64 &
926 2367 250 64 ecclesia
1113 2367 125 64 se
1176 2367 188 64 fidem
1301 2367 229 64 coniugi
1467 2367 208 64 sancte
1592 2367 167 64 serua-

81 2418 209 65 turum,
227 2418 146 65 hac
311 2418 104 65 &
353 2418 146 65 non
436 2418 167 65 alia
541 2418 167 65 ulla
645 2418 209 65 usurum
792 2418 251 65 muliere,
980 2418 167 65 huic
1084 2418 146 65 uni
1168 2418 272 65 adhaerere
1377 2418 251 65 illamque
1544 2418 209 65 diligere

92 2475 101 68 &
132 2475 203 68 fouere
274 2475 203 68 uelle.
416 2475 162 68 Hanc
517 2475 182 68 fidem
639 2475 182 68 datam
760 2475 243 68 quisquis
943 2475 304 68 uiolauerit,
1186 2475 243 68 perfidus
1368 2475 162 68 est,
1469 2475 203 68 diuini
1591 2475 162 68 uiola-

83 2524 133 76 tor
159 2524 228 76 foederis
330 2524 95 76 &
368 2524 209 76 sanctae
520 2524 266 76 ueritatis.

161 2584 138 77 Nec
240 2584 178 77 satis
359 2584 138 77 est
438 2584 118 77 si
497 2584 138 77 sis
576 2584 237 77 fidelis,
753 2584 158 77 nisi
852 2584 178 77 etiam
971 2584 138 77 sis
1050 2584 217 77 humanus
1208 2584 99 77 &
1247 2584 257 77 cohabites
1444 2584 178 77 uxori
1563 2584 138 77 cum
1622 2584 158 77 scien-

92 2647 159 62 tia,
191 2647 119 62 ut
251 2647 139 62 ait
330 2647 119 62 S.
390 2647 218 62 Petrus.
548 2647 139 62 Sit
628 2647 218 62 maritus
786 2647 198 62 uxoris
925 2647 198 62 caput,
1064 2647 159 62 mens
1163 2647 258 62 uidelicet
1362 2647 337 62 sapientiaque,
1619 2647 159 62 commo-

86 2707 154 74 dus
174 2707 308 74 moderator,
416 2707 176 74 uiae
527 2707 176 74 dux,
637 2707 286 74 conuictor
857 2707 286 74 iucundus,
1077 2707 242 74 monitor
1253 2707 132 74 in
1319 2707 198 74 rebus
1452 2707 242 74 omnibus
1606 2707 154 74 oppor

84 2760 205 59 tunus,
228 2760 246 59 defensor
413 2760 205 59 fidus.
557 2760 164 59 Vxor
660 2760 144 59 sit
742 2760 267 59 obediens,
947 2760 123 59 ut
1009 2760 226 59 uidemus
1173 2760 205 59 membra
1317 2760 205 59 parere
1460 2760 226 59 capiti,
1604 2760 144 59 prae-

84 2809 178 66 beat
195 2809 134 66 se
262 2809 245 66 agendam
441 2809 112 66 &
485 2809 268 66 regendam
686 2809 201 66 uiro,
820 2809 156 66 non
909 2809 245 66 spernat
1088 2809 201 66 aequa
1222 2809 223 66 mariti
1378 2809 245 66 dogmata
1556 2809 156 66 aut
1623 2809 134 66 impe

84 2874 165 68 ria.
188 2874 248 68 Cogitent
373 2874 124 68 se
435 2874 165 68 esse
538 2874 165 68 unum
641 2874 206 68 corpus
786 2874 144 68 uel
868 2874 206 68 membra
1013 2874 186 68 unius
1136 2874 268 68 corporis.
1343 2874 227 68 Discant
1508 2874 165 68 ergo
1611 2874 124 68 ex
1652 2874 103 68 gu-

93 2920 310 80 bernatione
337 2920 266 80 corporis
536 2920 222 80 humani
692 2920 244 80 quomodo
869 2920 177 80 sese
980 2920 222 80 gerant
1135 2920 133 80 in
1202 2920 288 80 connubio.
1423 2920 288 80 Nobiliora
1623 2920 133 80 mem
