2288 3632
494 219 147 84 ita
578 219 210 84 impune
725 219 168 84 nemo
829 219 273 84 comiserit
1039 219 314 84 adulterium.
1291 219 210 84 Deinde
1437 219 252 84 collatio
1626 219 147 84 fit
1710 219 189 84 inter
1836 219 189 84 furem
1961 219 105 84 &
1982 219 189 84 adulte-

498 293 162 67 rum:
599 293 141 67 non
680 293 162 67 quod
781 293 202 67 furtum
922 293 303 67 defendatur,
1165 293 141 67 sed
1246 293 162 67 quod
1347 293 182 67 fures
1468 293 182 67 licet
1589 293 162 67 sint
1690 293 323 67 ignominiosi,
1953 293 182 67 minus
2054 293 101 67 ta-

505 355 142 57 men
586 355 243 57 peccare,
768 355 162 57 quam
869 355 243 57 adulteri
1051 355 283 57 uideantur.
1274 355 202 57 Potest
1416 355 162 57 enim
1517 355 304 57 satisfacere
1760 355 142 57 fur
1841 355 324 57 restitutione
2084 355 81 57 ei

493 400 136 60 cui
570 400 272 60 suffuratus
784 400 136 60 est
861 400 233 60 aliquid:
1036 400 272 60 adulterium
1249 400 291 60 recopensari
1482 400 136 60 non
1560 400 213 60 potest.
1715 400 116 60 Et
1773 400 155 60 quis
1870 400 136 60 non
1948 400 175 60 malit
2045 400 116 60 sibi

497 453 189 65 arcam
623 453 252 65 funditus
812 453 252 65 euacuari
1002 453 105 65 a
1044 453 252 65 furibus,
1233 453 168 65 quam
1338 453 252 65 adamatam
1527 453 231 65 uitiari
1695 453 231 65 uxoren:
1864 453 273 65 Praeterea
2053 453 105 65 ap-

494 513 250 67 pellatur
682 513 125 67 at
745 513 250 67 Solomone
932 513 230 67 adulter
1099 513 209 67 excors
1246 513 104 67 &
1287 513 250 67 insanus.
1475 513 292 67 Adulterium
1705 513 271 67 iudicatur
1914 513 167 67 esse
1997 513 167 67 scelus

497 570 184 65 morte
619 570 225 65 dignum,
783 570 102 65 &
824 570 225 65 infamia
988 570 328 65 ineluibilis.
1254 570 143 65 Nam
1336 570 225 65 dominus
1500 570 164 65 ipse
1602 570 123 65 in
1664 570 164 65 lege
1766 570 143 65 non
1848 570 205 65 tantum
1991 570 205 65 dicit,

500 623 117 71 Ne
559 623 254 71 committas
754 623 293 71 adulterium:
989 623 137 71 sed
1067 623 176 71 alibi
1184 623 195 71 quoque
1321 623 195 71 addit,
1458 623 117 71 Et
1516 623 137 71 uir
1594 623 137 71 qui
1673 623 274 71 adulterium
1888 623 254 71 committit
2063 623 98 71 cum

503 681 191 62 uxore
630 681 276 62 alicuius,
842 681 148 62 qui
927 681 297 62 adulterium
1160 681 212 62 inquam
1308 681 276 62 committit
1520 681 148 62 cum
1605 681 191 62 uxore
1732 681 233 62 proximi
1902 681 170 62 sui,
1986 681 170 62 omnino

504 738 235 62 moriatur
681 738 216 62 adulter
838 738 98 62 &
877 738 255 62 adultera.
1073 738 196 62 Leuit.
1211 738 137 62 20.
1289 738 118 62 Ac
1348 738 177 62 poena
1465 738 157 62 haec
1564 738 255 62 capitalis
1760 738 137 62 non
1838 738 137 62 est
1917 738 137 62 uel
1975 738 177 62 sublata

506 802 146 65 uel
589 802 208 65 mutata
735 802 104 65 a
777 802 270 65 Gentibus.
985 802 270 65 Notissima
1193 802 146 65 est
1276 802 166 65 enim
1380 802 146 65 lex
1463 802 187 65 lulia
1588 802 291 65 Romanorum,
1816 802 166 65 quae
1920 802 187 65 iubet
2024 802 146 65 adul-

498 849 174 63 teros
614 849 194 63 plecti
750 849 213 63 capite.
905 849 194 63 Viguit
1040 849 116 63 ea
1099 849 136 63 lex
1176 849 252 63 Hieronymi
1370 849 174 63 adhuc
1486 849 233 63 saeculo,
1661 849 194 63 sicuti
1797 849 252 63 colligere
1991 849 174 63 licet
2087 849 78 63 ex

495 906 246 61 historia,
684 906 151 61 quam
778 906 113 61 is
835 906 264 61 conscribit
1043 906 113 61 de
1099 906 208 61 muliere
1251 906 227 61 adultera
1420 906 208 61 septies
1572 906 170 61 icta.
1685 906 132 61 Nec
1760 906 170 61 certe
1874 906 170 61 mirum
1987 906 132 61 est
2044 906 113 61 adul

494 968 203 62 terium
636 968 163 62 apud
738 968 224 62 priscos
900 968 224 62 fuisse,
1063 968 102 62 &
1104 968 163 62 esse
1205 968 142 62 uel
1287 968 183 62 hodie
1409 968 183 62 iuxta
1531 968 183 62 leges
1653 968 264 62 capitale.
1856 968 142 62 Nam
1937 968 203 62 scelus
2059 968 102 62 est

501 1019 335 63 multifarium.
773 1019 272 63 Principio
983 1019 168 63 enim
1088 1019 251 63 perfidus
1276 1019 147 63 est
1360 1019 251 63 adulter.
1548 1019 189 63 Fidem
1674 1019 168 63 enim
1779 1019 189 63 coram
1905 1019 147 63 deo
1988 1019 105 63 &
2009 1019 147 63 eccle

491 1072 140 80 sia
571 1072 180 80 palam
691 1072 180 80 datam
810 1072 140 80 sub
890 1072 220 80 diuinae
1050 1072 100 80 &
1090 1072 260 80 adorandae
1290 1072 279 80 trinitatis
1509 1072 339 80 obtestatione,
1789 1072 100 80 &
1829 1072 240 80 ministro
1988 1072 180 80 Christi

497 1131 180 76 manus
617 1131 140 76 uel
697 1131 221 76 dextras
858 1131 241 76 coniugum
1038 1131 301 76 conserente,
1279 1131 241 76 fefellit
1459 1131 180 76 atque
1580 1131 261 76 uiolauit.
1780 1131 200 76 Deinde
1920 1131 200 76 furtum
2061 1131 100 76 &
2081 1131 80 76 ra

497 1189 180 74 pinam
617 1189 241 74 admisit.
798 1189 140 74 Nam
878 1189 140 74 cum
958 1189 241 74 adultera
1139 1189 140 74 sui
1219 1189 241 74 corporis
1399 1189 200 74 copiam
1539 1189 180 74 facit
1660 1189 221 74 alteri,
1820 1189 140 74 non
1900 1189 160 74 suum
1981 1189 180 74 quidem,

497 1245 141 58 sed
578 1245 202 58 mariti
719 1245 202 58 corpus
860 1245 303 58 prostituit,
1103 1245 242 58 inquinat
1285 1245 101 58 &
1325 1245 222 58 perdit.
1486 1245 202 58 Quibus
1628 1245 222 58 accedit
1789 1245 162 58 quod
1890 1245 202 58 spurij
2032 1245 121 58 ex
2072 1245 81 58 a-

503 1298 240 60 dulterio
683 1298 180 60 nati,
803 1298 140 60 non
883 1298 160 60 raro
982 1298 320 60 haereditates
1242 1298 200 60 adeunt
1382 1298 140 60 cum
1462 1298 260 60 legitimis
1662 1298 220 60 liberis
1821 1298 200 60 aequis
1941 1298 220 60 portioni-

499 1351 165 79 bus.
602 1351 124 79 Id
664 1351 165 79 quod
767 1351 185 79 fieri
891 1351 144 79 non
973 1351 206 79 potest
1117 1351 185 79 citra
1241 1351 226 79 maximam
1405 1351 309 79 legitimorum
1652 1351 268 79 liberorum
1858 1351 268 79 iniuriam.
2043 1351 124 79 Spo-

508 1410 220 59 liantur
668 1410 160 59 enim
768 1410 320 59 iniustissime
1029 1410 200 59 debita
1169 1410 320 59 haereditate,
1429 1410 320 59 diuiditurque
1689 1410 120 59 ei
1749 1410 140 59 cui
1830 1410 180 59 nullo
1950 1410 160 59 iure
2030 1410 140 59 debe-

502 1462 167 73 tur,
607 1462 272 73 Praeterea
816 1462 167 73 mala
921 1462 293 73 exoriuntur
1151 1462 251 73 innumera
1339 1462 126 73 ex
1402 1462 314 73 adulterijs.
1653 1462 167 73 Ergo
1757 1462 146 73 cum
1841 1462 188 73 hydra
1967 1462 146 73 sit
2029 1462 126 73 mul-

505 1527 197 64 torum
636 1527 262 64 capitum,
833 1527 153 64 lex
920 1527 218 64 diuina
1073 1527 109 64 &
1117 1527 240 64 humana,
1291 1527 153 64 non
1379 1527 240 64 praeter
1553 1527 284 64 rationem,
1772 1527 284 64 adulteros
1968 1527 197 64 suppli-

501 1573 138 74 cio
580 1573 217 74 capitis
719 1573 198 74 puniuit.

579 1630 193 75 Suaues
714 1630 154 75 uero
810 1630 154 75 illi
907 1630 154 75 sunt
1003 1630 232 75 homines,
1177 1630 116 75 si
1235 1630 154 75 dijs
1331 1630 212 75 placet,
1486 1630 193 75 quibus
1621 1630 251 75 adulteria
1814 1630 174 75 lusus
1929 1630 154 75 esse
2007 1630 154 75 uiden-

497 1689 168 67 tur.
602 1689 168 67 llli
707 1689 168 67 ipsi
812 1689 147 67 pro
896 1689 126 67 se
959 1689 210 67 facere
1106 1689 231 67 credunt
1274 1689 231 67 Dauidis
1441 1689 315 67 adulterium,
1693 1689 105 67 &
1735 1689 168 67 quod
1840 1689 231 67 dominus
1987 1689 168 67 noster

495 1749 264 69 propitius
698 1749 203 69 fuisse
840 1749 223 69 legitur
1002 1749 264 69 adulterae
1205 1749 122 69 in
1266 1749 162 69 ipso
1367 1749 223 69 scelere
1529 1749 325 69 deprehensae.
1793 1749 183 69 Quare
1915 1749 142 69 non
1975 1749 183 69 animad-

493 1804 222 65 uertunt
654 1804 161 65 illi
755 1804 161 65 ipsi
856 1804 202 65 quanta
997 1804 282 65 seueritate
1219 1804 121 65 in
1279 1804 222 65 Dauidem
1441 1804 242 65 coelitus
1622 1804 323 65 animaduersum
1885 1804 141 65 sit
1965 1804 101 65 :
1985 1804 182 65 Pollui-

493 1860 151 64 tur
580 1860 151 64 mox
666 1860 238 64 funesta
839 1860 194 64 domus
969 1860 238 64 Dauidis
1142 1860 238 64 incestu
1314 1860 216 64 foedo.
1466 1860 194 64 Amnon
1595 1860 173 64 enim
1703 1860 216 64 uitiat
1855 1860 151 64 per
1941 1860 151 64 uim
2006 1860 151 64 soro-

492 1911 157 64 rem
581 1911 179 64 suam
693 1911 291 64 Thamarem.
917 1911 269 64 Protinus
1118 1911 112 64 &
1163 1911 313 64 parricidio
1409 1911 291 64 infamatur
1633 1911 381 64 crudelissimo,
1924 1911 224 64 Absolone

497 1965 228 66 Amnonem
663 1965 228 66 fratrem
829 1965 270 66 iugulante
1036 1965 124 66 in
1099 1965 270 66 conuiuio.
1306 1965 166 66 Idem
1410 1965 166 66 ille
1513 1965 228 66 Absolom
1679 1965 228 66 Dauidis
1845 1965 207 66 filius
1969 1965 187 66 corrum-

503 2028 135 64 pit
580 2028 135 64 aut
657 2028 192 64 uitiat
791 2028 173 64 patri
907 2028 212 64 uxores,
1061 2028 173 64 idque
1176 2028 115 64 in
1234 2028 269 64 propatulo,
1446 2028 154 64 omni
1542 2028 192 64 posito
1677 2028 212 64 pudore.
1831 2028 231 64 Expellit
2004 2028 192 64 patrem

490 2085 125 54 ex
553 2085 187 54 regno
677 2085 166 54 quem
781 2085 104 54 &
823 2085 270 54 trucidare
1031 2085 270 54 festinat.
1238 2085 249 54 Agnoscit
1426 2085 145 54 hic
1509 2085 208 54 merito
1654 2085 125 54 se
1717 2085 187 54 tanta
1841 2085 229 54 propter
1987 2085 166 54 admis-

494 2135 157 78 sum
583 2135 313 78 adulterium
829 2135 112 78 &
874 2135 336 78 parricidium
1143 2135 313 78 sustinere.
1389 2135 224 78 Tandem
1546 2135 134 78 in
1613 2135 201 78 pugna
1747 2135 313 78 occiduntur
1971 2135 179 78 populi

496 2199 184 71 multa
618 2199 225 71 millia.
782 2199 143 71 Vix
864 2199 307 71 restituitur
1109 2199 184 71 regno
1232 2199 205 71 Dauid,
1375 2199 123 71 ac
1437 2199 286 71 restitutus
1662 2199 266 71 perpetuam
1867 2199 164 71 agit
1948 2199 205 71 poeniten

492 2244 191 69 tiam.
619 2244 191 69 Mirum
747 2244 170 69 uero
853 2244 128 69 si
917 2244 234 69 pergant
1087 2244 255 69 adulteri
1279 2244 191 69 porro
1406 2244 149 69 pro
1492 2244 128 69 se
1555 2244 234 69 Dauidis
1726 2244 255 69 exemplum
1896 2244 255 69 adducere,.

494 2303 249 66 Saluator
681 2303 207 66 noster
826 2303 145 66 non
909 2303 187 66 uenit
1033 2303 187 66 iudex
1158 2303 145 66 sed
1241 2303 249 66 saluator
1427 2303 124 66 in
1490 2303 228 66 mundum,
1655 2303 187 66 neque
1780 2303 270 66 usurpauit
1987 2303 166 66 sibi
2070 2303 83 66 a-

496 2356 208 81 licubi
642 2356 145 81 ius
725 2356 228 81 gladij.
891 2356 166 81 Quis
995 2356 166 81 ergo
1099 2356 228 81 miretur
1265 2356 270 81 adulteram
1473 2356 145 81 non
1556 2356 166 81 esse
1659 2356 125 81 ab
1722 2356 125 81 eo
1784 2356 249 81 damnatam
1971 2356 125 81 ad
2013 2356 145 81 lapi-

490 2418 169 72 des:
595 2418 232 72 Dicebat
764 2418 211 72 tamen,
911 2418 169 72 Nemo
1017 2418 126 72 te
1080 2418 337 72 condemnauit:
1354 2418 190 72 quasi
1480 2418 147 72 non
1564 2418 358 72 impugnaturus,
1859 2418 126 72 si
1922 2418 169 72 lata
2007 2418 147 72 fuis-

484 2461 144 74 set
567 2461 369 74 condemnationis
874 2461 287 74 sententia.
1100 2461 144 74 Non
1182 2461 164 74 enim
1285 2461 185 74 uenit
1408 2461 328 74 patrocinatum
1675 2461 287 74 adulteris,
1901 2461 185 74 neque
2024 2461 123 74 ut
2065 2461 82 74 le

484 2529 144 73 gem
567 2529 267 73 solueret,
772 2529 144 73 sed
854 2529 123 73 ut
915 2529 267 73 impleret.
1121 2529 164 73 Quod
1223 2529 123 73 si
1285 2529 267 73 adulteris
1490 2529 164 73 adeo
1593 2529 205 73 placet
1737 2529 267 73 adulteram
1942 2529 185 73 illam
2044 2529 103 73 non

491 2594 164 66 esse
593 2594 307 66 condemnatam
839 2594 102 66 a
880 2594 225 66 domino,
1044 2594 225 66 placeat
1208 2594 246 66 clausula
1392 2594 143 66 qua
1474 2594 287 66 terminatur
1699 2594 266 66 historia,
1904 2594 225 66 dicente
2048 2594 102 66 do-

485 2652 186 69 mino,
609 2652 186 69 Vade,
734 2652 103 69 &
775 2652 228 69 posthac
940 2652 124 69 ne
1003 2652 310 69 peccaueris.
1251 2652 248 69 Desinant
1437 2652 166 69 ergo
1540 2652 103 69 &
1582 2652 166 69 ipsi
1685 2652 290 69 adulterijs
1913 2652 228 69 seipsos
2058 2652 103 69 co-

486 2690 295 76 inquinare
713 2690 114 76 &
736 2690 227 76 perdere.

561 2743 242 84 Dominus
737 2743 132 84 in
803 2743 176 84 lege
913 2743 154 84 sua
1001 2743 308 84 Adulterium
1243 2743 220 84 quidem
1396 2743 308 84 nominauit,
1638 2743 154 84 sed
1726 2743 198 84 omnes
1858 2743 286 84 libidinis
2078 2743 110 84 &

487 2799 181 72 luxus
608 2799 241 72 species,
789 2799 241 72 omniaque
970 2799 121 72 ea
1030 2799 161 72 quae
1131 2799 121 72 ad
1191 2799 262 72 libidinem
1392 2799 241 72 incitant
1573 2799 101 72 &
1614 2799 221 72 fomenta
1775 2799 262 72 praebent,
1956 2799 201 72 intelle-

478 2871 171 66 xit,
584 2871 171 66 quae
691 2871 149 66 non
777 2871 214 66 minore
926 2871 299 66 seueritate
1161 2871 107 66 &
1204 2871 256 66 iustitia
1396 2871 171 66 quam
1502 2871 299 66 adulterium
1737 2871 299 66 prohibuit.
1951 2871 192 66 Dominus
