2288 3632
67 263 310 82 membrorum
305 263 238 82 totius
472 263 286 82 corporis
687 263 191 82 usum
806 263 214 82 purum
949 263 119 82 &
996 263 334 82 legitimum.
1258 263 191 82 Vnde
1354 263 381 82 comprehenditur

73 343 123 69 in
135 343 144 69 hoc
217 343 185 69 breui
341 343 226 69 mandato
505 343 165 69 bona
608 343 165 69 pars
711 343 267 69 doctrinae
917 343 308 69 Christianae
1163 343 103 69 &
1204 343 329 69 apostolicae.
1472 343 206 69 Paulus
1616 343 165 69 enim

51 398 144 64 ad
123 398 502 64 Thessalonicenses,
554 398 263 64 Rogamus
745 398 191 64 uos,
865 398 191 64 ait,
984 398 120 64 &
1032 398 335 64 adhortamur
1295 398 167 64 per
1391 398 263 64 dominum
1559 398 167 64 Iesum

80 451 336 76 quemadmodum
348 451 313 76 accepistis
594 451 112 76 a
639 451 224 76 nobis,
795 451 336 76 quemadmodum
1064 451 268 76 oporteat
1265 451 157 76 uos
1355 451 246 76 uersari
1534 451 112 76 &
1556 451 179 76 place-

73 505 127 75 re
136 505 170 75 deo,
242 505 127 75 ut
306 505 276 75 abundetis
518 505 212 75 magis.
666 505 212 75 Nostis
815 505 170 75 enim
920 505 170 75 quae
1026 505 276 75 praecepta
1238 505 276 75 dederimus
1450 505 191 75 uobis
1577 505 148 75 per
1641 505 106 75 do-

76 568 185 73 minum
200 568 226 73 nostrum
365 568 206 73 Iesum.
509 568 165 73 Haec
612 568 165 73 enim
715 568 144 73 est
797 568 247 73 uoluntas
982 568 165 73 dei,
1085 568 350 73 sanctificatio
1373 568 226 73 uestra,
1538 568 124 73 ut
1579 568 165 73 absti-

73 625 213 55 neatis
222 625 107 55 a
264 625 362 55 fornicatione,
563 625 107 55 &
605 625 192 55 sciat
733 625 320 55 unusquisque
989 625 234 55 uestrum
1160 625 170 55 suum
1266 625 149 55 uas
1351 625 192 55 (suum
1479 625 213 55 inquam
1607 625 128 55 cor-

79 684 168 65 pus)
184 684 273 65 possidere
393 684 147 65 cum
477 684 398 65 sanctificatione
813 684 105 65 &
855 684 231 65 honore,
1022 684 147 65 non
1106 684 147 65 cum
1190 684 231 65 affectu
1358 684 419 65 concupiscentiae,

73 734 319 65 quemamodum
324 734 228 65 gentes
483 734 182 65 quae
597 734 159 65 non
688 734 273 65 nouerunt
893 734 205 65 deum.
1029 734 205 65 Vltor
1166 734 159 65 est
1257 734 182 65 deus
1371 734 137 65 de
1439 734 250 65 omnibus
1598 734 137 65 his,

79 800 350 53 quemadmodum
359 800 117 53 &
405 800 187 53 ante
522 800 257 53 diximus
709 800 210 53 uobis
849 800 117 53 &
895 800 257 53 testati
1082 800 233 53 sumus.
1245 800 163 53 Non
1338 800 187 53 enim
1455 800 257 53 uocauit
1618 800 117 53 nos

80 847 165 63 deus
184 847 310 63 immunditiae
432 847 207 63 causa,
576 847 145 63 sed
659 847 124 63 ad
721 847 434 63 sanctificationem.
1093 847 124 63 Et
1155 847 165 63 mox,
1259 847 165 63 Deus
1362 847 186 63 pacis
1465 847 269 63 sanctificet

77 902 137 58 uos
156 902 196 58 totos,
293 902 118 58 ut
352 902 216 58 integer
509 902 137 58 sit
588 902 196 58 uester
725 902 236 58 spiritus
902 902 98 58 &
941 902 177 58 anima
1059 902 98 58 &
1098 902 216 58 corpus,
1255 902 137 58 ita
1334 902 118 58 ut
1393 902 118 58 in
1452 902 177 58 nullo
1550 902 196 58 possitis

78 957 224 80 culpari
241 957 122 80 in
302 957 224 80 aduentu
465 957 204 80 domini
607 957 204 80 nostri
750 957 163 80 Iesu
831 957 204 80 Christi.

173 1001 199 75 Iterum
313 1001 299 75 constitutas
552 1001 259 75 concionis
751 1001 179 75 metas
870 1001 259 75 transiui,
1070 1001 120 75 ac
1129 1001 199 75 solito
1269 1001 219 75 longius
1428 1001 139 75 uos
1508 1001 219 75 detinui
1647 1001 100 75 fra

77 1071 188 74 tres.
202 1071 271 74 Condonate
411 1071 167 74 mihi
515 1071 167 74 hanc
619 1071 229 74 culpam.
786 1071 188 74 Neque
911 1071 167 74 enim
1015 1071 188 74 citra
1140 1071 292 74 utilitatem
1370 1071 229 74 (spero)
1537 1071 188 74 uobis
1641 1071 104 74 mo-

231 1121 199 69 lestus
371 1121 139 69 fui
450 1121 139 69 per
530 1121 179 69 horas
650 1121 159 69 fere
749 1121 159 69 duas
849 1121 259 69 integras.
1048 1121 179 69 Orate
1168 1121 139 69 iam
1247 1121 100 69 &
1287 1121 179 69 abite
1387 1121 199 69 felices,

317 1180 126 70 Si
380 1180 230 70 dominus
547 1180 230 70 iuuerit
715 1180 105 70 &
757 1180 272 70 uoluerit,
966 1180 209 70 paucos
1113 1180 168 70 post
1218 1180 168 70 dies
1301 1180 189 70 residua

409 1234 251 71 Decalogi
597 1234 292 71 adiinciam.
827 1234 209 71 Gratia
973 1234 209 71 domini
1119 1234 167 71 Iesu
1203 1234 188 71 Christi

584 1288 273 75 saluatoris
798 1288 195 75 nostri
935 1288 137 75 sit
1013 1288 254 75 uobiscum,
