2288 3632
184 260 105 80 Hoc
244 260 135 80 ipsum
334 260 225 80 consequenti
514 260 285 80 demonstratione,
754 260 135 80 etiam
844 260 150 80 oculis
949 260 270 80 conspiciendum,
1175 260 210 80 manibusque
1340 260 150 80 ueluti
1445 260 210 80 palpandum,
1610 260 150 80 sicuti
1700 260 75 80 pos

111 326 160 80 licitus
228 326 116 80 sum,
300 326 189 80 exhibebo,
445 326 189 80 productis
591 326 87 80 in
634 326 160 80 medium,
750 326 102 80 non
809 326 87 80 ex
852 326 174 80 Herodoto
983 326 102 80 aut
1041 326 189 80 prophana,
1186 326 102 80 sed
1244 326 87 80 ex
1288 326 131 80 sacra
1375 326 261 80 ueracissimaque
1593 326 174 80 historia
1709 326 58 80 r.

100 391 131 60 gibus
188 391 175 60 maximis,
319 391 117 60 Saul
392 391 146 60 primus
494 391 233 60 lsraelitarum
684 391 102 60 rex
742 391 233 60 felicissimus
932 391 88 60 et
975 391 292 60 uictoriosissimus
1223 391 131 60 fuit,
1311 391 131 60 quoad
1398 391 204 60 sequeretur
1559 391 88 60 in
1603 391 160 60 omnibus
1705 391 58 60 ue

107 445 104 64 bum
167 445 119 64 dei:
241 445 104 64 ubi
301 445 134 64 autem
391 445 119 64 suis
465 445 254 64 intentionibus
674 445 134 64 bonis
763 445 134 64 locum
853 445 149 64 dedit,
957 445 209 64 repudiatus
1122 445 75 64 a
1151 445 119 64 deo,
1226 445 104 64 per
1286 445 194 64 Samuelem,
1435 445 119 64 sibi
1509 445 209 64 annunciari
1659 445 104 64 audit

105 501 88 67 Tu
149 501 206 67 reprobasti
311 501 88 67 ac
355 501 191 67 reiecisti
503 501 147 67 uerbum
606 501 162 67 domini,
723 501 118 67 ergo
797 501 162 67 abiecit
915 501 88 67 te
959 501 147 67 quoque
1062 501 162 67 dominus
1180 501 88 67 ne
1224 501 103 67 sis
1283 501 103 67 rex
1341 501 132 67 super
1430 501 191 67 lsraelem.
1577 501 118 67 Nolo
1651 501 103 67 hic
1695 501 88 67 mul-

101 552 104 68 tis
160 552 177 68 exponere
293 552 163 68 quantis
412 552 133 68 malis
500 552 192 68 inuolutus
648 552 104 68 sit
707 552 118 68 Saul
781 552 89 68 ab
826 552 89 68 eo
870 552 177 68 tempore.
1003 552 104 68 Nam
1062 552 133 68 sicut
1151 552 118 68 ipse
1225 552 237 68 horribiliter
1417 552 237 68 exagitabatur
1609 552 74 68 a
1639 552 118 68 malo
1698 552 74 68 spi

111 611 137 62 ritu,
202 611 107 62 ita
263 611 153 62 regnum
370 611 229 62 truculenter
553 611 153 62 uexare
660 611 76 62 &
691 611 259 62 excarnificare
904 611 107 62 non
965 611 168 62 desijt,
1087 611 137 62 donec
1179 611 198 62 abduceret
1331 611 137 62 omnes
1423 611 122 62 suos
1499 611 92 62 im
1545 611 153 62 summum
1637 611 137 62 discri-

104 666 114 63 men,
175 666 200 63 caderetque
332 666 100 63 cum
389 666 114 63 suis
461 666 143 63 caesus
561 666 228 63 crudelissime
746 666 86 63 ab
789 666 186 63 Ethnicis,
932 666 157 63 aeterna
1046 666 114 63 post
1117 666 86 63 se
1160 666 186 63 ignominia
1303 666 157 63 relicta
1417 666 171 63 Sequitur
1546 666 143 63 Saulem
1646 666 86 63 in
1674 666 100 63 regno

112 721 152 75 Dauid,
218 721 107 75 qui
279 721 137 75 citra
371 721 259 75 controuersiam
584 721 152 75 omnium
690 721 137 75 regum
781 721 244 75 felicissimus
979 721 137 75 fuit.
1071 721 91 75 At
1116 721 152 75 quanti
1223 721 107 75 hic
1284 721 167 75 fecerit
1405 721 152 75 uerbum
1512 721 167 75 domini,
1634 721 91 75 ex
1664 721 122 75 multis

109 781 143 61 ipsius
209 781 215 61 clarissimis
381 781 143 61 factis
482 781 158 61 claret,
596 781 86 61 in
640 781 143 61 primis
740 781 115 61 uero
812 781 86 61 ex
855 781 143 61 psalmo
955 781 115 61 illo
1027 781 230 61 alphabetico,
1213 781 100 61 qui
1271 781 143 61 ordine
1371 781 72 61 &
1400 781 143 61 numero
1500 781 100 61 est
1558 781 115 61 110.
1630 781 100 61 Hoc
1687 781 115 61 enim

106 842 133 68 canit
195 842 178 68 encomium
329 842 133 68 Verbi
418 842 119 68 dei,
492 842 133 68 cuius
581 842 104 68 uim
640 842 222 68 salutiferam
818 842 119 68 mira
892 842 133 68 copia
981 842 178 68 exponit,
1115 842 148 68 docens
1218 842 148 68 quanto
1322 842 148 68 studio
1426 842 193 68 ardoreque
1574 842 104 68 hoc
1634 842 178 68 persequi

112 887 205 71 conueniat.
273 887 190 71 Didicerat
419 887 117 71 enim
492 887 88 71 ex
536 887 161 71 probris
653 887 219 71 domesticis,
829 887 73 71 &
858 887 249 71 infelicissima
1063 887 190 71 Absolomis
1209 887 132 71 filij
1297 887 102 71 sui
1355 887 205 71 seditione,
1516 887 161 71 quantum
1633 887 132 71 malum
1706 887 73 71 sit

104 958 211 63 deffectere
270 958 75 63 a
300 958 136 63 uerbo
390 958 166 63 domini.
511 958 166 63 Solomon
632 958 166 63 Dauidis
752 958 151 63 filius
858 958 136 63 regum
949 958 151 63 totius
1054 958 136 63 orbis
1145 958 75 63 &
1175 958 271 63 sapientissimus
1401 958 75 63 &
1431 958 271 63 laudatissimus,
1642 958 136 63 eatenus

107 1001 230 77 felicitatem
290 1001 199 77 laudemque
443 1001 199 77 obtinuit,
597 1001 184 77 quatenus
734 1001 138 77 uerbo
826 1001 153 77 domini
933 1001 199 77 religiose
1086 1001 260 77 obtemperauit.
1301 1001 214 77 Quamprimum
1469 1001 122 77 uero
1530 1001 230 77 praeuaricare.

107 1057 107 69 tur
168 1057 137 69 legem
259 1057 168 69 domini,
381 1057 137 69 audit
473 1057 76 69 a
503 1057 168 69 domino,
625 1057 244 69 Quandoquidem
823 1057 107 69 hoc
884 1057 122 69 apud
960 1057 91 69 te
1006 1057 137 69 fuit,
1097 1057 107 69 nec
1158 1057 183 69 seruasti
1296 1057 152 69 foedus
1402 1057 137 69 meum,
1494 1057 76 69 &
1524 1057 168 69 statuta
1646 1057 107 69 mea
1692 1057 76 69 qua

101 1114 121 71 tibi
176 1114 196 71 praecepi,
327 1114 151 71 omnino
433 1114 196 71 rescindam
584 1114 76 71 a
614 1114 91 71 te
660 1114 166 71 regnum,
780 1114 76 71 &
811 1114 151 71 tradam
916 1114 136 71 illud
1007 1114 136 71 seruo
1098 1114 121 71 tuo.
1173 1114 136 71 Certe
1264 1114 76 71 a
1294 1114 136 71 morte
1384 1114 196 71 Solomonis
1535 1114 151 71 regnum
1641 1114 91 71 in
1671 1114 91 71 duar

106 1173 152 64 partes
212 1173 107 64 est
273 1173 213 64 discissum,
441 1173 76 64 &
471 1173 137 64 decem
562 1173 152 64 tribus
669 1173 167 64 secutae
791 1173 122 64 sunt
867 1173 183 64 Ieroboam
1004 1173 152 64 seruum
1110 1173 213 64 Solomonis.
1278 1173 122 64 Duae
1354 1173 152 64 tribus
1461 1173 228 64 adhaeserunt
1628 1173 137 64 Roboamo

104 1225 128 68 filio
189 1225 199 68 Solomonis.
346 1225 100 68 Hic
403 1225 157 68 quoniam
517 1225 85 68 et
559 1225 114 68 ipse
631 1225 171 68 negligit
759 1225 142 68 uerbum
859 1225 114 68 dei,
930 1225 157 68 deosque
1044 1225 171 68 sequitur
1172 1225 171 68 alienos,
1300 1225 142 68 multis
1400 1225 199 68 adobruitur
1542 1225 228 68 calamitatibus,

100 1293 205 64 Scriptura
258 1293 126 64 enim
336 1293 236 64 commemorat,
525 1293 205 64 Aegyptios
683 1293 220 64 ascendisse
856 1293 157 64 contra
966 1293 236 64 Hierusalem,
1155 1293 94 64 ac
1202 1293 189 64 templum,
1344 1293 157 64 regiam
1454 1293 79 64 &
1486 1293 142 64 urbem
1564 1293 205 64 diripuisse,

101 1340 118 61 Abia
175 1340 148 61 filius
279 1340 148 61 Roboam
383 1340 178 61 caecidit
516 1340 193 61 exercitum
664 1340 252 61 lsraeliticum,
871 1340 74 61 &
901 1340 193 61 uictoriam
1049 1340 207 61 reportauit
1212 1340 222 61 magnificam,
1390 1340 207 61 uulneratis
1553 1340 207 61 occisisque
1701 1340 59 61 e-

113 1395 131 63 decem
201 1395 175 63 tribubus
333 1395 205 63 quingentis
493 1395 175 63 milibus.
625 1395 102 63 Nec
683 1395 117 63 alia
756 1395 234 63 commemoratur
946 1395 131 63 huius
1034 1395 190 63 uictoriae
1180 1395 161 63 caussa,
1297 1395 117 63 quam
1370 1395 117 63 quod
1443 1395 219 63 credidisset
1618 1395 131 63 uerbo
1691 1395 73 63 dei

106 1453 132 58 Abiae
194 1453 132 58 patri
282 1453 191 58 successit
429 1453 88 58 in
473 1453 132 58 regno
561 1453 103 58 Asa
619 1453 161 58 filius,
737 1453 103 58 rex
795 1453 161 58 incbtus
912 1453 88 58 et
956 1453 264 58 potentissimus,
1176 1453 88 58 de
1220 1453 103 58 quo
1279 1453 191 58 scriptura
1425 1453 147 58 sanctu
1528 1453 220 58 commemorat,
1689 1453 88 58 quod

106 1505 269 66 superstitiones
330 1505 209 66 sustulerit
494 1505 75 66 e
524 1505 149 66 medio,
628 1505 134 66 ueram
718 1505 119 66 uero
792 1505 209 66 religionem
956 1505 134 66 iuxta
1046 1505 149 66 uerbum
1150 1505 104 66 dei
1210 1505 239 66 restituerit:
1404 1505 119 66 unde
1479 1505 75 66 &
1508 1505 149 66 regnum
1598 1505 179 66 consecutus

109 1567 104 61 sit
169 1567 268 61 fiorentissimum
392 1567 75 61 &
422 1567 298 61 tranquillissimum
676 1567 104 61 per
735 1567 134 61 annos
825 1567 239 61 quadraginta,
1019 1567 149 61 Rursus
1123 1567 89 61 de
1168 1567 179 61 losaphat
1302 1567 134 61 filio
1391 1567 119 61 Asae
1466 1567 179 61 legimus,
1600 1567 119 61 ruit
1660 1567 104 61 domi,

110 1624 104 58 nus
170 1624 104 58 cum
229 1624 193 58 Iosaphat,
378 1624 163 58 quoniam
496 1624 193 58 ambulauit
645 1624 89 58 im
690 1624 119 58 uijs
764 1624 163 58 Dauidis
883 1624 149 58 patris
987 1624 104 58 sui
1046 1624 163 58 primis,
1165 1624 104 58 nec
1224 1624 193 58 quaesiuit
1373 1624 163 58 Baalim,
1492 1624 104 58 sed
1551 1624 119 58 deum
1625 1624 149 58 patris
1715 1624 59 58 su

110 1677 200 63 quaesiuit,
267 1677 71 63 &
296 1677 86 63 in
338 1677 200 63 praeceptis
496 1677 100 63 eus
553 1677 200 63 ambulauit.
710 1677 143 63 Opibus
810 1677 114 63 ergo
882 1677 114 63 uere
953 1677 157 63 regijs,
1068 1677 86 63 &x
1111 1677 186 63 uictorijs
1254 1677 243 63 celeberrimis,
1454 1677 114 63 toti
1525 1677 186 63 inclaruit
1654 1677 100 63 orbi.

115 1734 183 58 Caeterum
252 1734 152 58 filius
358 1734 122 58 eius
434 1734 152 58 toram,
541 1734 122 58 quod
617 1734 213 58 defecisset
785 1734 76 58 a
815 1734 137 58 uerbo
906 1734 167 58 domini,
1028 1734 137 58 audit
1120 1734 91 58 ab
1165 1734 137 58 Helia
1257 1734 198 58 propheta,
1409 1734 244 58 Quandoquidem
1607 1734 107 58 non
1652 1734 107 58 ambu-

104 1788 155 70 lauisti
216 1788 84 70 in
259 1788 113 70 uijs
329 1788 169 70 losaphar
456 1788 141 70 patris
554 1788 113 70 tui,
624 1788 70 70 &
653 1788 141 70 inuijs
751 1788 113 70 Asae
821 1788 141 70 regis,
920 1788 98 70 sed
976 1788 183 70 ambulasti
1117 1788 84 70 in
1159 1788 98 70 uia
1215 1788 127 70 regum
1300 1788 183 70 israelis,
1440 1788 113 70 ecce
1511 1788 155 70 dominus
1609 1788 155 70 percutiet

99 1845 146 72 plaga
196 1845 146 72 magna
294 1845 179 72 populum
423 1845 146 72 tuum,
521 1845 81 72 &
553 1845 162 72 filios
667 1845 146 72 tuos,
764 1845 81 72 &
797 1845 162 72 uxores
911 1845 146 72 tuas,
1008 1845 81 72 &
1040 1845 179 72 cunctum
1170 1845 244 72 substantiam
1365 1845 146 72 tuam.
1463 1845 97 72 Te
1511 1845 146 72 autem
1592 1845 179 72 percutiet

99 1904 203 64 doloribus
256 1904 156 64 mgiis,
365 1904 141 64 morbo
459 1904 188 64 uiscerum
600 1904 172 64 tuorum,
725 1904 141 64 donec
818 1904 203 64 essiuant.
975 1904 125 64 Quae
1053 1904 141 64 autem
1147 1904 125 64 ipsi
1225 1904 172 64 minatus
1350 1904 109 64 est
1412 1904 172 64 dominus
1538 1904 109 64 per
1584 1904 188 64 prophetam,

101 1958 89 68 ea
146 1958 118 68 ipse
219 1958 177 68 insandis
352 1958 103 68 cum
412 1958 192 68 tormentis
559 1958 74 68 &
589 1958 133 68 summa
678 1958 103 68 cum
737 1958 192 68 ignominia
884 1958 148 68 sensit
988 1958 163 68 infelix
1106 1958 74 68 :
1136 1958 177 68 exemplum
1269 1958 148 68 factus
1372 1958 251 68 infelicitatis
1579 1958 222 68 miseriaeque

109 2012 168 70 omnibus
231 2012 107 70 ijs
292 2012 229 70 obuenturae,
475 2012 107 70 qui
536 2012 183 70 deserunt
673 2012 152 70 uerbum
779 2012 168 70 domini.
901 2012 107 70 Nec
962 2012 183 70 meliorem
1099 2012 152 70 sortem
1206 2012 183 70 expertus
1343 2012 198 70 Ochosias,
1496 2012 137 70 loram
1587 2012 137 70 regis
1663 2012 107 70 Attha

109 2068 151 60 liaeque
219 2068 151 60 filius,
328 2068 110 60 lehu
397 2068 151 60 iubente
507 2068 178 60 confossus
644 2068 137 60 misere
739 2068 178 60 interijt:
877 2068 82 60 eo
918 2068 110 60 quod
986 2068 178 60 maluisset
1123 2068 123 60 sequi
1205 2068 123 60 leges
1288 2068 69 60 &
1315 2068 123 60 ritus
1397 2068 123 60 regum
1479 2068 178 60 ssraelis,
1616 2068 110 60 quam
1671 2068 96 60 ipsas

102 2129 148 68 domini
206 2129 103 68 dei
265 2129 103 68 sui
324 2129 148 68 leges.
427 2129 133 68 Porro
516 2129 118 68 Ioas
590 2129 133 68 adhuc
679 2129 133 68 puer,
767 2129 148 68 septem
871 2129 133 68 annos
960 2129 148 68 natus,
1063 2129 148 68 opera,
1167 2129 133 68 fide,
1255 2129 74 68 &
1285 2129 192 68 industria
1433 2129 222 68 fidelissimi
1595 2129 163 68 sacerdoti

107 2178 155 59 Ioiadae
219 2178 84 59 in
262 2178 127 59 locum
346 2178 141 59 patris
444 2178 127 59 caesi
529 2178 197 59 suffectus,
683 2178 197 59 interempta
838 2178 127 59 impia
922 2178 183 59 Atthalia,
1063 2178 211 59 felicissime
1232 2178 183 59 regnauit,
1372 2178 127 59 donec
1457 2178 155 59 uiueret
1569 2178 141 59 Ioiada
1654 2178 98 59 sacer

110 2237 121 62 dos.
186 2237 136 62 Huius
277 2237 121 62 enim
352 2237 227 62 fuggestione
534 2237 76 62 &
565 2237 212 62 uigilantia
731 2237 91 62 ad
777 2237 152 62 normam
883 2237 136 62 uerbi
974 2237 152 62 domini
1080 2237 91 62 in
1125 2237 167 62 omnibus
1247 2237 182 62 respexit
1383 2237 121 62 rex.
1459 2237 106 62 Vbi
1519 2237 121 62 uero
1595 2237 182 62 pontifex
1716 2237 61 62 mi

106 2289 166 69 grasset
227 2289 90 69 ex
272 2289 106 69 hoc
332 2289 166 69 saeculo
453 2289 90 69 ad
498 2289 181 69 dominum,
634 2289 106 69 rex
694 2289 271 69 consiliariorum
920 2289 151 69 suorum
1026 2289 181 69 uafricie
1162 2289 75 69 &
1192 2289 166 69 malitia
1313 2289 196 69 seductus,
1463 2289 151 69 uerbum
1569 2289 151 69 domini
1659 2289 106 69 reli-

107 2353 130 65 quit.
193 2353 130 65 Simul
280 2353 130 65 autem
366 2353 173 65 reliquit
496 2353 130 65 ipsum
582 2353 187 65 felicitas
727 2353 72 65 &
756 2353 159 65 gloria.
871 2353 101 65 Nam
929 2353 130 65 Sori,
1015 2353 159 65 modicis
1130 2353 187 65 instructi
1275 2353 159 65 copijs,
1390 2353 187 65 iudaeorum
1534 2353 216 65 amplissimas
1693 2353 72 65 co-

107 2409 116 67 pias
179 2409 159 67 fundunt
294 2409 72 67 &
323 2409 159 67 fugant,
439 2409 130 67 omnes
526 2409 130 67 regis
613 2409 231 67 consiliarios
800 2409 217 67 conficiunt,
974 2409 173 67 totumque
1104 2409 145 67 regnum
1205 2409 202 67 diripiunt,
1364 2409 101 67 Rex
1422 2409 116 67 loas
1494 2409 116 67 haec
1552 2409 217 67 inaestimabili

113 2462 104 71 cum
173 2462 163 71 moerore
291 2462 163 71 uidere,
410 2462 134 71 simul
499 2462 74 71 &
529 2462 149 71 dutina
633 2462 119 71 tabe
707 2462 178 71 consumi,
841 2462 149 71 tandem
945 2462 74 71 a
975 2462 149 71 seruis
1079 2462 119 71 suis
1153 2462 89 71 in
1198 2462 134 71 lecto
1287 2462 104 71 suo
1346 2462 208 71 crudeliter
1509 2462 178 71 iugulari
1628 2462 134 71 meruit.

117 2516 159 58 Amasias
232 2516 145 58 filius
333 2516 130 58 lods,
420 2516 145 58 claram
521 2516 202 58 consecutus
680 2516 159 58 legitur
796 2516 202 58 uictoriam,
955 2516 116 58 quam
1028 2516 87 58 de
1071 2516 174 58 ldumaeis
1201 2516 217 58 reportauit,
1375 2516 101 58 non
1432 2516 130 58 aliam
1519 2516 87 58 ob
1563 2516 174 58 caussam,
1678 2516 87 58 nist

113 2574 113 64 quod
183 2574 268 64 obtemperauisset
409 2574 127 64 uerbo
494 2574 155 64 domini.
607 2574 99 64 Sed
663 2574 113 64 idem
733 2574 113 64 ille
804 2574 169 64 rebellis
931 2574 141 64 factus
1030 2574 99 64 deo
1086 2574 71 64 &
1114 2574 183 64 prophetis
1255 2574 113 64 dei,
1326 2574 183 64 superatur
1467 2574 71 64 a
1495 2574 113 64 loas
1566 2574 113 64 rege
1622 2574 141 64 lsraeli-

102 2639 131 65 tico,
190 2639 73 65 d
219 2639 102 65 quo
278 2639 131 65 etiam
365 2639 204 65 spoliatur,
526 2639 161 65 dirutum
643 2639 161 65 interim
759 2639 131 65 bona,
847 2639 161 65 murorum
964 2639 131 65 parte
1052 2639 131 65 urbis
1139 2639 263 65 Hierosolmorum:
1358 2639 117 65 ipse
1431 2639 146 65 quoque
1533 2639 88 65 ab
1563 2639 204 65 insidiatori-

107 2684 96 61 bus
162 2684 220 61 interemptus,
341 2684 138 61 misere
437 2684 179 61 occubuit.
575 2684 179 61 Successit
712 2684 83 61 ei
754 2684 124 61 osias
836 2684 151 61 filius,
946 2684 96 61 qui
1001 2684 69 61 &
1029 2684 110 61 ipse
1097 2684 206 61 felicitante
1262 2684 110 61 usus
1331 2684 96 61 est
1386 2684 193 61 singulari,
1537 2684 124 61 donec
1620 2684 96 61 ori
1661 2684 110 61 diuino

110 2746 106 70 non
170 2746 272 70 contradiceret:
397 2746 106 70 ubi
458 2746 121 70 uero
533 2746 106 70 eam
594 2746 121 70 sibi
670 2746 197 70 usurparet
821 2746 227 70 functionem,
1002 2746 121 70 quam
1078 2746 166 70 Leuitis
1199 2746 182 70 propriam
1335 2746 151 70 uoluit
1441 2746 121 70 esse
1517 2746 182 70 dominus,
1653 2746 76 70 &
1668 2746 106 70 oppo-

118 2799 133 55 neret
207 2799 89 55 se
251 2799 133 55 uerbo
340 2799 163 55 domini,
459 2799 133 55 lepra
547 2799 207 55 percussus,
710 2799 192 55 habitauit
858 2799 89 55 in
903 2799 118 55 domo
977 2799 192 55 separata,
1125 2799 178 55 exclusus
1258 2799 74 55 a
1287 2799 192 55 consortio
1435 2799 163 55 hominum
1554 2799 89 55 ad
1598 2799 118 55 diem
1657 2799 104 55 usque

107 2848 140 79 mortis
205 2848 126 79 suae.
289 2848 126 79 Porro
373 2848 126 79 diues
457 2848 70 79 &
485 2848 182 79 uictorijs
625 2848 140 79 clarus
723 2848 140 79 fuisse
821 2848 154 79 dicitur
933 2848 140 79 lotham
1030 2848 126 79 Osiae
1114 2848 140 79 filius
1212 2848 70 79 :
1240 2848 154 79 caussam
1352 2848 126 79 huius
1436 2848 210 79 felicitatis
1604 2848 140 79 reddit
1688 2848 98 79 scri-

115 2910 137 72 ptura
206 2910 167 72 paucis,
328 2910 167 72 dicens,
449 2910 198 72 Roboratus
601 2910 106 72 est
662 2910 167 72 lotham,
784 2910 167 72 quoniam
905 2910 167 72 direxit
1027 2910 122 72 uias
1103 2910 122 72 suas
1179 2910 137 72 coram
1270 2910 152 72 domino
1377 2910 106 72 deo
1437 2910 122 72 suo.
1513 2910 152 72 Contra
1620 2910 122 72 uero
1681 2910 106 72 Achas
