2288 3632
480 273 150 52 filius
585 273 165 52 Iotham,
705 273 150 52 omnium
810 273 135 52 regum
900 273 225 52 Iudaicorum,
1080 273 90 52 ut
1125 273 120 52 pene
1200 273 240 52 impiissimus,
1396 273 105 52 ita
1456 273 270 52 infelicissimus
1681 273 135 52 fuit.
1771 273 165 52 Quoniam
1891 273 120 52 enim
1951 273 180 52 dereliquit

467 340 136 64 legem
558 340 151 64 domini
663 340 106 64 dei
724 340 121 64 sui,
799 340 181 64 tradidit
935 340 136 64 ipsum
1026 340 91 64 ac
1071 340 166 64 populum
1192 340 121 64 eius
1267 340 91 64 in
1313 340 136 64 manus
1403 340 136 64 regis
1494 340 181 64 Syrorum,
1630 340 151 64 deinde
1735 340 76 64 &
1766 340 91 64 in
1811 340 136 64 manus
1901 340 257 64 lsraelitarum,

477 392 108 63 qui
538 392 108 63 uno
600 392 108 63 die
661 392 216 63 occiderunt
831 392 169 63 centena
954 392 77 63 &
985 392 169 63 uiginti
1108 392 154 63 millia
1216 392 216 63 ludaeorum,
1385 392 185 63 mulierum
1524 392 139 63 autem
1616 392 77 63 &
1647 392 200 63 liberorum
1801 392 185 63 ceperunt
1940 392 154 63 millia
2032 392 108 63 ducen

469 448 136 61 tena.
560 448 121 61 Idem
636 448 136 61 Achax
726 448 106 61 cum
787 448 121 61 suis
863 448 136 61 omnis
954 448 167 61 generis
1075 448 227 61 calamitates
1257 448 197 61 expertus,
1409 448 182 61 exemplum
1545 448 152 61 factus
1651 448 106 61 est
1712 448 197 61 horrendum
1863 448 167 61 omnibus
1984 448 136 61 uerbi
2060 448 76 61 dei

476 501 321 60 praeuaricatoribus.
754 501 161 60 Secutus
871 501 102 60 est
929 501 88 60 in
973 501 131 60 regno
1060 501 146 60 patrem
1163 501 219 60 impijssimum
1338 501 190 60 pijssimus
1484 501 146 60 filius
1586 501 190 60 Exechias.
1732 501 88 60 De
1776 501 102 60 hoc
1834 501 161 60 legimus
1951 501 88 60 in
1995 501 131 60 sacra
2068 501 73 60 hi-

471 561 156 62 storia,
585 561 100 62 Hic
641 561 128 62 fecit
727 561 114 62 quod
798 561 142 62 rectum
898 561 114 62 erat
969 561 85 62 in
1011 561 142 62 oculis
1111 561 156 62 domini,
1225 561 128 62 iuxta
1310 561 128 62 omnia
1395 561 114 62 quae
1466 561 156 62 fecerat
1580 561 128 62 Dauid
1666 561 128 62 pater
1751 561 128 62 eius.
1836 561 85 62 Is
1879 561 171 62 sustulit
1993 561 142 62 excelsa,

469 601 185 60 confregit
611 601 171 60 statuas,
739 601 171 60 succidit
868 601 142 60 lucos,
967 601 185 60 contriuit
1110 601 157 60 denique
1224 601 185 60 serpentem
1366 601 142 60 eneum,
1466 601 114 60 quem
1537 601 157 60 fecerat
1651 601 142 60 Moses,
1750 601 100 60 cui
1807 601 185 60 adolebant
1950 601 128 60 filij
2021 601 114 60 israe-

474 661 106 58 lis
535 661 198 58 incensum.
687 661 183 58 Fiduciam
824 661 213 58 collocauit
991 661 91 58 im
1037 661 152 58 domino
1143 661 106 58 deo
1204 661 198 58 lsraelis.
1356 661 213 58 Adhaerebat
1523 661 122 58 enim
1599 661 167 58 domino,
1721 661 106 58 nec
1782 661 183 58 deftexit
1919 661 91 58 ab
1964 661 106 58 co,
2010 661 137 58 seruans

473 728 202 63 praecepta
629 728 140 63 eius,
722 728 125 63 quae
800 728 187 63 mandauit
940 728 171 63 dominus
1065 728 140 63 Mosi.
1158 728 187 63 Audiamus
1298 728 125 63 uero
1376 728 109 63 iam
1439 728 140 63 etiam
1532 728 125 63 quid
1610 728 125 63 hanc
1688 728 125 63 eius
1765 728 233 63 obedientiam
1952 728 78 63 &
1983 728 140 63 fidem
2061 728 78 63 sit

480 789 221 60 consecutum.
657 789 177 60 Sequitur
790 789 88 60 in
834 789 133 60 sacra
922 789 192 60 historia,
1070 789 88 60 Et
1114 789 118 60 fuit
1188 789 162 60 dominus
1306 789 103 60 cum
1365 789 103 60 eo,
1424 789 88 60 ut
1468 789 133 60 felix
1556 789 133 60 esset
1645 789 88 60 in
1689 789 162 60 omnibus
1807 789 88 60 ad
1851 789 118 60 quae
1910 789 221 60 egrediebatur.

474 832 114 65 Hoc
539 832 195 65 regnante
685 832 162 65 fracta
798 832 114 65 est
863 832 259 65 uetustissima
1074 832 81 65 &
1106 832 259 65 potentissima
1317 832 146 65 orbis
1414 832 211 65 monorchia
1576 832 243 65 Assyriorum.
1771 832 114 65 cum
1836 832 130 65 enim
1917 832 114 65 rex
1966 832 178 65 Assriorum

484 891 122 68 Sena
560 891 153 68 cherib
667 891 138 68 urbem
759 891 275 68 Hierosolymorum
988 891 214 68 obfideret,
1156 891 107 68 uno
1218 891 138 68 nocte
1309 891 214 68 trucidauit
1478 891 168 68 angelus
1600 891 153 68 domini
1707 891 92 68 in
1753 891 168 68 castris
1875 891 214 68 Assyriorum
2028 891 107 68 mili-

473 948 106 64 tum
533 948 166 64 centena
654 948 302 64 octogintaquinque
911 948 166 64 millia.
1032 948 106 64 Sed
1093 948 76 64 &
1123 948 181 64 princeps
1259 948 227 64 babolonicus
1441 948 212 64 honorifica
1607 948 197 64 legatione
1758 948 136 64 missa
1849 948 91 64 ad
1894 948 197 64 Exechiam,
2045 948 121 64 ami

476 1000 142 64 citiam
575 1000 128 64 eius,
661 1000 142 64 regijs
760 1000 128 64 donis
846 1000 171 64 oblatis,
974 1000 171 64 studiose
1102 1000 171 64 ambiuit.
1230 1000 142 64 Gloria
1329 1000 114 64 enim
1400 1000 185 64 principis
1543 1000 171 64 pijssimi
1671 1000 100 64 iam
1728 1000 85 64 in
1770 1000 114 64 toto
1841 1000 199 64 innotuerat
1998 1000 128 64 orbe,
2069 1000 71 64 Rur

474 1063 105 61 sus
534 1063 105 61 cum
594 1063 150 61 patris
699 1063 180 61 pietatem
834 1063 105 61 non
894 1063 210 61 imitaretur
1058 1063 255 61 exprimeretque
1268 1063 225 61 impijssimus
1448 1063 150 61 filius
1553 1063 195 61 Manasses,
1703 1063 105 61 rex
1762 1063 150 61 factus
1867 1063 135 61 annos
1957 1063 135 61 natus
2047 1063 120 61 duo

478 1122 147 64 decim,
581 1122 103 64 sed
640 1122 220 64 responsaret
816 1122 88 64 ex
860 1122 161 64 aduerso
977 1122 147 64 uerbis
1080 1122 117 64 dei,
1154 1122 176 64 omnemque
1286 1122 264 64 superstitionem
1506 1122 73 64 a
1535 1122 161 64 parente
1653 1122 176 64 abolitam
1785 1122 206 64 reduceret,
1946 1122 147 64 captus
2034 1122 103 64 abdu-

483 1168 140 65 citur
577 1168 93 65 in
624 1168 218 65 babylonem:
795 1168 78 65 &
826 1168 171 65 quamuis
951 1168 265 65 restitueretur
1169 1168 156 65 diuino
1278 1168 187 65 bonitate
1418 1168 78 65 &
1449 1168 265 65 misericordia,
1668 1168 171 65 moriens
1792 1168 140 65 tamen
1886 1168 203 65 afflictum
2026 1168 109 65 lace-

460 1219 166 81 lrumque
580 1219 151 81 regnum
686 1219 181 81 reliquit
821 1219 135 81 filio
912 1219 105 81 suo
972 1219 166 81 Ammoni,
1092 1219 105 81 qui
1152 1219 75 81 &
1183 1219 120 81 ipse
1258 1219 271 81 infelicissimus
1484 1219 166 81 propter
1604 1219 241 81 rebellionem,
1800 1219 151 81 duobus
1905 1219 181 81 duntaxat
2041 1219 135 81 annis

461 1283 70 58 .
489 1283 168 58 regnauit
615 1283 140 58 tandem
713 1283 70 58 a
741 1283 140 58 seruis
839 1283 112 58 suis
909 1283 182 58 consossus
1049 1283 140 58 misere
1147 1283 182 58 interijt.
1287 1283 196 58 Surrogatus
1440 1283 98 58 est
1496 1283 140 58 mortuo
1594 1283 126 58 patri
1678 1283 84 58 in
1720 1283 126 58 regno
1804 1283 140 58 filius
1902 1283 154 58 losias,
2014 1283 112 58 puer
2070 1283 70 58 ad-

474 1341 126 66 huc,
553 1341 142 66 annos
648 1341 111 66 cum
711 1341 237 66 coronaretur
901 1341 142 66 natus
995 1341 142 66 octo.
1090 1341 111 66 Hic
1153 1341 142 66 regum
1248 1341 221 66 luduicorum
1422 1341 158 66 corond
1532 1341 79 66 &
1564 1341 158 66 gloria
1674 1341 174 66 extitit
1801 1341 237 66 singularis,
1990 1341 189 66 Regnauit

483 1397 289 57 tranquillissime,
729 1397 72 57 &
757 1397 130 57 modis
844 1397 159 57 omnibus
960 1397 232 57 felicissime,
1148 1397 130 57 annis
1235 1397 174 57 triginta
1365 1397 72 57 &
1394 1397 116 57 uno.
1466 1397 174 57 Caeterum
1597 1397 188 57 praedicat
1741 1397 188 57 scriptura
1886 1397 232 57 ueracissima.
2060 1397 72 57 lo-

479 1446 112 66 siae
549 1446 126 66 fidem
633 1446 70 66 &
661 1446 225 66 obedientiam,
844 1446 112 66 quam
914 1446 126 66 uerbo
998 1446 98 66 dei
1054 1446 253 66 religiosissime
1265 1446 211 66 praestitit,
1433 1446 112 66 quam
1503 1446 70 66 &
1532 1446 168 66 insignis
1658 1446 112 66 illa
1728 1446 182 66 felicitas
1868 1446 98 66 est
1924 1446 196 66 consecuta.
2065 1446 70 66 Ni-

491 1506 106 64 hil
551 1506 227 64 commouerunt
733 1506 136 64 ipsum
824 1506 151 64 monita
929 1506 272 64 consiliariorum
1156 1506 151 64 patris
1262 1506 106 64 sui
1323 1506 181 64 Ammonis.
1459 1506 106 64 Cum
1519 1506 136 64 semel
1610 1506 181 64 audisset
1746 1506 136 64 uerba
1837 1506 136 64 libri
1927 1506 136 64 legis
2003 1506 136 64 reperti

487 1563 89 60 in
532 1563 149 60 templo
636 1563 89 60 ab
681 1563 149 60 Hilhia
785 1563 208 60 pontifice,
949 1563 134 60 totum
1038 1563 119 60 sese
1113 1563 104 60 deo
1172 1563 74 60 &
1202 1563 134 60 uerbo
1291 1563 119 60 eius
1366 1563 238 60 concredidit.
1559 1563 104 60 Nec
1619 1563 194 60 expectata
1768 1563 164 60 aliorum
1887 1563 179 60 regnorum
2021 1563 104 60 uel
2066 1563 74 60 re-

474 1618 103 67 gum
533 1618 191 67 sententia
680 1618 103 67 aut
739 1618 250 67 reformatione,
945 1618 147 67 mature
1047 1618 118 67 suis
1121 1618 206 67 consulens,
1283 1618 191 67 reformare
1430 1618 162 67 coepit,
1547 1618 147 67 maxime
1650 1618 118 67 anno
1724 1618 132 67 uitae
1812 1618 103 67 18.
1870 1618 88 67 Et
1915 1618 88 67 in
1959 1618 118 67 ipsa
2017 1618 118 67 refor-

474 1680 164 61 matione
593 1680 149 61 solius
698 1680 209 61 scripturae
862 1680 164 61 sanctae
982 1680 224 61 sententiam,
1161 1680 104 61 non
1220 1680 134 61 regum
1310 1680 104 61 uel
1370 1680 164 61 maiorum
1489 1680 149 61 facta,
1594 1680 104 61 uel
1653 1680 134 61 longi
1743 1680 179 61 temporis
1862 1680 269 61 praescriptionem,

493 1735 101 56 aut
550 1735 158 56 plurium
665 1735 187 56 suffragia
809 1735 115 56 sibi
881 1735 173 56 sequenda
1011 1735 230 56 existimauit.
1198 1735 202 56 Conuocatis
1356 1735 115 56 enim
1428 1735 130 56 suis,
1515 1735 72 56 &
1544 1735 101 56 his
1601 1735 187 56 proposito
1745 1735 86 56 in
1788 1735 144 56 medium
1889 1735 130 56 libro
1976 1735 130 56 legis
2048 1735 86 56 dei,

485 1793 90 66 ad
530 1793 166 66 regulam
650 1793 135 66 uerbi
741 1793 105 66 dei
801 1793 135 66 omnia
891 1793 211 66 instituit.
1057 1793 120 66 Inde
1132 1793 150 66 factum
1237 1793 181 66 legimus,
1373 1793 120 66 quod
1448 1793 256 66 uetustissimis
1659 1793 181 66 templis,
1794 1793 75 66 a
1824 1793 181 66 Solomone
1959 1793 75 66 &
1974 1793 166 66 leroboamo

488 1846 212 61 collocatis,
657 1846 141 61 contra
756 1846 127 61 legem
841 1846 113 61 dei,
912 1846 282 61 antiquissimisque
1152 1846 169 61 ritibus,
1279 1846 141 61 minime
1377 1846 99 61 sit
1434 1846 155 61 parsum.
1547 1846 184 61 greuiter,
1688 1846 184 61 subuertit
1829 1846 99 61 hic
1886 1846 99 61 rex
1942 1846 169 61 quicquid
2055 1846 85 61 con-

488 1904 106 65 tra
549 1904 152 65 uerbum
655 1904 106 65 dei
716 1904 167 65 erectum
837 1904 152 65 stabat
944 1904 91 65 in
990 1904 182 65 ecclesia
1126 1904 76 65 &
1157 1904 137 65 regno
1248 1904 122 65 luda
1324 1904 198 65 uniuerso.
1476 1904 91 65 Ac
1522 1904 91 65 ne
1567 1904 122 65 quis
1643 1904 258 65 calumniaretur
1856 1904 137 65 ipsum
1947 1904 137 65 nimis
2023 1904 122 65 fuisse

486 1954 104 56 uel
546 1954 163 56 audacem
664 1954 104 56 uel
724 1954 178 56 rigidum,
857 1954 193 56 scriptura
1006 1954 104 56 hoc
1065 1954 119 56 ipsi
1139 1954 119 56 fert
1214 1954 238 56 testimonium,
1407 1954 119 56 Ante
1481 1954 104 56 eum
1540 1954 104 56 non
1600 1954 119 56 fuit
1674 1954 134 56 talis
1763 1954 119 56 rex,
1837 1954 104 56 qui
1897 1954 193 56 conuersus
2030 1954 119 56 fuerit

486 2012 87 56 ad
529 2012 159 56 dominum
645 2012 87 56 in
688 2012 116 56 toto
761 2012 130 56 corde
848 2012 116 56 suo,
920 2012 116 56 tota
993 2012 130 56 anima
1080 2012 116 56 sua,
1152 2012 174 56 totisque
1283 2012 159 56 uiribus
1399 2012 130 56 suis,
1486 2012 130 56 iuxta
1573 2012 188 56 uniuersam
1718 2012 130 56 legem
1805 2012 130 56 Mosis
1892 2012 72 56 :
1921 2012 101 56 nec
1979 2012 159 56 exortus
2080 2012 58 56 ef

491 2057 115 74 post
562 2057 101 74 cum
620 2057 144 74 talis.
721 2057 115 74 Ergo
792 2057 115 74 quod
864 2057 101 74 hic
922 2057 244 74 laudatissimus
1123 2057 72 74 &
1152 2057 230 74 felicissimus
1338 2057 101 74 rex
1396 2057 144 74 tandem
1496 2057 86 74 in
1540 2057 115 74 acie
1611 2057 144 74 uictus
1712 2057 201 74 occubuisse
1870 2057 172 74 legitur,
1999 2057 101 74 sub
2042 2057 101 74 feli-

479 2125 182 54 citatem,
615 2125 106 54 non
676 2125 197 54 miseriam,
827 2125 106 54 est
888 2125 227 54 referendum.
1070 2125 106 54 Nam
1131 2125 121 54 ipse
1206 2125 167 54 dominus
1328 2125 91 54 ad
1373 2125 152 54 losiam
1479 2125 152 54 dixit,
1585 2125 182 54 Colligam
1722 2125 91 54 te
1767 2125 91 54 ad
1813 2125 152 54 patres
1919 2125 136 54 tuos,
2010 2125 91 54 ex
2040 2125 106 54 sepe-

485 2170 144 71 lieris
585 2170 86 71 in
628 2170 129 71 pace,
714 2170 86 71 ne
757 2170 129 71 oculi
843 2170 100 71 tui
901 2170 129 71 malum
987 2170 172 71 uideant,
1116 2170 115 71 quod
1188 2170 158 71 inducam
1303 2170 115 71 huic
1374 2170 129 71 loco.
1461 2170 158 71 Populum
1575 2170 129 71 enim,
1661 2170 86 71 ac
1704 2170 129 71 ipsos
1791 2170 129 71 etiam
1877 2170 187 71 principes
2020 2170 144 71 regni,

473 2232 100 69 sub
530 2232 215 69 sanctissimo
702 2232 115 69 rege
774 2232 201 69 hypocritas
932 2232 158 69 fuisse,
1047 2232 129 69 illud
1133 2232 143 69 maxime
1233 2232 158 69 arguit,
1348 2232 115 69 quod
1420 2232 172 69 extincto
1549 2232 143 69 patre,
1649 2232 129 69 filij
1735 2232 86 69 ex
1778 2232 172 69 proceres
1907 2232 143 69 regni,
1994 2232 143 69 protinus

477 2296 142 67 uerbo
572 2296 110 67 dei
635 2296 205 67 repudiato
793 2296 142 67 omnem
887 2296 284 67 superstitionem
1124 2296 79 67 &
1155 2296 221 67 impietatem
1329 2296 237 67 reuocarunt,
1518 2296 158 67 prinde
1628 2296 173 67 legimus
1755 2296 189 67 integris
1896 2296 173 67 uiginti
2007 2296 126 67 duobus

484 2344 144 60 annis,
585 2344 144 60 quibus
685 2344 115 60 post
758 2344 144 60 mortem
859 2344 144 60 losiae
959 2344 173 60 regnatum
1089 2344 101 60 est
1147 2344 130 60 adhuc
1233 2344 72 60 a
1262 2344 159 60 regibus
1378 2344 130 60 luda,
1464 2344 144 60 nullam
1565 2344 130 60 pacem
1652 2344 101 60 uel
1709 2344 216 60 securitatem
1882 2344 159 60 fuisse,
1998 2344 101 60 sed
2041 2344 101 60 sedi-

487 2402 147 66 tiones
590 2402 74 66 &
620 2402 147 66 caedes
723 2402 206 66 perpetuas,
885 2402 177 66 Regnauit
1018 2402 118 66 post
1092 2402 147 66 losiam
1195 2402 147 66 patrem
1298 2402 147 66 filius
1401 2402 177 66 Ioachos:
1534 2402 133 66 uerum
1622 2402 118 66 post
1696 2402 118 66 tres
1770 2402 133 66 regni
1858 2402 162 66 menses,
1976 2402 147 66 captus
2064 2402 74 66 ab-

486 2456 172 71 ducitur
612 2456 94 71 in
659 2456 204 71 Aegyptum.
815 2456 204 71 Coronatur
972 2456 125 71 post
1050 2456 172 71 fratrem
1175 2456 188 71 abductum
1316 2456 188 71 Ioachim,
1457 2456 110 71 sed
1520 2456 188 71 undecimo
1660 2456 141 71 regni
1754 2456 125 71 anno
1833 2456 172 71 catenis
1958 2456 188 71 uincitur
2083 2456 47 71 &

481 2515 186 65 occiditur
624 2515 72 65 a
652 2515 286 65 Nabuchodonosore,
896 2515 229 65 sepeliturque
1082 2515 200 65 sepultura,
1239 2515 86 65 ut
1282 2515 172 65 Ieremias
1411 2515 115 65 ait,
1483 2515 143 65 asini.
1583 2515 200 65 Surrogatur
1740 2515 143 65 filius
1840 2515 172 65 Iodchimi
1969 2515 200 65 lechonias,

489 2566 107 71 sed
550 2566 122 71 post
626 2566 122 71 tres
702 2566 153 71 menses
809 2566 168 71 captus,
931 2566 107 71 una
992 2566 107 71 cum
1053 2566 214 71 proceribus
1221 2566 76 71 &
1252 2566 244 71 facultatibus
1450 2566 153 71 totius
1557 2566 153 71 regni,
1664 2566 92 71 in
1710 2566 198 71 babylonem
1862 2566 214 71 abducitur.
2015 2566 122 71 Regnat

481 2626 119 62 post
555 2626 134 62 ipsum
645 2626 193 62 Xedechias
793 2626 149 62 losiae
897 2626 164 62 filius:
1016 2626 104 62 sed
1076 2626 119 62 quia
1150 2626 149 62 noluit
1254 2626 164 62 obedire
1373 2626 149 62 uerbis
1477 2626 164 62 domini,
1596 2626 104 62 per
1655 2626 178 62 Ieremiam
1789 2626 238 62 praedicatis,
1982 2626 74 62 &
2012 2626 134 62 uitam
2086 2626 45 62 e

488 2685 152 65 regnum
594 2685 182 65 amittit,
730 2685 121 65 anno
806 2685 137 65 regni
897 2685 197 65 undecimo.
1049 2685 137 65 Simul
1140 2685 137 65 autem
1231 2685 228 65 instammatur
1413 2685 182 65 templum,
1550 2685 76 65 &
1580 2685 182 65 diruitur
1716 2685 121 65 urbs
1792 2685 137 65 sedes
1883 2685 137 65 regni
1959 2685 182 65 uetustiss.

472 2740 167 71 populus
593 2740 106 71 uel
654 2740 228 71 trucidatur,
837 2740 106 71 uel
897 2740 198 71 abducitur
1049 2740 91 71 in
1095 2740 213 71 durissimam
1262 2740 258 71 captiuitatem.
1475 2740 122 71 Haec
1551 2740 182 71 hactenus
1688 2740 91 71 de
1734 2740 167 71 regibus
1855 2740 137 71 luda.
1946 2740 106 71 Nam
2007 2740 91 71 in
2038 2740 106 71 Gcde-

484 2789 123 70 chia
560 2789 169 70 defecit
683 2789 77 70 &
714 2789 153 70 regnum
821 2789 77 70 e
852 2789 138 70 regia
944 2789 184 70 dignitas
1082 2789 107 70 uel
1128 2789 169 70 maiestas.

562 2855 113 73 his
627 2855 97 73 si
675 2855 243 73 coniungamus
870 2855 130 73 fata
951 2855 146 73 regum
1048 2855 195 73 laraels,
1194 2855 162 73 rursus
1307 2855 243 73 confiteamur
1502 2855 195 73 oportet,
1648 2855 146 73 omnem
1745 2855 243 73 felicitatem
1940 2855 146 73 regum
2037 2855 81 73 &
2053 2855 81 73 re
