<?xml version="1.0" encoding="UTF-8"?>
<alto xmlns:xsi="http://www.w3.org/2001/XMLSchema-instance"
      xmlns="http://www.loc.gov/standards/alto/ns-v2#"
      xmlns:page="http://schema.primaresearch.org/PAGE/gts/pagecontent/2013-07-15"
      xsi:schemaLocation="http://www.loc.gov/standards/alto/ns-v2# http://www.loc.gov/standards/alto/alto.xsd">
   <Description>
      <MeasurementUnit>pixel</MeasurementUnit>
      <OCRProcessing ID="IdOcr">
         <ocrProcessingStep>
            <processingDateTime>2020-08-08T18:22:45.978-04:00</processingDateTime>
            <processingSoftware>
               <softwareCreator>READ COOP</softwareCreator>
               <softwareName>Transkribus</softwareName>
            </processingSoftware>
         </ocrProcessingStep>
      </OCRProcessing>
   </Description>
   <Tags/>
   <Layout>
      <Page ID="Page1" PHYSICAL_IMG_NR="1" HEIGHT="3632" WIDTH="2288">
         <TopMargin HEIGHT="0" WIDTH="2288" VPOS="0" HPOS="0"/>
         <LeftMargin HEIGHT="3632" WIDTH="0" VPOS="0" HPOS="0"/>
         <RightMargin HEIGHT="3632" WIDTH="0" VPOS="0" HPOS="2288"/>
         <BottomMargin HEIGHT="0" WIDTH="2288" VPOS="3632" HPOS="0"/>
         <PrintSpace HEIGHT="3632" WIDTH="2288" VPOS="0" HPOS="0">
            <TextBlock ID="r1" HEIGHT="1516" WIDTH="1640" VPOS="222" HPOS="510">
               <Shape>
                  <Polygon POINTS="510,222 510,1738 2150,1738 2150,222"/>
               </Shape>
               <TextLine ID="r1l2"
                         BASELINE="367"
                         HEIGHT="95"
                         WIDTH="1648"
                         VPOS="272"
                         HPOS="500">
                  <String HEIGHT="95"
                          WIDTH="193"
                          VPOS="272"
                          HPOS="485"
                          CONTENT="gregarijs"/>
                  <SP HEIGHT="95" WIDTH="15" VPOS="272" HPOS="678"/>
                  <String HEIGHT="95"
                          WIDTH="208"
                          VPOS="272"
                          HPOS="634"
                          CONTENT="Leuiticis:"/>
                  <SP HEIGHT="95" WIDTH="15" VPOS="272" HPOS="841"/>
                  <String HEIGHT="95"
                          WIDTH="134"
                          VPOS="272"
                          HPOS="797"
                          CONTENT="neque"/>
                  <SP HEIGHT="95" WIDTH="15" VPOS="272" HPOS="931"/>
                  <String HEIGHT="95" WIDTH="89" VPOS="272" HPOS="886" CONTENT="hi"/>
                  <SP HEIGHT="95" WIDTH="15" VPOS="272" HPOS="975"/>
                  <String HEIGHT="95"
                          WIDTH="238"
                          VPOS="272"
                          HPOS="931"
                          CONTENT="existimabant"/>
                  <SP HEIGHT="95" WIDTH="15" VPOS="272" HPOS="1168"/>
                  <String HEIGHT="95" WIDTH="89" VPOS="272" HPOS="1124" CONTENT="se"/>
                  <SP HEIGHT="95" WIDTH="15" VPOS="272" HPOS="1213"/>
                  <String HEIGHT="95"
                          WIDTH="134"
                          VPOS="272"
                          HPOS="1168"
                          CONTENT="regem"/>
                  <SP HEIGHT="95" WIDTH="15" VPOS="272" HPOS="1302"/>
                  <String HEIGHT="95"
                          WIDTH="193"
                          VPOS="272"
                          HPOS="1257"
                          CONTENT="admonendo"/>
                  <SP HEIGHT="95" WIDTH="15" VPOS="272" HPOS="1450"/>
                  <String HEIGHT="95"
                          WIDTH="134"
                          VPOS="272"
                          HPOS="1406"
                          CONTENT="oleum"/>
                  <SP HEIGHT="95" WIDTH="15" VPOS="272" HPOS="1539"/>
                  <String HEIGHT="95" WIDTH="74" VPOS="272" HPOS="1495" CONTENT="&amp;"/>
                  <SP HEIGHT="95" WIDTH="15" VPOS="272" HPOS="1569"/>
                  <String HEIGHT="95"
                          WIDTH="148"
                          VPOS="272"
                          HPOS="1524"
                          CONTENT="operam"/>
                  <SP HEIGHT="95" WIDTH="15" VPOS="272" HPOS="1673"/>
                  <String HEIGHT="95"
                          WIDTH="178"
                          VPOS="272"
                          HPOS="1628"
                          CONTENT="perdere."/>
                  <SP HEIGHT="95" WIDTH="15" VPOS="272" HPOS="1807"/>
                  <String HEIGHT="95"
                          WIDTH="104"
                          VPOS="272"
                          HPOS="1762"
                          CONTENT="Ego"/>
                  <SP HEIGHT="95" WIDTH="15" VPOS="272" HPOS="1866"/>
                  <String HEIGHT="95"
                          WIDTH="148"
                          VPOS="272"
                          HPOS="1821"
                          CONTENT="itaque"/>
                  <SP HEIGHT="95" WIDTH="15" VPOS="272" HPOS="1970"/>
                  <String HEIGHT="95"
                          WIDTH="134"
                          VPOS="272"
                          HPOS="1925"
                          CONTENT="regia"/>
                  <SP HEIGHT="95" WIDTH="15" VPOS="272" HPOS="2059"/>
                  <String HEIGHT="95"
                          WIDTH="104"
                          VPOS="272"
                          HPOS="2014"
                          CONTENT="tua"/>
                  <SP HEIGHT="95" WIDTH="15" VPOS="272" HPOS="2118"/>
                  <String HEIGHT="95"
                          WIDTH="89"
                          VPOS="272"
                          HPOS="2059"
                          CONTENT="pie"
                          SUBS_TYPE="HypPart1"
                          SUBS_CONTENT="pietate"/>
                  <HYP CONTENT="-"/>
               </TextLine>
               <TextLine ID="r1l3"
                         BASELINE="409"
                         HEIGHT="78"
                         WIDTH="1632"
                         VPOS="331"
                         HPOS="505">
                  <String HEIGHT="78"
                          WIDTH="118"
                          VPOS="331"
                          HPOS="490"
                          CONTENT="tate"
                          SUBS_TYPE="HypPart2"
                          SUBS_CONTENT="pietate"/>
                  <SP HEIGHT="78" WIDTH="15" VPOS="331" HPOS="608"/>
                  <String HEIGHT="78"
                          WIDTH="162"
                          VPOS="331"
                          HPOS="564"
                          CONTENT="fretus,"/>
                  <SP HEIGHT="78" WIDTH="15" VPOS="331" HPOS="726"/>
                  <String HEIGHT="78"
                          WIDTH="132"
                          VPOS="331"
                          HPOS="681"
                          CONTENT="spero"/>
                  <SP HEIGHT="78" WIDTH="15" VPOS="331" HPOS="814"/>
                  <String HEIGHT="78" WIDTH="74" VPOS="331" HPOS="770" CONTENT="&amp;"/>
                  <SP HEIGHT="78" WIDTH="15" VPOS="331" HPOS="843"/>
                  <String HEIGHT="78"
                          WIDTH="118"
                          VPOS="331"
                          HPOS="799"
                          CONTENT="hanc"/>
                  <SP HEIGHT="78" WIDTH="15" VPOS="331" HPOS="917"/>
                  <String HEIGHT="78"
                          WIDTH="118"
                          VPOS="331"
                          HPOS="873"
                          CONTENT="meam"/>
                  <SP HEIGHT="78" WIDTH="15" VPOS="331" HPOS="990"/>
                  <String HEIGHT="78"
                          WIDTH="265"
                          VPOS="331"
                          HPOS="946"
                          CONTENT="dissertationem"/>
                  <SP HEIGHT="78" WIDTH="15" VPOS="331" HPOS="1211"/>
                  <String HEIGHT="78"
                          WIDTH="147"
                          VPOS="331"
                          HPOS="1167"
                          CONTENT="breuem"/>
                  <SP HEIGHT="78" WIDTH="15" VPOS="331" HPOS="1314"/>
                  <String HEIGHT="78" WIDTH="88" VPOS="331" HPOS="1270" CONTENT="de"/>
                  <SP HEIGHT="78" WIDTH="15" VPOS="331" HPOS="1358"/>
                  <String HEIGHT="78"
                          WIDTH="132"
                          VPOS="331"
                          HPOS="1314"
                          CONTENT="ueris"/>
                  <SP HEIGHT="78" WIDTH="15" VPOS="331" HPOS="1446"/>
                  <String HEIGHT="78"
                          WIDTH="147"
                          VPOS="331"
                          HPOS="1402"
                          CONTENT="causis"/>
                  <SP HEIGHT="78" WIDTH="15" VPOS="331" HPOS="1549"/>
                  <String HEIGHT="78"
                          WIDTH="221"
                          VPOS="331"
                          HPOS="1505"
                          CONTENT="felicitatis"/>
                  <SP HEIGHT="78" WIDTH="15" VPOS="331" HPOS="1725"/>
                  <String HEIGHT="78"
                          WIDTH="103"
                          VPOS="331"
                          HPOS="1681"
                          CONTENT="uel"/>
                  <SP HEIGHT="78" WIDTH="15" VPOS="331" HPOS="1784"/>
                  <String HEIGHT="78"
                          WIDTH="250"
                          VPOS="331"
                          HPOS="1740"
                          CONTENT="infelicitatis"/>
                  <SP HEIGHT="78" WIDTH="15" VPOS="331" HPOS="1990"/>
                  <String HEIGHT="78"
                          WIDTH="132"
                          VPOS="331"
                          HPOS="1946"
                          CONTENT="regum"/>
                  <SP HEIGHT="78" WIDTH="15" VPOS="331" HPOS="2078"/>
                  <String HEIGHT="78"
                          WIDTH="118"
                          VPOS="331"
                          HPOS="2019"
                          CONTENT="regno"
                          SUBS_TYPE="HypPart1"
                          SUBS_CONTENT="regnorumque,"/>
                  <HYP CONTENT="-"/>
               </TextLine>
               <TextLine ID="r1l4"
                         BASELINE="465"
                         HEIGHT="52"
                         WIDTH="1642"
                         VPOS="413"
                         HPOS="501">
                  <String HEIGHT="52"
                          WIDTH="169"
                          VPOS="413"
                          HPOS="486"
                          CONTENT="rumque,"
                          SUBS_TYPE="HypPart2"
                          SUBS_CONTENT="regnorumque,"/>
                  <SP HEIGHT="52" WIDTH="15" VPOS="413" HPOS="654"/>
                  <String HEIGHT="52"
                          WIDTH="123"
                          VPOS="413"
                          HPOS="608"
                          CONTENT="suum"/>
                  <SP HEIGHT="52" WIDTH="15" VPOS="413" HPOS="731"/>
                  <String HEIGHT="52" WIDTH="77" VPOS="413" HPOS="685" CONTENT="&amp;"/>
                  <SP HEIGHT="52" WIDTH="15" VPOS="413" HPOS="762"/>
                  <String HEIGHT="52"
                          WIDTH="138"
                          VPOS="413"
                          HPOS="716"
                          CONTENT="locum"/>
                  <SP HEIGHT="52" WIDTH="15" VPOS="413" HPOS="854"/>
                  <String HEIGHT="52" WIDTH="77" VPOS="413" HPOS="808" CONTENT="&amp;"/>
                  <SP HEIGHT="52" WIDTH="15" VPOS="413" HPOS="885"/>
                  <String HEIGHT="52"
                          WIDTH="169"
                          VPOS="413"
                          HPOS="839"
                          CONTENT="fructum"/>
                  <SP HEIGHT="52" WIDTH="15" VPOS="413" HPOS="1007"/>
                  <String HEIGHT="52"
                          WIDTH="215"
                          VPOS="413"
                          HPOS="961"
                          CONTENT="habituram,"/>
                  <SP HEIGHT="52" WIDTH="15" VPOS="413" HPOS="1176"/>
                  <String HEIGHT="52"
                          WIDTH="138"
                          VPOS="413"
                          HPOS="1130"
                          CONTENT="certe"/>
                  <SP HEIGHT="52" WIDTH="15" VPOS="413" HPOS="1268"/>
                  <String HEIGHT="52"
                          WIDTH="107"
                          VPOS="413"
                          HPOS="1222"
                          CONTENT="qui"/>
                  <SP HEIGHT="52" WIDTH="15" VPOS="413" HPOS="1330"/>
                  <String HEIGHT="52"
                          WIDTH="123"
                          VPOS="413"
                          HPOS="1284"
                          CONTENT="ante"/>
                  <SP HEIGHT="52" WIDTH="15" VPOS="413" HPOS="1406"/>
                  <String HEIGHT="52"
                          WIDTH="138"
                          VPOS="413"
                          HPOS="1360"
                          CONTENT="annos"/>
                  <SP HEIGHT="52" WIDTH="15" VPOS="413" HPOS="1498"/>
                  <String HEIGHT="52"
                          WIDTH="230"
                          VPOS="413"
                          HPOS="1452"
                          CONTENT="XII.felicis"/>
                  <SP HEIGHT="52" WIDTH="15" VPOS="413" HPOS="1683"/>
                  <String HEIGHT="52"
                          WIDTH="184"
                          VPOS="413"
                          HPOS="1637"
                          CONTENT="memoriae"/>
                  <SP HEIGHT="52" WIDTH="15" VPOS="413" HPOS="1821"/>
                  <String HEIGHT="52"
                          WIDTH="169"
                          VPOS="413"
                          HPOS="1775"
                          CONTENT="parenti"/>
                  <SP HEIGHT="52" WIDTH="15" VPOS="413" HPOS="1944"/>
                  <String HEIGHT="52"
                          WIDTH="107"
                          VPOS="413"
                          HPOS="1897"
                          CONTENT="tuo"/>
                  <SP HEIGHT="52" WIDTH="15" VPOS="413" HPOS="2005"/>
                  <String HEIGHT="52"
                          WIDTH="199"
                          VPOS="413"
                          HPOS="1944"
                          CONTENT="Heinra)cho,"/>
               </TextLine>
               <TextLine ID="r1l5"
                         BASELINE="522"
                         HEIGHT="80"
                         WIDTH="1642"
                         VPOS="442"
                         HPOS="504">
                  <String HEIGHT="80"
                          WIDTH="118"
                          VPOS="442"
                          HPOS="489"
                          CONTENT="eius"/>
                  <SP HEIGHT="80" WIDTH="15" VPOS="442" HPOS="608"/>
                  <String HEIGHT="80"
                          WIDTH="163"
                          VPOS="442"
                          HPOS="563"
                          CONTENT="nominis"/>
                  <SP HEIGHT="80" WIDTH="15" VPOS="442" HPOS="726"/>
                  <String HEIGHT="80"
                          WIDTH="192"
                          VPOS="442"
                          HPOS="682"
                          CONTENT="VIII.lib,"/>
                  <SP HEIGHT="80" WIDTH="15" VPOS="442" HPOS="874"/>
                  <String HEIGHT="80" WIDTH="89" VPOS="442" HPOS="829" CONTENT="de"/>
                  <SP HEIGHT="80" WIDTH="15" VPOS="442" HPOS="918"/>
                  <String HEIGHT="80"
                          WIDTH="222"
                          VPOS="442"
                          HPOS="874"
                          CONTENT="Authoritate"/>
                  <SP HEIGHT="80" WIDTH="15" VPOS="442" HPOS="1096"/>
                  <String HEIGHT="80"
                          WIDTH="207"
                          VPOS="442"
                          HPOS="1051"
                          CONTENT="scripturae"/>
                  <SP HEIGHT="80" WIDTH="15" VPOS="442" HPOS="1258"/>
                  <String HEIGHT="80"
                          WIDTH="178"
                          VPOS="442"
                          HPOS="1214"
                          CONTENT="sanctae,"/>
                  <SP HEIGHT="80" WIDTH="15" VPOS="442" HPOS="1392"/>
                  <String HEIGHT="80" WIDTH="74" VPOS="442" HPOS="1347" CONTENT="&amp;"/>
                  <SP HEIGHT="80" WIDTH="15" VPOS="442" HPOS="1421"/>
                  <String HEIGHT="80"
                          WIDTH="222"
                          VPOS="442"
                          HPOS="1377"
                          CONTENT="Episcoporum"/>
                  <SP HEIGHT="80" WIDTH="15" VPOS="442" HPOS="1599"/>
                  <String HEIGHT="80"
                          WIDTH="237"
                          VPOS="442"
                          HPOS="1554"
                          CONTENT="institutione"/>
                  <SP HEIGHT="80" WIDTH="15" VPOS="442" HPOS="1791"/>
                  <String HEIGHT="80" WIDTH="74" VPOS="442" HPOS="1747" CONTENT="&amp;"/>
                  <SP HEIGHT="80" WIDTH="15" VPOS="442" HPOS="1821"/>
                  <String HEIGHT="80"
                          WIDTH="207"
                          VPOS="442"
                          HPOS="1776"
                          CONTENT="functione,"/>
                  <SP HEIGHT="80" WIDTH="15" VPOS="442" HPOS="1983"/>
                  <String HEIGHT="80"
                          WIDTH="148"
                          VPOS="442"
                          HPOS="1939"
                          CONTENT="contra"/>
                  <SP HEIGHT="80" WIDTH="15" VPOS="442" HPOS="2087"/>
                  <String HEIGHT="80"
                          WIDTH="118"
                          VPOS="442"
                          HPOS="2028"
                          CONTENT="super"
                          SUBS_TYPE="HypPart1"
                          SUBS_CONTENT="superstitionis"/>
                  <HYP CONTENT="-"/>
               </TextLine>
               <TextLine ID="r1l6"
                         BASELINE="579"
                         HEIGHT="77"
                         WIDTH="1629"
                         VPOS="502"
                         HPOS="508">
                  <String HEIGHT="77"
                          WIDTH="186"
                          VPOS="502"
                          HPOS="494"
                          CONTENT="stitionis"
                          SUBS_TYPE="HypPart2"
                          SUBS_CONTENT="superstitionis"/>
                  <SP HEIGHT="77" WIDTH="14" VPOS="502" HPOS="679"/>
                  <String HEIGHT="77"
                          WIDTH="243"
                          VPOS="502"
                          HPOS="637"
                          CONTENT="tyrannidisque"/>
                  <SP HEIGHT="77" WIDTH="14" VPOS="502" HPOS="880"/>
                  <String HEIGHT="77"
                          WIDTH="157"
                          VPOS="502"
                          HPOS="837"
                          CONTENT="Romanae"/>
                  <SP HEIGHT="77" WIDTH="14" VPOS="502" HPOS="994"/>
                  <String HEIGHT="77"
                          WIDTH="214"
                          VPOS="502"
                          HPOS="951"
                          CONTENT="antistites,"/>
                  <SP HEIGHT="77" WIDTH="14" VPOS="502" HPOS="1165"/>
                  <String HEIGHT="77"
                          WIDTH="200"
                          VPOS="502"
                          HPOS="1122"
                          CONTENT="inscripsi,"/>
                  <SP HEIGHT="77" WIDTH="14" VPOS="502" HPOS="1322"/>
                  <String HEIGHT="77" WIDTH="86" VPOS="502" HPOS="1280" CONTENT="ac"/>
                  <SP HEIGHT="77" WIDTH="14" VPOS="502" HPOS="1365"/>
                  <String HEIGHT="77"
                          WIDTH="171"
                          VPOS="502"
                          HPOS="1323"
                          CONTENT="expertus"/>
                  <SP HEIGHT="77" WIDTH="14" VPOS="502" HPOS="1494"/>
                  <String HEIGHT="77"
                          WIDTH="100"
                          VPOS="502"
                          HPOS="1451"
                          CONTENT="sum"/>
                  <SP HEIGHT="77" WIDTH="14" VPOS="502" HPOS="1551"/>
                  <String HEIGHT="77"
                          WIDTH="100"
                          VPOS="502"
                          HPOS="1508"
                          CONTENT="cum"/>
                  <SP HEIGHT="77" WIDTH="14" VPOS="502" HPOS="1608"/>
                  <String HEIGHT="77"
                          WIDTH="157"
                          VPOS="502"
                          HPOS="1565"
                          CONTENT="laborem"/>
                  <SP HEIGHT="77" WIDTH="14" VPOS="502" HPOS="1723"/>
                  <String HEIGHT="77" WIDTH="86" VPOS="502" HPOS="1680" CONTENT="in"/>
                  <SP HEIGHT="77" WIDTH="14" VPOS="502" HPOS="1765"/>
                  <String HEIGHT="77"
                          WIDTH="143"
                          VPOS="502"
                          HPOS="1723"
                          CONTENT="Anglia"/>
                  <SP HEIGHT="77" WIDTH="14" VPOS="502" HPOS="1865"/>
                  <String HEIGHT="77"
                          WIDTH="100"
                          VPOS="502"
                          HPOS="1823"
                          CONTENT="non"/>
                  <SP HEIGHT="77" WIDTH="14" VPOS="502" HPOS="1923"/>
                  <String HEIGHT="77"
                          WIDTH="143"
                          VPOS="502"
                          HPOS="1880"
                          CONTENT="nullum"/>
                  <SP HEIGHT="77" WIDTH="14" VPOS="502" HPOS="2023"/>
                  <String HEIGHT="77"
                          WIDTH="171"
                          VPOS="502"
                          HPOS="1966"
                          CONTENT="protulisse"/>
               </TextLine>
               <TextLine ID="r1l7"
                         BASELINE="646"
                         HEIGHT="92"
                         WIDTH="1638"
                         VPOS="554"
                         HPOS="502">
                  <String HEIGHT="92"
                          WIDTH="173"
                          VPOS="554"
                          HPOS="486"
                          CONTENT="fructum"/>
                  <SP HEIGHT="92" WIDTH="16" VPOS="554" HPOS="660"/>
                  <String HEIGHT="92"
                          WIDTH="221"
                          VPOS="554"
                          HPOS="612"
                          CONTENT="salutarem:"/>
                  <SP HEIGHT="92" WIDTH="16" VPOS="554" HPOS="833"/>
                  <String HEIGHT="92"
                          WIDTH="126"
                          VPOS="554"
                          HPOS="786"
                          CONTENT="idem"/>
                  <SP HEIGHT="92" WIDTH="16" VPOS="554" HPOS="912"/>
                  <String HEIGHT="92"
                          WIDTH="126"
                          VPOS="554"
                          HPOS="864"
                          CONTENT="nunc"/>
                  <SP HEIGHT="92" WIDTH="16" VPOS="554" HPOS="990"/>
                  <String HEIGHT="92"
                          WIDTH="158"
                          VPOS="554"
                          HPOS="943"
                          CONTENT="quoque"/>
                  <SP HEIGHT="92" WIDTH="16" VPOS="554" HPOS="1101"/>
                  <String HEIGHT="92"
                          WIDTH="142"
                          VPOS="554"
                          HPOS="1053"
                          CONTENT="ausus"/>
                  <SP HEIGHT="92" WIDTH="16" VPOS="554" HPOS="1195"/>
                  <String HEIGHT="92"
                          WIDTH="205"
                          VPOS="554"
                          HPOS="1148"
                          CONTENT="sumT.R.M."/>
                  <SP HEIGHT="92" WIDTH="16" VPOS="554" HPOS="1353"/>
                  <String HEIGHT="92"
                          WIDTH="110"
                          VPOS="554"
                          HPOS="1305"
                          CONTENT="hos"/>
                  <SP HEIGHT="92" WIDTH="16" VPOS="554" HPOS="1416"/>
                  <String HEIGHT="92"
                          WIDTH="126"
                          VPOS="554"
                          HPOS="1368"
                          CONTENT="meos"/>
                  <SP HEIGHT="92" WIDTH="16" VPOS="554" HPOS="1494"/>
                  <String HEIGHT="92"
                          WIDTH="189"
                          VPOS="554"
                          HPOS="1447"
                          CONTENT="Sermones"/>
                  <SP HEIGHT="92" WIDTH="16" VPOS="554" HPOS="1636"/>
                  <String HEIGHT="92"
                          WIDTH="205"
                          VPOS="554"
                          HPOS="1589"
                          CONTENT="dedicare."/>
                  <SP HEIGHT="92" WIDTH="16" VPOS="554" HPOS="1794"/>
                  <String HEIGHT="92"
                          WIDTH="158"
                          VPOS="554"
                          HPOS="1746"
                          CONTENT="Tracto"/>
                  <SP HEIGHT="92" WIDTH="16" VPOS="554" HPOS="1904"/>
                  <String HEIGHT="92" WIDTH="95" VPOS="554" HPOS="1857" CONTENT="in"/>
                  <SP HEIGHT="92" WIDTH="16" VPOS="554" HPOS="1951"/>
                  <String HEIGHT="92"
                          WIDTH="110"
                          VPOS="554"
                          HPOS="1904"
                          CONTENT="his"/>
                  <SP HEIGHT="92" WIDTH="16" VPOS="554" HPOS="2014"/>
                  <String HEIGHT="92"
                          WIDTH="189"
                          VPOS="554"
                          HPOS="1951"
                          CONTENT="Christiane"/>
               </TextLine>
               <TextLine ID="r1l8"
                         BASELINE="689"
                         HEIGHT="73"
                         WIDTH="1649"
                         VPOS="616"
                         HPOS="499">
                  <String HEIGHT="73"
                          WIDTH="210"
                          VPOS="616"
                          HPOS="484"
                          CONTENT="religionis"/>
                  <SP HEIGHT="73" WIDTH="15" VPOS="616" HPOS="694"/>
                  <String HEIGHT="73"
                          WIDTH="135"
                          VPOS="616"
                          HPOS="649"
                          CONTENT="uerae"/>
                  <SP HEIGHT="73" WIDTH="15" VPOS="616" HPOS="784"/>
                  <String HEIGHT="73" WIDTH="105" VPOS="616" HPOS="739" CONTENT="non"/>
                  <SP HEIGHT="73" WIDTH="15" VPOS="616" HPOS="844"/>
                  <String HEIGHT="73"
                          WIDTH="195"
                          VPOS="616"
                          HPOS="799"
                          CONTENT="postremos"/>
                  <SP HEIGHT="73" WIDTH="15" VPOS="616" HPOS="994"/>
                  <String HEIGHT="73"
                          WIDTH="150"
                          VPOS="616"
                          HPOS="949"
                          CONTENT="locos,"/>
                  <SP HEIGHT="73" WIDTH="15" VPOS="616" HPOS="1099"/>
                  <String HEIGHT="73"
                          WIDTH="150"
                          VPOS="616"
                          HPOS="1054"
                          CONTENT="legem,"/>
                  <SP HEIGHT="73" WIDTH="15" VPOS="616" HPOS="1204"/>
                  <String HEIGHT="73"
                          WIDTH="195"
                          VPOS="616"
                          HPOS="1159"
                          CONTENT="peccatum,"/>
                  <SP HEIGHT="73" WIDTH="15" VPOS="616" HPOS="1353"/>
                  <String HEIGHT="73"
                          WIDTH="180"
                          VPOS="616"
                          HPOS="1309"
                          CONTENT="gratiam,"/>
                  <SP HEIGHT="73" WIDTH="15" VPOS="616" HPOS="1488"/>
                  <String HEIGHT="73"
                          WIDTH="210"
                          VPOS="616"
                          HPOS="1443"
                          CONTENT="euangelium"/>
                  <SP HEIGHT="73" WIDTH="15" VPOS="616" HPOS="1653"/>
                  <String HEIGHT="73" WIDTH="75" VPOS="616" HPOS="1608" CONTENT="&amp;"/>
                  <SP HEIGHT="73" WIDTH="15" VPOS="616" HPOS="1683"/>
                  <String HEIGHT="73"
                          WIDTH="255"
                          VPOS="616"
                          HPOS="1638"
                          CONTENT="poenitentiam."/>
                  <SP HEIGHT="73" WIDTH="15" VPOS="616" HPOS="1893"/>
                  <String HEIGHT="73"
                          WIDTH="105"
                          VPOS="616"
                          HPOS="1848"
                          CONTENT="Nec"/>
                  <SP HEIGHT="73" WIDTH="15" VPOS="616" HPOS="1953"/>
                  <String HEIGHT="73"
                          WIDTH="105"
                          VPOS="616"
                          HPOS="1908"
                          CONTENT="hos"/>
                  <SP HEIGHT="73" WIDTH="15" VPOS="616" HPOS="2013"/>
                  <String HEIGHT="73"
                          WIDTH="195"
                          VPOS="616"
                          HPOS="1953"
                          CONTENT="irreligiose"/>
               </TextLine>
               <TextLine ID="r1l9"
                         BASELINE="747"
                         HEIGHT="75"
                         WIDTH="1647"
                         VPOS="672"
                         HPOS="505">
                  <String HEIGHT="75" WIDTH="84" VPOS="672" HPOS="491" CONTENT="me"/>
                  <SP HEIGHT="75" WIDTH="14" VPOS="672" HPOS="575"/>
                  <String HEIGHT="75"
                          WIDTH="169"
                          VPOS="672"
                          HPOS="533"
                          CONTENT="existimo"/>
                  <SP HEIGHT="75" WIDTH="14" VPOS="672" HPOS="702"/>
                  <String HEIGHT="75"
                          WIDTH="183"
                          VPOS="672"
                          HPOS="660"
                          CONTENT="tracture."/>
                  <SP HEIGHT="75" WIDTH="14" VPOS="672" HPOS="843"/>
                  <String HEIGHT="75"
                          WIDTH="113"
                          VPOS="672"
                          HPOS="801"
                          CONTENT="Vtor"/>
                  <SP HEIGHT="75" WIDTH="14" VPOS="672" HPOS="913"/>
                  <String HEIGHT="75"
                          WIDTH="113"
                          VPOS="672"
                          HPOS="871"
                          CONTENT="enim"/>
                  <SP HEIGHT="75" WIDTH="14" VPOS="672" HPOS="984"/>
                  <String HEIGHT="75"
                          WIDTH="225"
                          VPOS="672"
                          HPOS="941"
                          CONTENT="scripturarum"/>
                  <SP HEIGHT="75" WIDTH="14" VPOS="672" HPOS="1167"/>
                  <String HEIGHT="75"
                          WIDTH="211"
                          VPOS="672"
                          HPOS="1124"
                          CONTENT="collatione,"/>
                  <SP HEIGHT="75" WIDTH="14" VPOS="672" HPOS="1336"/>
                  <String HEIGHT="75" WIDTH="99" VPOS="672" HPOS="1293" CONTENT="qua"/>
                  <SP HEIGHT="75" WIDTH="14" VPOS="672" HPOS="1392"/>
                  <String HEIGHT="75"
                          WIDTH="127"
                          VPOS="672"
                          HPOS="1350"
                          CONTENT="nihil"/>
                  <SP HEIGHT="75" WIDTH="14" VPOS="672" HPOS="1476"/>
                  <String HEIGHT="75" WIDTH="99" VPOS="672" HPOS="1434" CONTENT="est"/>
                  <SP HEIGHT="75" WIDTH="14" VPOS="672" HPOS="1533"/>
                  <String HEIGHT="75" WIDTH="84" VPOS="672" HPOS="1490" CONTENT="in"/>
                  <SP HEIGHT="75" WIDTH="14" VPOS="672" HPOS="1575"/>
                  <String HEIGHT="75"
                          WIDTH="197"
                          VPOS="672"
                          HPOS="1533"
                          CONTENT="tractundis"/>
                  <SP HEIGHT="75" WIDTH="14" VPOS="672" HPOS="1730"/>
                  <String HEIGHT="75"
                          WIDTH="155"
                          VPOS="672"
                          HPOS="1687"
                          CONTENT="nostrae"/>
                  <SP HEIGHT="75" WIDTH="14" VPOS="672" HPOS="1842"/>
                  <String HEIGHT="75"
                          WIDTH="197"
                          VPOS="672"
                          HPOS="1800"
                          CONTENT="religionis"/>
                  <SP HEIGHT="75" WIDTH="14" VPOS="672" HPOS="1997"/>
                  <String HEIGHT="75"
                          WIDTH="169"
                          VPOS="672"
                          HPOS="1955"
                          CONTENT="negotijs"/>
                  <SP HEIGHT="75" WIDTH="14" VPOS="672" HPOS="2124"/>
                  <String HEIGHT="75" WIDTH="99" VPOS="672" HPOS="2082" CONTENT="cum"/>
                  <SP HEIGHT="75" WIDTH="14" VPOS="672" HPOS="2180"/>
                  <String HEIGHT="75" WIDTH="28" VPOS="672" HPOS="2124" CONTENT=""/>
               </TextLine>
               <TextLine ID="r1l10"
                         BASELINE="808"
                         HEIGHT="74"
                         WIDTH="1641"
                         VPOS="734"
                         HPOS="502">
                  <String HEIGHT="74"
                          WIDTH="147"
                          VPOS="734"
                          HPOS="487"
                          CONTENT="melius"/>
                  <SP HEIGHT="74" WIDTH="15" VPOS="734" HPOS="634"/>
                  <String HEIGHT="74" WIDTH="103" VPOS="734" HPOS="590" CONTENT="tum"/>
                  <SP HEIGHT="74" WIDTH="15" VPOS="734" HPOS="692"/>
                  <String HEIGHT="74"
                          WIDTH="161"
                          VPOS="734"
                          HPOS="649"
                          CONTENT="tutius."/>
                  <SP HEIGHT="74" WIDTH="15" VPOS="734" HPOS="810"/>
                  <String HEIGHT="74" WIDTH="88" VPOS="734" HPOS="766" CONTENT="Et"/>
                  <SP HEIGHT="74" WIDTH="15" VPOS="734" HPOS="854"/>
                  <String HEIGHT="74"
                          WIDTH="117"
                          VPOS="734"
                          HPOS="810"
                          CONTENT="quia"/>
                  <SP HEIGHT="74" WIDTH="15" VPOS="734" HPOS="927"/>
                  <String HEIGHT="74"
                          WIDTH="220"
                          VPOS="734"
                          HPOS="883"
                          CONTENT="Christianae"/>
                  <SP HEIGHT="74" WIDTH="15" VPOS="734" HPOS="1103"/>
                  <String HEIGHT="74"
                          WIDTH="132"
                          VPOS="734"
                          HPOS="1059"
                          CONTENT="fidei"/>
                  <SP HEIGHT="74" WIDTH="15" VPOS="734" HPOS="1191"/>
                  <String HEIGHT="74"
                          WIDTH="132"
                          VPOS="734"
                          HPOS="1147"
                          CONTENT="uerus"/>
                  <SP HEIGHT="74" WIDTH="15" VPOS="734" HPOS="1279"/>
                  <String HEIGHT="74"
                          WIDTH="176"
                          VPOS="734"
                          HPOS="1235"
                          CONTENT="defensor"/>
                  <SP HEIGHT="74" WIDTH="15" VPOS="734" HPOS="1410"/>
                  <String HEIGHT="74"
                          WIDTH="103"
                          VPOS="734"
                          HPOS="1366"
                          CONTENT="es,"/>
                  <SP HEIGHT="74" WIDTH="15" VPOS="734" HPOS="1469"/>
                  <String HEIGHT="74"
                          WIDTH="220"
                          VPOS="734"
                          HPOS="1425"
                          CONTENT="proculdubio"/>
                  <SP HEIGHT="74" WIDTH="15" VPOS="734" HPOS="1645"/>
                  <String HEIGHT="74"
                          WIDTH="147"
                          VPOS="734"
                          HPOS="1601"
                          CONTENT="minime"/>
                  <SP HEIGHT="74" WIDTH="15" VPOS="734" HPOS="1747"/>
                  <String HEIGHT="74"
                          WIDTH="117"
                          VPOS="734"
                          HPOS="1703"
                          CONTENT="erit"/>
                  <SP HEIGHT="74" WIDTH="15" VPOS="734" HPOS="1821"/>
                  <String HEIGHT="74"
                          WIDTH="176"
                          VPOS="734"
                          HPOS="1777"
                          CONTENT="imgratum"/>
                  <SP HEIGHT="74" WIDTH="15" VPOS="734" HPOS="1953"/>
                  <String HEIGHT="74"
                          WIDTH="117"
                          VPOS="734"
                          HPOS="1909"
                          CONTENT="quod"/>
                  <SP HEIGHT="74" WIDTH="15" VPOS="734" HPOS="2026"/>
                  <String HEIGHT="74"
                          WIDTH="103"
                          VPOS="734"
                          HPOS="1982"
                          CONTENT="sub"/>
                  <SP HEIGHT="74" WIDTH="15" VPOS="734" HPOS="2084"/>
                  <String HEIGHT="74"
                          WIDTH="117"
                          VPOS="734"
                          HPOS="2026"
                          CONTENT="nomine"/>
               </TextLine>
               <TextLine ID="r1l11"
                         BASELINE="869"
                         HEIGHT="91"
                         WIDTH="1650"
                         VPOS="778"
                         HPOS="502">
                  <String HEIGHT="91"
                          WIDTH="247"
                          VPOS="778"
                          HPOS="487"
                          CONTENT="patrocinioqe"/>
                  <SP HEIGHT="91" WIDTH="15" VPOS="778" HPOS="733"/>
                  <String HEIGHT="91"
                          WIDTH="123"
                          VPOS="778"
                          HPOS="687"
                          CONTENT="R.T."/>
                  <SP HEIGHT="91" WIDTH="15" VPOS="778" HPOS="810"/>
                  <String HEIGHT="91" WIDTH="93" VPOS="778" HPOS="764" CONTENT="M."/>
                  <SP HEIGHT="91" WIDTH="15" VPOS="778" HPOS="857"/>
                  <String HEIGHT="91" WIDTH="93" VPOS="778" HPOS="810" CONTENT="in"/>
                  <SP HEIGHT="91" WIDTH="15" VPOS="778" HPOS="903"/>
                  <String HEIGHT="91"
                          WIDTH="185"
                          VPOS="778"
                          HPOS="857"
                          CONTENT="publicum"/>
                  <SP HEIGHT="91" WIDTH="15" VPOS="778" HPOS="1042"/>
                  <String HEIGHT="91"
                          WIDTH="185"
                          VPOS="778"
                          HPOS="995"
                          CONTENT="prodeunt"/>
                  <SP HEIGHT="91" WIDTH="15" VPOS="778" HPOS="1181"/>
                  <String HEIGHT="91"
                          WIDTH="185"
                          VPOS="778"
                          HPOS="1134"
                          CONTENT="Sermones"/>
                  <SP HEIGHT="91" WIDTH="15" VPOS="778" HPOS="1319"/>
                  <String HEIGHT="91"
                          WIDTH="231"
                          VPOS="778"
                          HPOS="1273"
                          CONTENT="Christiani."/>
                  <SP HEIGHT="91" WIDTH="15" VPOS="778" HPOS="1504"/>
                  <String HEIGHT="91"
                          WIDTH="139"
                          VPOS="778"
                          HPOS="1458"
                          CONTENT="Volui"/>
                  <SP HEIGHT="91" WIDTH="15" VPOS="778" HPOS="1597"/>
                  <String HEIGHT="91"
                          WIDTH="108"
                          VPOS="778"
                          HPOS="1551"
                          CONTENT="bis"/>
                  <SP HEIGHT="91" WIDTH="15" VPOS="778" HPOS="1659"/>
                  <String HEIGHT="91"
                          WIDTH="154"
                          VPOS="778"
                          HPOS="1612"
                          CONTENT="quoque"/>
                  <SP HEIGHT="91" WIDTH="15" VPOS="778" HPOS="1766"/>
                  <String HEIGHT="91"
                          WIDTH="185"
                          VPOS="778"
                          HPOS="1720"
                          CONTENT="pietatis"/>
                  <SP HEIGHT="91" WIDTH="15" VPOS="778" HPOS="1905"/>
                  <String HEIGHT="91"
                          WIDTH="185"
                          VPOS="778"
                          HPOS="1859"
                          CONTENT="negotium"/>
                  <SP HEIGHT="91" WIDTH="15" VPOS="778" HPOS="2044"/>
                  <String HEIGHT="91" WIDTH="93" VPOS="778" HPOS="1998" CONTENT="in"/>
                  <SP HEIGHT="91" WIDTH="15" VPOS="778" HPOS="2090"/>
                  <String HEIGHT="91"
                          WIDTH="123"
                          VPOS="778"
                          HPOS="2029"
                          CONTENT="Anglia"/>
               </TextLine>
               <TextLine ID="r1l12"
                         BASELINE="912"
                         HEIGHT="73"
                         WIDTH="1635"
                         VPOS="839"
                         HPOS="513">
                  <String HEIGHT="73" WIDTH="111" VPOS="839" HPOS="497" CONTENT="iam"/>
                  <SP HEIGHT="73" WIDTH="16" VPOS="839" HPOS="608"/>
                  <String HEIGHT="73"
                          WIDTH="143"
                          VPOS="839"
                          HPOS="561"
                          CONTENT="magno"/>
                  <SP HEIGHT="73" WIDTH="16" VPOS="839" HPOS="703"/>
                  <String HEIGHT="73" WIDTH="111" VPOS="839" HPOS="656" CONTENT="cum"/>
                  <SP HEIGHT="73" WIDTH="16" VPOS="839" HPOS="767"/>
                  <String HEIGHT="73"
                          WIDTH="159"
                          VPOS="839"
                          HPOS="719"
                          CONTENT="omnium"/>
                  <SP HEIGHT="73" WIDTH="16" VPOS="839" HPOS="878"/>
                  <String HEIGHT="73"
                          WIDTH="175"
                          VPOS="839"
                          HPOS="830"
                          CONTENT="bonorum"/>
                  <SP HEIGHT="73" WIDTH="16" VPOS="839" HPOS="1005"/>
                  <String HEIGHT="73"
                          WIDTH="254"
                          VPOS="839"
                          HPOS="957"
                          CONTENT="gratulatione"/>
                  <SP HEIGHT="73" WIDTH="16" VPOS="839" HPOS="1211"/>
                  <String HEIGHT="73"
                          WIDTH="222"
                          VPOS="839"
                          HPOS="1164"
                          CONTENT="renascens,"/>
                  <SP HEIGHT="73" WIDTH="16" VPOS="839" HPOS="1386"/>
                  <String HEIGHT="73"
                          WIDTH="111"
                          VPOS="839"
                          HPOS="1338"
                          CONTENT="pro"/>
                  <SP HEIGHT="73" WIDTH="16" VPOS="839" HPOS="1450"/>
                  <String HEIGHT="73"
                          WIDTH="111"
                          VPOS="839"
                          HPOS="1402"
                          CONTENT="mea"/>
                  <SP HEIGHT="73" WIDTH="16" VPOS="839" HPOS="1513"/>
                  <String HEIGHT="73"
                          WIDTH="159"
                          VPOS="839"
                          HPOS="1465"
                          CONTENT="uirili"/>
                  <SP HEIGHT="73" WIDTH="16" VPOS="839" HPOS="1624"/>
                  <String HEIGHT="73" WIDTH="79" VPOS="839" HPOS="1577" CONTENT="&amp;"/>
                  <SP HEIGHT="73" WIDTH="16" VPOS="839" HPOS="1656"/>
                  <String HEIGHT="73"
                          WIDTH="127"
                          VPOS="839"
                          HPOS="1608"
                          CONTENT="fide"/>
                  <SP HEIGHT="73" WIDTH="16" VPOS="839" HPOS="1735"/>
                  <String HEIGHT="73"
                          WIDTH="175"
                          VPOS="839"
                          HPOS="1688"
                          CONTENT="iuuare."/>
                  <SP HEIGHT="73" WIDTH="16" VPOS="839" HPOS="1862"/>
                  <String HEIGHT="73"
                          WIDTH="190"
                          VPOS="839"
                          HPOS="1815"
                          CONTENT="Copiosos"/>
                  <SP HEIGHT="73" WIDTH="16" VPOS="839" HPOS="2005"/>
                  <String HEIGHT="73"
                          WIDTH="127"
                          VPOS="839"
                          HPOS="1958"
                          CONTENT="ergo"/>
                  <SP HEIGHT="73" WIDTH="16" VPOS="839" HPOS="2085"/>
                  <String HEIGHT="73"
                          WIDTH="127"
                          VPOS="839"
                          HPOS="2021"
                          CONTENT="Sermo"
                          SUBS_TYPE="HypPart1"
                          SUBS_CONTENT="Sermones"/>
                  <HYP CONTENT="-"/>
               </TextLine>
               <TextLine ID="r1l13"
                         BASELINE="986"
                         HEIGHT="97"
                         WIDTH="1648"
                         VPOS="889"
                         HPOS="501">
                  <String HEIGHT="97"
                          WIDTH="99"
                          VPOS="889"
                          HPOS="487"
                          CONTENT="nes"
                          SUBS_TYPE="HypPart2"
                          SUBS_CONTENT="Sermones"/>
                  <SP HEIGHT="97" WIDTH="14" VPOS="889" HPOS="586"/>
                  <String HEIGHT="97"
                          WIDTH="169"
                          VPOS="889"
                          HPOS="543"
                          CONTENT="scripsi,"/>
                  <SP HEIGHT="97" WIDTH="14" VPOS="889" HPOS="712"/>
                  <String HEIGHT="97" WIDTH="85" VPOS="889" HPOS="670" CONTENT="ac"/>
                  <SP HEIGHT="97" WIDTH="14" VPOS="889" HPOS="755"/>
                  <String HEIGHT="97" WIDTH="99" VPOS="889" HPOS="712" CONTENT="res"/>
                  <SP HEIGHT="97" WIDTH="14" VPOS="889" HPOS="811"/>
                  <String HEIGHT="97" WIDTH="99" VPOS="889" HPOS="769" CONTENT="ita"/>
                  <SP HEIGHT="97" WIDTH="14" VPOS="889" HPOS="867"/>
                  <String HEIGHT="97"
                          WIDTH="169"
                          VPOS="889"
                          HPOS="825"
                          CONTENT="tractqui"/>
                  <SP HEIGHT="97" WIDTH="14" VPOS="889" HPOS="994"/>
                  <String HEIGHT="97" WIDTH="85" VPOS="889" HPOS="952" CONTENT="ut"/>
                  <SP HEIGHT="97" WIDTH="14" VPOS="889" HPOS="1036"/>
                  <String HEIGHT="97" WIDTH="85" VPOS="889" HPOS="994" CONTENT="ex"/>
                  <SP HEIGHT="97" WIDTH="14" VPOS="889" HPOS="1079"/>
                  <String HEIGHT="97" WIDTH="99" VPOS="889" HPOS="1036" CONTENT="uno"/>
                  <SP HEIGHT="97" WIDTH="14" VPOS="889" HPOS="1135"/>
                  <String HEIGHT="97"
                          WIDTH="141"
                          VPOS="889"
                          HPOS="1093"
                          CONTENT="parari"/>
                  <SP HEIGHT="97" WIDTH="14" VPOS="889" HPOS="1233"/>
                  <String HEIGHT="97"
                          WIDTH="155"
                          VPOS="889"
                          HPOS="1191"
                          CONTENT="possint"/>
                  <SP HEIGHT="97" WIDTH="14" VPOS="889" HPOS="1346"/>
                  <String HEIGHT="97"
                          WIDTH="155"
                          VPOS="889"
                          HPOS="1304"
                          CONTENT="plures."/>
                  <SP HEIGHT="97" WIDTH="14" VPOS="889" HPOS="1459"/>
                  <String HEIGHT="97" WIDTH="99" VPOS="889" HPOS="1417" CONTENT="Vbi"/>
                  <SP HEIGHT="97" WIDTH="14" VPOS="889" HPOS="1515"/>
                  <String HEIGHT="97"
                          WIDTH="183"
                          VPOS="889"
                          HPOS="1473"
                          CONTENT="prudentia"/>
                  <SP HEIGHT="97" WIDTH="14" VPOS="889" HPOS="1656"/>
                  <String HEIGHT="97"
                          WIDTH="169"
                          VPOS="889"
                          HPOS="1614"
                          CONTENT="pastorum"/>
                  <SP HEIGHT="97" WIDTH="14" VPOS="889" HPOS="1783"/>
                  <String HEIGHT="97"
                          WIDTH="127"
                          VPOS="889"
                          HPOS="1741"
                          CONTENT="nullo"/>
                  <SP HEIGHT="97" WIDTH="14" VPOS="889" HPOS="1867"/>
                  <String HEIGHT="97"
                          WIDTH="155"
                          VPOS="889"
                          HPOS="1825"
                          CONTENT="negotio"/>
                  <SP HEIGHT="97" WIDTH="14" VPOS="889" HPOS="1980"/>
                  <String HEIGHT="97"
                          WIDTH="113"
                          VPOS="889"
                          HPOS="1938"
                          CONTENT="quid"/>
                  <SP HEIGHT="97" WIDTH="14" VPOS="889" HPOS="2050"/>
                  <String HEIGHT="97"
                          WIDTH="155"
                          VPOS="889"
                          HPOS="1994"
                          CONTENT="ecclesiae"/>
               </TextLine>
               <TextLine ID="r1l14"
                         BASELINE="1039"
                         HEIGHT="81"
                         WIDTH="1629"
                         VPOS="958"
                         HPOS="516">
                  <String HEIGHT="81"
                          WIDTH="144"
                          VPOS="958"
                          HPOS="502"
                          CONTENT="cuique"/>
                  <SP HEIGHT="81" WIDTH="14" VPOS="958" HPOS="646"/>
                  <String HEIGHT="81"
                          WIDTH="202"
                          VPOS="958"
                          HPOS="602"
                          CONTENT="potissimum"/>
                  <SP HEIGHT="81" WIDTH="14" VPOS="958" HPOS="804"/>
                  <String HEIGHT="81"
                          WIDTH="173"
                          VPOS="958"
                          HPOS="761"
                          CONTENT="conducat"/>
                  <SP HEIGHT="81" WIDTH="14" VPOS="958" HPOS="934"/>
                  <String HEIGHT="81" WIDTH="72" VPOS="958" HPOS="891" CONTENT="&amp;"/>
                  <SP HEIGHT="81" WIDTH="14" VPOS="958" HPOS="963"/>
                  <String HEIGHT="81"
                          WIDTH="216"
                          VPOS="958"
                          HPOS="920"
                          CONTENT="necessarium"/>
                  <SP HEIGHT="81" WIDTH="14" VPOS="958" HPOS="1136"/>
                  <String HEIGHT="81"
                          WIDTH="101"
                          VPOS="958"
                          HPOS="1093"
                          CONTENT="sit"/>
                  <SP HEIGHT="81" WIDTH="14" VPOS="958" HPOS="1194"/>
                  <String HEIGHT="81"
                          WIDTH="216"
                          VPOS="958"
                          HPOS="1150"
                          CONTENT="intelliget."/>
                  <SP HEIGHT="81" WIDTH="14" VPOS="958" HPOS="1367"/>
                  <String HEIGHT="81" WIDTH="86" VPOS="958" HPOS="1323" CONTENT="Ac"/>
                  <SP HEIGHT="81" WIDTH="14" VPOS="958" HPOS="1410"/>
                  <String HEIGHT="81"
                          WIDTH="173"
                          VPOS="958"
                          HPOS="1367"
                          CONTENT="pastorum"/>
                  <SP HEIGHT="81" WIDTH="14" VPOS="958" HPOS="1540"/>
                  <String HEIGHT="81"
                          WIDTH="144"
                          VPOS="958"
                          HPOS="1496"
                          CONTENT="reuera"/>
                  <SP HEIGHT="81" WIDTH="14" VPOS="958" HPOS="1640"/>
                  <String HEIGHT="81"
                          WIDTH="101"
                          VPOS="958"
                          HPOS="1597"
                          CONTENT="est"/>
                  <SP HEIGHT="81" WIDTH="14" VPOS="958" HPOS="1698"/>
                  <String HEIGHT="81"
                          WIDTH="130"
                          VPOS="958"
                          HPOS="1655"
                          CONTENT="recte"/>
                  <SP HEIGHT="81" WIDTH="14" VPOS="958" HPOS="1785"/>
                  <String HEIGHT="81"
                          WIDTH="144"
                          VPOS="958"
                          HPOS="1741"
                          CONTENT="secare"/>
                  <SP HEIGHT="81" WIDTH="14" VPOS="958" HPOS="1886"/>
                  <String HEIGHT="81"
                          WIDTH="144"
                          VPOS="958"
                          HPOS="1842"
                          CONTENT="uerbum"/>
                  <SP HEIGHT="81" WIDTH="14" VPOS="958" HPOS="1986"/>
                  <String HEIGHT="81"
                          WIDTH="202"
                          VPOS="958"
                          HPOS="1943"
                          CONTENT="ueritatis,"/>
                  <SP HEIGHT="81" WIDTH="14" VPOS="958" HPOS="2145"/>
                  <String HEIGHT="81" WIDTH="58" VPOS="958" HPOS="2087" CONTENT="et"/>
               </TextLine>
               <TextLine ID="r1l15"
                         BASELINE="1088"
                         HEIGHT="85"
                         WIDTH="1619"
                         VPOS="1003"
                         HPOS="518">
                  <String HEIGHT="85"
                          WIDTH="163"
                          VPOS="1003"
                          HPOS="503"
                          CONTENT="pabulum"/>
                  <SP HEIGHT="85" WIDTH="15" VPOS="1003" HPOS="667"/>
                  <String HEIGHT="85"
                          WIDTH="134"
                          VPOS="1003"
                          HPOS="622"
                          CONTENT="uitae"/>
                  <SP HEIGHT="85" WIDTH="15" VPOS="1003" HPOS="756"/>
                  <String HEIGHT="85"
                          WIDTH="178"
                          VPOS="1003"
                          HPOS="711"
                          CONTENT="dominico"/>
                  <SP HEIGHT="85" WIDTH="15" VPOS="1003" HPOS="889"/>
                  <String HEIGHT="85"
                          WIDTH="134"
                          VPOS="1003"
                          HPOS="845"
                          CONTENT="gregi"/>
                  <SP HEIGHT="85" WIDTH="15" VPOS="1003" HPOS="978"/>
                  <String HEIGHT="85"
                          WIDTH="163"
                          VPOS="1003"
                          HPOS="934"
                          CONTENT="commode"/>
                  <SP HEIGHT="85" WIDTH="15" VPOS="1003" HPOS="1097"/>
                  <String HEIGHT="85"
                          WIDTH="253"
                          VPOS="1003"
                          HPOS="1053"
                          CONTENT="administrare."/>
                  <SP HEIGHT="85" WIDTH="15" VPOS="1003" HPOS="1305"/>
                  <String HEIGHT="85"
                          WIDTH="104"
                          VPOS="1003"
                          HPOS="1261"
                          CONTENT="His"/>
                  <SP HEIGHT="85" WIDTH="15" VPOS="1003" HPOS="1365"/>
                  <String HEIGHT="85"
                          WIDTH="104"
                          VPOS="1003"
                          HPOS="1320"
                          CONTENT="non"/>
                  <SP HEIGHT="85" WIDTH="15" VPOS="1003" HPOS="1424"/>
                  <String HEIGHT="85"
                          WIDTH="178"
                          VPOS="1003"
                          HPOS="1379"
                          CONTENT="ingratum"/>
                  <SP HEIGHT="85" WIDTH="15" VPOS="1003" HPOS="1558"/>
                  <String HEIGHT="85"
                          WIDTH="149"
                          VPOS="1003"
                          HPOS="1513"
                          CONTENT="fueru,"/>
                  <SP HEIGHT="85" WIDTH="15" VPOS="1003" HPOS="1662"/>
                  <String HEIGHT="85"
                          WIDTH="149"
                          VPOS="1003"
                          HPOS="1617"
                          CONTENT="spero,"/>
                  <SP HEIGHT="85" WIDTH="15" VPOS="1003" HPOS="1766"/>
                  <String HEIGHT="85"
                          WIDTH="119"
                          VPOS="1003"
                          HPOS="1721"
                          CONTENT="quod"/>
                  <SP HEIGHT="85" WIDTH="15" VPOS="1003" HPOS="1840"/>
                  <String HEIGHT="85" WIDTH="89" VPOS="1003" HPOS="1795" CONTENT="in"/>
                  <SP HEIGHT="85" WIDTH="15" VPOS="1003" HPOS="1884"/>
                  <String HEIGHT="85"
                          WIDTH="119"
                          VPOS="1003"
                          HPOS="1840"
                          CONTENT="his,"/>
                  <SP HEIGHT="85" WIDTH="15" VPOS="1003" HPOS="1959"/>
                  <String HEIGHT="85"
                          WIDTH="149"
                          VPOS="1003"
                          HPOS="1914"
                          CONTENT="ijsdem"/>
                  <SP HEIGHT="85" WIDTH="15" VPOS="1003" HPOS="2063"/>
                  <String HEIGHT="85"
                          WIDTH="134"
                          VPOS="1003"
                          HPOS="2018"
                          CONTENT="saepe"/>
                  <SP HEIGHT="85" WIDTH="15" VPOS="1003" HPOS="2152"/>
                  <String HEIGHT="85" WIDTH="45" VPOS="1003" HPOS="2092" CONTENT="r"/>
               </TextLine>
               <TextLine ID="r1l16"
                         BASELINE="1135"
                         HEIGHT="75"
                         WIDTH="1634"
                         VPOS="1060"
                         HPOS="512">
                  <String HEIGHT="75"
                          WIDTH="117"
                          VPOS="1060"
                          HPOS="497"
                          CONTENT="bus,"/>
                  <SP HEIGHT="75" WIDTH="15" VPOS="1060" HPOS="614"/>
                  <String HEIGHT="75"
                          WIDTH="146"
                          VPOS="1060"
                          HPOS="570"
                          CONTENT="ijsdem"/>
                  <SP HEIGHT="75" WIDTH="15" VPOS="1060" HPOS="716"/>
                  <String HEIGHT="75"
                          WIDTH="219"
                          VPOS="1060"
                          HPOS="672"
                          CONTENT="argumentis,"/>
                  <SP HEIGHT="75" WIDTH="15" VPOS="1060" HPOS="891"/>
                  <String HEIGHT="75"
                          WIDTH="160"
                          VPOS="1060"
                          HPOS="848"
                          CONTENT="adeoque"/>
                  <SP HEIGHT="75" WIDTH="15" VPOS="1060" HPOS="1008"/>
                  <String HEIGHT="75" WIDTH="73" VPOS="1060" HPOS="964" CONTENT="&amp;"/>
                  <SP HEIGHT="75" WIDTH="15" VPOS="1060" HPOS="1037"/>
                  <String HEIGHT="75"
                          WIDTH="146"
                          VPOS="1060"
                          HPOS="993"
                          CONTENT="ijsdem"/>
                  <SP HEIGHT="75" WIDTH="15" VPOS="1060" HPOS="1139"/>
                  <String HEIGHT="75"
                          WIDTH="146"
                          VPOS="1060"
                          HPOS="1096"
                          CONTENT="uerbis"/>
                  <SP HEIGHT="75" WIDTH="15" VPOS="1060" HPOS="1241"/>
                  <String HEIGHT="75"
                          WIDTH="131"
                          VPOS="1060"
                          HPOS="1198"
                          CONTENT="utor,"/>
                  <SP HEIGHT="75" WIDTH="15" VPOS="1060" HPOS="1329"/>
                  <String HEIGHT="75"
                          WIDTH="146"
                          VPOS="1060"
                          HPOS="1285"
                          CONTENT="quibus"/>
                  <SP HEIGHT="75" WIDTH="15" VPOS="1060" HPOS="1431"/>
                  <String HEIGHT="75"
                          WIDTH="117"
                          VPOS="1060"
                          HPOS="1387"
                          CONTENT="alij"/>
                  <SP HEIGHT="75" WIDTH="15" VPOS="1060" HPOS="1504"/>
                  <String HEIGHT="75"
                          WIDTH="117"
                          VPOS="1060"
                          HPOS="1460"
                          CONTENT="ante"/>
                  <SP HEIGHT="75" WIDTH="15" VPOS="1060" HPOS="1577"/>
                  <String HEIGHT="75" WIDTH="88" VPOS="1060" HPOS="1533" CONTENT="me"/>
                  <SP HEIGHT="75" WIDTH="15" VPOS="1060" HPOS="1621"/>
                  <String HEIGHT="75"
                          WIDTH="102"
                          VPOS="1060"
                          HPOS="1577"
                          CONTENT="cum"/>
                  <SP HEIGHT="75" WIDTH="15" VPOS="1060" HPOS="1679"/>
                  <String HEIGHT="75"
                          WIDTH="160"
                          VPOS="1060"
                          HPOS="1635"
                          CONTENT="ueteres"/>
                  <SP HEIGHT="75" WIDTH="15" VPOS="1060" HPOS="1796"/>
                  <String HEIGHT="75"
                          WIDTH="102"
                          VPOS="1060"
                          HPOS="1752"
                          CONTENT="tum"/>
                  <SP HEIGHT="75" WIDTH="15" VPOS="1060" HPOS="1854"/>
                  <String HEIGHT="75"
                          WIDTH="117"
                          VPOS="1060"
                          HPOS="1810"
                          CONTENT="noui"/>
                  <SP HEIGHT="75" WIDTH="15" VPOS="1060" HPOS="1927"/>
                  <String HEIGHT="75"
                          WIDTH="204"
                          VPOS="1060"
                          HPOS="1883"
                          CONTENT="scriptores"/>
                  <SP HEIGHT="75" WIDTH="15" VPOS="1060" HPOS="2088"/>
                  <String HEIGHT="75" WIDTH="73" VPOS="1060" HPOS="2044" CONTENT="("/>
                  <SP HEIGHT="75" WIDTH="15" VPOS="1060" HPOS="2117"/>
                  <String HEIGHT="75"
                          WIDTH="88"
                          VPOS="1060"
                          HPOS="2058"
                          CONTENT="quos"/>
               </TextLine>
               <TextLine ID="r1l17"
                         BASELINE="1206"
                         HEIGHT="95"
                         WIDTH="1652"
                         VPOS="1111"
                         HPOS="506">
                  <String HEIGHT="95"
                          WIDTH="194"
                          VPOS="1111"
                          HPOS="492"
                          CONTENT="scripturas"/>
                  <SP HEIGHT="95" WIDTH="14" VPOS="1111" HPOS="686"/>
                  <String HEIGHT="95"
                          WIDTH="167"
                          VPOS="1111"
                          HPOS="645"
                          CONTENT="sequutos"/>
                  <SP HEIGHT="95" WIDTH="14" VPOS="1111" HPOS="811"/>
                  <String HEIGHT="95"
                          WIDTH="167"
                          VPOS="1111"
                          HPOS="770"
                          CONTENT="iudicaui"/>
                  <SP HEIGHT="95" WIDTH="14" VPOS="1111" HPOS="936"/>
                  <String HEIGHT="95"
                          WIDTH="111"
                          VPOS="1111"
                          HPOS="895"
                          CONTENT=")usi"/>
                  <SP HEIGHT="95" WIDTH="14" VPOS="1111" HPOS="1006"/>
                  <String HEIGHT="95"
                          WIDTH="125"
                          VPOS="1111"
                          HPOS="964"
                          CONTENT="sunt,"/>
                  <SP HEIGHT="95" WIDTH="14" VPOS="1111" HPOS="1089"/>
                  <String HEIGHT="95"
                          WIDTH="153"
                          VPOS="1111"
                          HPOS="1047"
                          CONTENT="denique"/>
                  <SP HEIGHT="95" WIDTH="14" VPOS="1111" HPOS="1200"/>
                  <String HEIGHT="95"
                          WIDTH="139"
                          VPOS="1111"
                          HPOS="1158"
                          CONTENT="quibus"/>
                  <SP HEIGHT="95" WIDTH="14" VPOS="1111" HPOS="1297"/>
                  <String HEIGHT="95"
                          WIDTH="111"
                          VPOS="1111"
                          HPOS="1256"
                          CONTENT="ipse"/>
                  <SP HEIGHT="95" WIDTH="14" VPOS="1111" HPOS="1367"/>
                  <String HEIGHT="95"
                          WIDTH="139"
                          VPOS="1111"
                          HPOS="1325"
                          CONTENT="quoque"/>
                  <SP HEIGHT="95" WIDTH="14" VPOS="1111" HPOS="1464"/>
                  <String HEIGHT="95"
                          WIDTH="111"
                          VPOS="1111"
                          HPOS="1422"
                          CONTENT="usus"/>
                  <SP HEIGHT="95" WIDTH="14" VPOS="1111" HPOS="1533"/>
                  <String HEIGHT="95"
                          WIDTH="97"
                          VPOS="1111"
                          HPOS="1492"
                          CONTENT="sum"/>
                  <SP HEIGHT="95" WIDTH="14" VPOS="1111" HPOS="1589"/>
                  <String HEIGHT="95" WIDTH="83" VPOS="1111" HPOS="1547" CONTENT="in"/>
                  <SP HEIGHT="95" WIDTH="14" VPOS="1111" HPOS="1630"/>
                  <String HEIGHT="95"
                          WIDTH="125"
                          VPOS="1111"
                          HPOS="1589"
                          CONTENT="alijs"/>
                  <SP HEIGHT="95" WIDTH="14" VPOS="1111" HPOS="1714"/>
                  <String HEIGHT="95"
                          WIDTH="111"
                          VPOS="1111"
                          HPOS="1672"
                          CONTENT="meis"/>
                  <SP HEIGHT="95" WIDTH="14" VPOS="1111" HPOS="1783"/>
                  <String HEIGHT="95"
                          WIDTH="139"
                          VPOS="1111"
                          HPOS="1742"
                          CONTENT="libris"/>
                  <SP HEIGHT="95" WIDTH="14" VPOS="1111" HPOS="1880"/>
                  <String HEIGHT="95"
                          WIDTH="125"
                          VPOS="1111"
                          HPOS="1839"
                          CONTENT="antea"/>
                  <SP HEIGHT="95" WIDTH="14" VPOS="1111" HPOS="1964"/>
                  <String HEIGHT="95" WIDTH="69" VPOS="1111" HPOS="1922" CONTENT="a"/>
                  <SP HEIGHT="95" WIDTH="14" VPOS="1111" HPOS="1991"/>
                  <String HEIGHT="95" WIDTH="83" VPOS="1111" HPOS="1950" CONTENT="me"/>
                  <SP HEIGHT="95" WIDTH="14" VPOS="1111" HPOS="2033"/>
                  <String HEIGHT="95"
                          WIDTH="153"
                          VPOS="1111"
                          HPOS="1991"
                          CONTENT="editis."/>
                  <SP HEIGHT="95" WIDTH="14" VPOS="1111" HPOS="2144"/>
                  <String HEIGHT="95"
                          WIDTH="69"
                          VPOS="1111"
                          HPOS="2089"
                          CONTENT="Nam"/>
               </TextLine>
               <TextLine ID="r1l18"
                         BASELINE="1244"
                         HEIGHT="69"
                         WIDTH="1650"
                         VPOS="1175"
                         HPOS="504">
                  <String HEIGHT="69" WIDTH="89" VPOS="1175" HPOS="489" CONTENT="ut"/>
                  <SP HEIGHT="69" WIDTH="15" VPOS="1175" HPOS="578"/>
                  <String HEIGHT="69"
                          WIDTH="178"
                          VPOS="1175"
                          HPOS="534"
                          CONTENT="doctrina"/>
                  <SP HEIGHT="69" WIDTH="15" VPOS="1175" HPOS="712"/>
                  <String HEIGHT="69"
                          WIDTH="119"
                          VPOS="1175"
                          HPOS="668"
                          CONTENT="sibi"/>
                  <SP HEIGHT="69" WIDTH="15" VPOS="1175" HPOS="786"/>
                  <String HEIGHT="69"
                          WIDTH="149"
                          VPOS="1175"
                          HPOS="742"
                          CONTENT="semper"/>
                  <SP HEIGHT="69" WIDTH="15" VPOS="1175" HPOS="890"/>
                  <String HEIGHT="69" WIDTH="74" VPOS="1175" HPOS="846" CONTENT="&amp;"/>
                  <SP HEIGHT="69" WIDTH="15" VPOS="1175" HPOS="920"/>
                  <String HEIGHT="69"
                          WIDTH="104"
                          VPOS="1175"
                          HPOS="876"
                          CONTENT="per"/>
                  <SP HEIGHT="69" WIDTH="15" VPOS="1175" HPOS="980"/>
                  <String HEIGHT="69"
                          WIDTH="134"
                          VPOS="1175"
                          HPOS="935"
                          CONTENT="omnia"/>
                  <SP HEIGHT="69" WIDTH="15" VPOS="1175" HPOS="1069"/>
                  <String HEIGHT="69"
                          WIDTH="223"
                          VPOS="1175"
                          HPOS="1024"
                          CONTENT="consentiens"/>
                  <SP HEIGHT="69" WIDTH="15" VPOS="1175" HPOS="1247"/>
                  <String HEIGHT="69"
                          WIDTH="149"
                          VPOS="1175"
                          HPOS="1203"
                          CONTENT="tutior"/>
                  <SP HEIGHT="69" WIDTH="15" VPOS="1175" HPOS="1351"/>
                  <String HEIGHT="69"
                          WIDTH="119"
                          VPOS="1175"
                          HPOS="1307"
                          CONTENT="est,"/>
                  <SP HEIGHT="69" WIDTH="15" VPOS="1175" HPOS="1426"/>
                  <String HEIGHT="69"
                          WIDTH="104"
                          VPOS="1175"
                          HPOS="1381"
                          CONTENT="ita"/>
                  <SP HEIGHT="69" WIDTH="15" VPOS="1175" HPOS="1485"/>
                  <String HEIGHT="69"
                          WIDTH="149"
                          VPOS="1175"
                          HPOS="1440"
                          CONTENT="semper"/>
                  <SP HEIGHT="69" WIDTH="15" VPOS="1175" HPOS="1589"/>
                  <String HEIGHT="69"
                          WIDTH="164"
                          VPOS="1175"
                          HPOS="1545"
                          CONTENT="laudari"/>
                  <SP HEIGHT="69" WIDTH="15" VPOS="1175" HPOS="1708"/>
                  <String HEIGHT="69"
                          WIDTH="149"
                          VPOS="1175"
                          HPOS="1663"
                          CONTENT="meruit"/>
                  <SP HEIGHT="69" WIDTH="15" VPOS="1175" HPOS="1812"/>
                  <String HEIGHT="69" WIDTH="74" VPOS="1175" HPOS="1768" CONTENT="a"/>
                  <SP HEIGHT="69" WIDTH="15" VPOS="1175" HPOS="1842"/>
                  <String HEIGHT="69"
                          WIDTH="134"
                          VPOS="1175"
                          HPOS="1797"
                          CONTENT="bonis"/>
                  <SP HEIGHT="69" WIDTH="15" VPOS="1175" HPOS="1931"/>
                  <String HEIGHT="69"
                          WIDTH="178"
                          VPOS="1175"
                          HPOS="1886"
                          CONTENT="omnibus."/>
                  <SP HEIGHT="69" WIDTH="15" VPOS="1175" HPOS="2065"/>
                  <String HEIGHT="69" WIDTH="89" VPOS="1175" HPOS="2020" CONTENT="Si"/>
                  <SP HEIGHT="69" WIDTH="15" VPOS="1175" HPOS="2109"/>
                  <String HEIGHT="69"
                          WIDTH="104"
                          VPOS="1175"
                          HPOS="2050"
                          CONTENT="domi"
                          SUBS_TYPE="HypPart1"
                          SUBS_CONTENT="dominus"/>
                  <HYP CONTENT="-"/>
               </TextLine>
               <TextLine ID="r1l19"
                         BASELINE="1309"
                         HEIGHT="73"
                         WIDTH="1639"
                         VPOS="1236"
                         HPOS="512">
                  <String HEIGHT="73"
                          WIDTH="102"
                          VPOS="1236"
                          HPOS="497"
                          CONTENT="nus"
                          SUBS_TYPE="HypPart2"
                          SUBS_CONTENT="dominus"/>
                  <SP HEIGHT="73" WIDTH="15" VPOS="1236" HPOS="600"/>
                  <String HEIGHT="73"
                          WIDTH="146"
                          VPOS="1236"
                          HPOS="556"
                          CONTENT="uitam,"/>
                  <SP HEIGHT="73" WIDTH="15" VPOS="1236" HPOS="702"/>
                  <String HEIGHT="73"
                          WIDTH="146"
                          VPOS="1236"
                          HPOS="658"
                          CONTENT="otium,"/>
                  <SP HEIGHT="73" WIDTH="15" VPOS="1236" HPOS="805"/>
                  <String HEIGHT="73"
                          WIDTH="176"
                          VPOS="1236"
                          HPOS="761"
                          CONTENT="uiresque"/>
                  <SP HEIGHT="73" WIDTH="15" VPOS="1236" HPOS="936"/>
                  <String HEIGHT="73"
                          WIDTH="234"
                          VPOS="1236"
                          HPOS="892"
                          CONTENT="concesserit,"/>
                  <SP HEIGHT="73" WIDTH="15" VPOS="1236" HPOS="1127"/>
                  <String HEIGHT="73"
                          WIDTH="132"
                          VPOS="1236"
                          HPOS="1083"
                          CONTENT="breui"/>
                  <SP HEIGHT="73" WIDTH="15" VPOS="1236" HPOS="1214"/>
                  <String HEIGHT="73"
                          WIDTH="132"
                          VPOS="1236"
                          HPOS="1171"
                          CONTENT="alios"/>
                  <SP HEIGHT="73" WIDTH="15" VPOS="1236" HPOS="1302"/>
                  <String HEIGHT="73"
                          WIDTH="146"
                          VPOS="1236"
                          HPOS="1258"
                          CONTENT="quoque"/>
                  <SP HEIGHT="73" WIDTH="15" VPOS="1236" HPOS="1405"/>
                  <String HEIGHT="73"
                          WIDTH="176"
                          VPOS="1236"
                          HPOS="1361"
                          CONTENT="Sermones"/>
                  <SP HEIGHT="73" WIDTH="15" VPOS="1236" HPOS="1536"/>
                  <String HEIGHT="73"
                          WIDTH="117"
                          VPOS="1236"
                          HPOS="1492"
                          CONTENT="octo"/>
                  <SP HEIGHT="73" WIDTH="15" VPOS="1236" HPOS="1610"/>
                  <String HEIGHT="73"
                          WIDTH="161"
                          VPOS="1236"
                          HPOS="1566"
                          CONTENT="Decadis"/>
                  <SP HEIGHT="73" WIDTH="15" VPOS="1236" HPOS="1727"/>
                  <String HEIGHT="73" WIDTH="73" VPOS="1236" HPOS="1683" CONTENT="4"/>
                  <SP HEIGHT="73" WIDTH="15" VPOS="1236" HPOS="1756"/>
                  <String HEIGHT="73"
                          WIDTH="176"
                          VPOS="1236"
                          HPOS="1712"
                          CONTENT="residuos"/>
                  <SP HEIGHT="73" WIDTH="15" VPOS="1236" HPOS="1888"/>
                  <String HEIGHT="73"
                          WIDTH="205"
                          VPOS="1236"
                          HPOS="1844"
                          CONTENT="adiinciam."/>
                  <SP HEIGHT="73" WIDTH="15" VPOS="1236" HPOS="2049"/>
                  <String HEIGHT="73"
                          WIDTH="132"
                          VPOS="1236"
                          HPOS="2005"
                          CONTENT="Omnia"/>
                  <SP HEIGHT="73" WIDTH="15" VPOS="1236" HPOS="2136"/>
                  <String HEIGHT="73"
                          WIDTH="73"
                          VPOS="1236"
                          HPOS="2078"
                          CONTENT="au"
                          SUBS_TYPE="HypPart1"
                          SUBS_CONTENT="autem"/>
                  <HYP CONTENT="-"/>
               </TextLine>
               <TextLine ID="r1l20"
                         BASELINE="1358"
                         HEIGHT="69"
                         WIDTH="1637"
                         VPOS="1289"
                         HPOS="508">
                  <String HEIGHT="69"
                          WIDTH="106"
                          VPOS="1289"
                          HPOS="493"
                          CONTENT="tem"
                          SUBS_TYPE="HypPart2"
                          SUBS_CONTENT="autem"/>
                  <SP HEIGHT="69" WIDTH="15" VPOS="1289" HPOS="599"/>
                  <String HEIGHT="69"
                          WIDTH="121"
                          VPOS="1289"
                          HPOS="553"
                          CONTENT="baec"/>
                  <SP HEIGHT="69" WIDTH="15" VPOS="1289" HPOS="675"/>
                  <String HEIGHT="69"
                          WIDTH="167"
                          VPOS="1289"
                          HPOS="629"
                          CONTENT="profero"/>
                  <SP HEIGHT="69" WIDTH="15" VPOS="1289" HPOS="796"/>
                  <String HEIGHT="69"
                          WIDTH="136"
                          VPOS="1289"
                          HPOS="751"
                          CONTENT="saluo"/>
                  <SP HEIGHT="69" WIDTH="15" VPOS="1289" HPOS="887"/>
                  <String HEIGHT="69"
                          WIDTH="152"
                          VPOS="1289"
                          HPOS="841"
                          CONTENT="semper"/>
                  <SP HEIGHT="69" WIDTH="15" VPOS="1289" HPOS="993"/>
                  <String HEIGHT="69" WIDTH="76" VPOS="1289" HPOS="948" CONTENT="&amp;"/>
                  <SP HEIGHT="69" WIDTH="15" VPOS="1289" HPOS="1023"/>
                  <String HEIGHT="69"
                          WIDTH="182"
                          VPOS="1289"
                          HPOS="978"
                          CONTENT="illibato"/>
                  <SP HEIGHT="69" WIDTH="15" VPOS="1289" HPOS="1160"/>
                  <String HEIGHT="69"
                          WIDTH="212"
                          VPOS="1289"
                          HPOS="1114"
                          CONTENT="orthodoxae"/>
                  <SP HEIGHT="69" WIDTH="15" VPOS="1289" HPOS="1327"/>
                  <String HEIGHT="69"
                          WIDTH="197"
                          VPOS="1289"
                          HPOS="1281"
                          CONTENT="ecclesiae"/>
                  <SP HEIGHT="69" WIDTH="15" VPOS="1289" HPOS="1478"/>
                  <String HEIGHT="69"
                          WIDTH="182"
                          VPOS="1289"
                          HPOS="1433"
                          CONTENT="iudicio."/>
                  <SP HEIGHT="69" WIDTH="15" VPOS="1289" HPOS="1614"/>
                  <String HEIGHT="69"
                          WIDTH="167"
                          VPOS="1289"
                          HPOS="1569"
                          CONTENT="Dominus"/>
                  <SP HEIGHT="69" WIDTH="15" VPOS="1289" HPOS="1736"/>
                  <String HEIGHT="69"
                          WIDTH="152"
                          VPOS="1289"
                          HPOS="1690"
                          CONTENT="lesus,"/>
                  <SP HEIGHT="69" WIDTH="15" VPOS="1289" HPOS="1842"/>
                  <String HEIGHT="69"
                          WIDTH="106"
                          VPOS="1289"
                          HPOS="1796"
                          CONTENT="rex"/>
                  <SP HEIGHT="69" WIDTH="15" VPOS="1289" HPOS="1902"/>
                  <String HEIGHT="69"
                          WIDTH="136"
                          VPOS="1289"
                          HPOS="1857"
                          CONTENT="regum"/>
                  <SP HEIGHT="69" WIDTH="15" VPOS="1289" HPOS="1993"/>
                  <String HEIGHT="69" WIDTH="76" VPOS="1289" HPOS="1948" CONTENT="&amp;"/>
                  <SP HEIGHT="69" WIDTH="15" VPOS="1289" HPOS="2024"/>
                  <String HEIGHT="69"
                          WIDTH="167"
                          VPOS="1289"
                          HPOS="1978"
                          CONTENT="dominus"/>
                  <SP HEIGHT="69" WIDTH="15" VPOS="1289" HPOS="2145"/>
                  <String HEIGHT="69" WIDTH="61" VPOS="1289" HPOS="2084" CONTENT="do"/>
               </TextLine>
               <TextLine ID="r1l21"
                         BASELINE="1428"
                         HEIGHT="87"
                         WIDTH="1641"
                         VPOS="1341"
                         HPOS="509">
                  <String HEIGHT="87"
                          WIDTH="211"
                          VPOS="1341"
                          HPOS="494"
                          CONTENT="minantium,"/>
                  <SP HEIGHT="87" WIDTH="15" VPOS="1341" HPOS="705"/>
                  <String HEIGHT="87"
                          WIDTH="135"
                          VPOS="1341"
                          HPOS="660"
                          CONTENT="ducat"/>
                  <SP HEIGHT="87" WIDTH="15" VPOS="1341" HPOS="795"/>
                  <String HEIGHT="87" WIDTH="90" VPOS="1341" HPOS="750" CONTENT="te"/>
                  <SP HEIGHT="87" WIDTH="15" VPOS="1341" HPOS="840"/>
                  <String HEIGHT="87"
                          WIDTH="166"
                          VPOS="1341"
                          HPOS="795"
                          CONTENT="spiritu"/>
                  <SP HEIGHT="87" WIDTH="15" VPOS="1341" HPOS="961"/>
                  <String HEIGHT="87"
                          WIDTH="120"
                          VPOS="1341"
                          HPOS="915"
                          CONTENT="suo,"/>
                  <SP HEIGHT="87" WIDTH="15" VPOS="1341" HPOS="1036"/>
                  <String HEIGHT="87" WIDTH="75" VPOS="1341" HPOS="991" CONTENT="&amp;"/>
                  <SP HEIGHT="87" WIDTH="15" VPOS="1341" HPOS="1066"/>
                  <String HEIGHT="87"
                          WIDTH="166"
                          VPOS="1341"
                          HPOS="1021"
                          CONTENT="tucatur"/>
                  <SP HEIGHT="87" WIDTH="15" VPOS="1341" HPOS="1186"/>
                  <String HEIGHT="87" WIDTH="90" VPOS="1341" HPOS="1141" CONTENT="ad"/>
                  <SP HEIGHT="87" WIDTH="15" VPOS="1341" HPOS="1232"/>
                  <String HEIGHT="87"
                          WIDTH="166"
                          VPOS="1341"
                          HPOS="1186"
                          CONTENT="gloriam"/>
                  <SP HEIGHT="87" WIDTH="15" VPOS="1341" HPOS="1352"/>
                  <String HEIGHT="87"
                          WIDTH="166"
                          VPOS="1341"
                          HPOS="1307"
                          CONTENT="nominis"/>
                  <SP HEIGHT="87" WIDTH="15" VPOS="1341" HPOS="1473"/>
                  <String HEIGHT="87"
                          WIDTH="105"
                          VPOS="1341"
                          HPOS="1427"
                          CONTENT="sui"/>
                  <SP HEIGHT="87" WIDTH="15" VPOS="1341" HPOS="1533"/>
                  <String HEIGHT="87" WIDTH="75" VPOS="1341" HPOS="1488" CONTENT="&amp;"/>
                  <SP HEIGHT="87" WIDTH="15" VPOS="1341" HPOS="1563"/>
                  <String HEIGHT="87"
                          WIDTH="151"
                          VPOS="1341"
                          HPOS="1518"
                          CONTENT="totius"/>
                  <SP HEIGHT="87" WIDTH="15" VPOS="1341" HPOS="1668"/>
                  <String HEIGHT="87"
                          WIDTH="135"
                          VPOS="1341"
                          HPOS="1623"
                          CONTENT="regni"/>
                  <SP HEIGHT="87" WIDTH="15" VPOS="1341" HPOS="1759"/>
                  <String HEIGHT="87"
                          WIDTH="271"
                          VPOS="1341"
                          HPOS="1713"
                          CONTENT="incolumitatem."/>
                  <SP HEIGHT="87" WIDTH="15" VPOS="1341" HPOS="1984"/>
                  <String HEIGHT="87"
                          WIDTH="166"
                          VPOS="1341"
                          HPOS="1939"
                          CONTENT="Tiguri,"/>
                  <SP HEIGHT="87" WIDTH="15" VPOS="1341" HPOS="2105"/>
                  <String HEIGHT="87"
                          WIDTH="105"
                          VPOS="1341"
                          HPOS="2045"
                          CONTENT="Mense"/>
               </TextLine>
               <TextLine ID="r1l22"
                         BASELINE="1487"
                         HEIGHT="75"
                         WIDTH="456"
                         VPOS="1412"
                         HPOS="508">
                  <String HEIGHT="75"
                          WIDTH="209"
                          VPOS="1412"
                          HPOS="489"
                          CONTENT="Martio,"/>
                  <SP HEIGHT="75" WIDTH="19" VPOS="1412" HPOS="698"/>
                  <String HEIGHT="75"
                          WIDTH="152"
                          VPOS="1412"
                          HPOS="641"
                          CONTENT="Anno"/>
                  <SP HEIGHT="75" WIDTH="19" VPOS="1412" HPOS="793"/>
                  <String HEIGHT="75"
                          WIDTH="190"
                          VPOS="1412"
                          HPOS="736"
                          CONTENT="domini"/>
                  <SP HEIGHT="75" WIDTH="19" VPOS="1412" HPOS="926"/>
                  <String HEIGHT="75"
                          WIDTH="114"
                          VPOS="1412"
                          HPOS="850"
                          CONTENT="1SSo"/>
               </TextLine>
            </TextBlock>
         </PrintSpace>
      </Page>
   </Layout>
</alto>
