2288 3632
99 302 178 86 suas
210 302 335 86 uendiderunt
478 302 156 86 aut
567 302 357 86 reliquerunt,
857 302 245 86 quomodo
1036 302 357 86 coenobitarum
1326 302 178 86 more
1437 302 379 86 cohabitarunt?

92 362 198 89 Nihil
224 362 176 89 ergo
335 362 154 89 est
423 362 198 89 aliud
555 362 176 89 quod
665 362 198 89 Lucas
798 362 221 89 dicit,
952 362 265 89 Quotquot
1151 362 331 89 crediderant
1415 362 198 89 erant
1525 362 243 89 coniuncti

99 427 170 77 quam
205 427 192 77 erant
333 427 298 77 frequentes
567 427 128 77 in
631 427 234 77 templo.
801 427 192 77 Nihil
929 427 170 77 ergo
1036 427 170 77 fuit
1142 427 170 77 illa
1249 427 341 77 communicatio
1525 427 234 77 bonorum
1675 427 106 77 in-

100 489 149 70 ter
185 489 318 70 Christianos
439 489 191 70 aliud
567 489 170 70 quam
673 489 170 70 quod
779 489 255 70 ditiores
970 489 212 70 domos,
1118 489 212 70 agros,
1267 489 106 70 &
1309 489 233 70 praedia
1479 489 297 70 uendebant,
1691 489 85 70 ut

91 534 249 84 collatis
278 534 124 84 in
340 534 166 84 unum
443 534 249 84 pecunijs
630 534 352 84 succurreretur
920 534 373 84 pauperioribus,
1230 534 124 84 ne
1293 534 186 84 famis
1417 534 311 84 improbitate
1645 534 124 84 ada-

105 588 145 80 cti
188 588 125 80 ad
251 588 270 80 ludaismum
459 588 374 80 reuerterentur.
770 588 166 80 Quin
874 588 270 80 plerisque
1082 588 229 80 Actorum
1248 588 187 80 locis
1373 588 249 80 legimus,
1539 588 229 80 Christia-

95 656 152 68 nos
182 656 195 68 domos
312 656 108 68 &
356 656 304 68 propriarum
594 656 304 68 facultatum
833 656 173 68 sibi
941 656 304 68 retinuisse
1180 656 455 68 administrationem,
1570 656 130 68 ut
1613 656 152 68 Acto.

101 699 121 83 9.
161 699 222 83 legitur
323 699 121 83 de
383 699 222 83 Tabitha
545 699 141 83 qua
625 699 182 83 plena
746 699 202 83 fuerit
887 699 242 83 operibus
1069 699 202 83 bonis,
1210 699 222 83 tunicas
1372 699 101 83 &
1412 699 202 83 uestes
1553 699 222 83 faciens
1694 699 81 83 ui

103 765 168 81 duis
208 765 105 81 &
250 765 316 81 pauperibus.
503 765 147 81 12.
587 765 168 81 cap.
692 765 232 81 legimus
861 765 211 81 Petrum
1008 765 274 81 apostolum
1219 765 232 81 eductum
1387 765 105 81 e
1429 765 232 81 carcere
1577 765 189 81 uenisse

90 820 133 84 ad
156 820 200 84 domum
290 820 222 84 Mariae
445 820 222 84 matris
601 820 244 84 Ioannis
778 820 311 84 cognomento
1023 820 222 84 Marci,
1178 820 155 84 ubi
1267 820 200 84 multi
1400 820 200 84 erant
1511 820 267 84 congregati

100 874 238 69 orantes.
279 874 139 69 Non
358 874 179 69 dicit
477 874 298 69 habitantes,
716 874 139 69 sed
795 874 238 69 orantes,
974 874 119 69 ut
1033 874 278 69 intelligas
1252 874 119 69 in
1311 874 119 69 ea
1371 874 159 69 domo
1470 874 278 69 conuenisse
1669 874 99 69 ec-

103 926 241 77 clesiam
279 926 132 77 ad
344 926 263 77 orandum,
542 926 219 77 Rursus
695 926 175 77 cap.
805 926 132 77 9.
871 926 197 77 manet
1002 926 219 77 Petrus
1156 926 175 77 apud
1266 926 241 77 Simonem
1441 926 285 77 coriarium
1638 926 132 77 dies

92 979 225 89 multos,
255 979 205 89 utique
398 979 164 89 apud
501 979 225 89 hominem
664 979 307 89 Christianum
910 979 184 89 aedes
1033 979 164 89 suas
1135 979 307 89 retinentem.
1380 979 123 89 Et
1442 979 164 89 cap.
1544 979 143 89 11.
1605 979 164 89 disci-

91 1036 160 77 puli
191 1036 180 77 prout
311 1036 200 77 cuique
450 1036 299 77 suppetebat,
690 1036 260 77 subsidium
890 1036 260 77 mittebant
1089 1036 260 77 fratribus
1289 1036 319 77 habitantibus
1548 1036 120 77 in
1588 1036 180 77 ludaea.

89 1096 178 76 Ecce,
208 1096 178 76 Prout
326 1096 217 76 cuique,
484 1096 158 76 ait,
583 1096 296 76 suppetebat.
820 1096 158 76 Quid
919 1096 178 76 autem
1037 1096 198 76 cuique
1176 1096 257 76 suppetere
1373 1096 277 76 potuisset,
1590 1096 119 76 si
1630 1096 138 76 nihil

95 1150 338 82 possedissent?
374 1150 139 82 16.
453 1150 159 82 cap.
553 1150 179 82 Lydia
672 1150 278 82 purpuraria
891 1150 139 82 cum
970 1150 179 82 esset
1090 1150 259 82 baptizata
1289 1150 239 82 dicebat,
1468 1150 119 82 Si
1527 1150 119 82 me
1587 1150 219 82 fidelem

89 1215 220 81 domino
243 1215 308 81 iudicatis,
485 1215 264 81 introite
682 1215 132 81 in
748 1215 198 81 domum
880 1215 198 81 meam,
1012 1215 110 81 &
1056 1215 220 81 manete
1210 1215 176 81 apud
1320 1215 154 81 me.
1407 1215 154 81 Cur
1495 1215 154 81 non
1583 1215 220 81 dicit,

91 1259 248 75 Vendite
272 1259 203 75 domum
407 1259 203 75 meam:
542 1259 180 75 sed,
655 1259 271 75 Introite
858 1259 135 75 in
926 1259 203 75 domum
1061 1259 203 75 meam:
1196 1259 180 75 nisi
1309 1259 180 75 quia
1422 1259 158 75 ita
1512 1259 203 75 domum
1625 1259 135 75 suam

87 1318 281 88 possidebat
308 1318 221 88 fidelis
469 1318 201 88 facta,
609 1318 121 88 ut
669 1318 161 88 hanc
770 1318 100 88 &
810 1318 261 88 apostolis
1011 1318 241 88 communem
1192 1318 241 88 faceret?
1372 1318 121 88 Et
1433 1318 161 88 cap.
1533 1318 141 88 20.
1593 1318 161 88 gloria

87 1386 152 66 tur
174 1386 218 66 Paulus
327 1386 131 66 se
392 1386 152 66 non
479 1386 348 66 concupiuisse
762 1386 218 66 ullius
914 1386 218 66 aurum,
1066 1386 283 66 argentum,
1284 1386 152 66 aut
1371 1386 218 66 uestem
1501 1386 261 66 pretiosam.

87 1427 164 80 Quam
189 1427 246 80 haberent
373 1427 184 80 autem
496 1427 164 80 ista
599 1427 266 80 rationem,
803 1427 123 80 si
865 1427 143 80 non
947 1427 225 80 liceret
1111 1427 307 80 Christianis
1356 1427 246 80 retinere
1541 1427 184 80 rerum
1643 1427 123 80 sua-

77 1489 146 68 rum
161 1489 355 68 possessionem?
453 1489 125 68 Et
516 1489 167 68 cap.
620 1489 146 68 21.
704 1489 272 68 Philippus
913 1489 272 68 Caesariae
1121 1489 188 68 domum
1247 1489 104 68 &
1289 1489 230 68 quatuor
1456 1489 209 68 filias
1581 1489 167 68 habet,

81 1540 163 82 Cur
174 1540 209 82 domum
313 1540 186 82 suam
429 1540 163 82 non
522 1540 302 82 uendidit?
755 1540 139 82 Et
824 1540 279 82 Philemon
1034 1540 232 82 hospes
1196 1540 232 82 Pauli,
1359 1540 163 82 non
1452 1540 209 82 solum
1568 1540 186 82 domum,

88 1596 146 85 sed
172 1596 104 85 &
213 1596 209 85 seruum
359 1596 209 85 habet,
506 1596 313 85 Relinquitur
756 1596 167 85 ergo
860 1596 146 85 pro
944 1596 376 85 compertissimo,
1257 1596 271 85 consilium
1466 1596 209 85 sancti
1591 1596 167 85 spiri-

84 1656 131 67 tus
159 1656 188 67 minime
291 1656 207 67 fuisse,
441 1656 113 67 ut
497 1656 150 67 tale
591 1656 169 67 uitae
704 1656 169 67 genus
816 1656 244 67 statuatur
1004 1656 169 67 quale
1117 1656 150 67 isti
1211 1656 225 67 fingunt,
1380 1656 131 67 sed
1455 1656 113 67 ut
1511 1656 207 67 quisque
1661 1656 131 67 do

84 1709 148 81 mum
169 1709 169 81 suam
274 1709 169 81 bene
380 1709 275 81 gubernet,
592 1709 106 81 &
634 1709 233 81 fratrum
804 1709 381 81 necessitatibus
1122 1709 148 81 pro
1206 1709 148 81 sua
1291 1709 212 81 uirili
1439 1709 275 81 consulat.
1651 1709 148 81 Huc

83 1768 244 77 pertinent
271 1768 150 77 loci
365 1768 188 77 quoque
496 1768 169 77 alij,
609 1768 113 77 i.
665 1768 206 77 Timoth.
815 1768 113 77 5.
871 1768 113 77 ad
928 1768 169 77 Titum
1040 1768 113 77 2.
1096 1768 113 77 1.
1153 1768 188 77 Thess.
1284 1768 113 77 4.
1340 1768 94 77 &
1378 1768 113 77 2.
1434 1768 188 77 Thess.
1565 1768 113 77 3.
1622 1768 113 77 Et
1659 1768 94 77 cum

83 1832 128 62 in
147 1832 235 62 omnibus
318 1832 193 62 prope
446 1832 278 62 epistolis
660 1832 299 62 parentibus
895 1832 107 62 &
938 1832 257 62 liberis,
1131 1832 321 62 coniugibus,
1387 1832 235 62 dominis
1558 1832 107 62 &
1580 1832 171 62 seruis

79 1888 278 71 praecipit
293 1888 171 71 quid
400 1888 214 71 agant,
550 1888 171 71 quid
657 1888 193 71 aliud
785 1888 171 71 quam
892 1888 428 71 administrationem
1256 1888 300 71 domesticam
1492 1888 171 71 bene
1578 1888 171 71 insti-

79 1930 189 68 tuit?
205 1930 168 68 Haec
289 1930 231 68 hactenus,

188 1986 163 85 Quid
289 1986 163 85 quod
391 1986 224 85 diuites
554 1986 203 85 fuisse
696 1986 244 85 dicuntur
879 1986 183 85 multi
1001 1986 122 85 in
1062 1986 264 85 euangelio
1266 1986 102 85 &
1306 1986 122 85 in
1368 1986 244 85 scriptis
1530 1986 224 85 apostolo-

82 2046 148 70 rum
166 2046 253 70 cultores
356 2046 169 70 dei:
461 2046 211 70 Ioseph
609 2046 126 70 ab
672 2046 316 70 Arimathaea,
925 2046 148 70 qui
1009 2046 232 70 dominum
1178 2046 295 70 crucifixum
1410 2046 295 70 sepeliuit,
1642 2046 105 70 &
1663 2046 84 70 di

72 2100 144 83 ues
155 2100 103 83 &
196 2100 289 83 discipulus
423 2100 227 83 Christi
588 2100 206 83 fuisse
733 2100 330 83 praedicatur.
1001 2100 227 83 Diuites
1166 2100 186 83 erant
1290 2100 248 83 mulieres
1476 2100 165 83 quae
1558 2100 186 83 dominum

83 2159 243 86 sequutae
265 2159 101 86 a
306 2159 264 86 Galilaea,
508 2159 203 86 domino
650 2159 101 86 &
691 2159 284 86 discipulis
914 2159 122 86 ex
975 2159 162 86 suis
1076 2159 385 86 subministrabant
1400 2159 345 86 facultatibus.
1664 2159 81 86 Di

73 2223 148 75 ues
157 2223 169 75 erat
263 2223 253 75 Eunuchus
452 2223 232 75 reginae
621 2223 253 75 Candaces
811 2223 358 75 thesaurarius.
1106 2223 190 75 Diues
1232 2223 169 75 fuit
1338 2223 274 75 loppensis
1527 2223 211 75 Tabitha,

87 2273 154 79 quam
183 2273 116 79 S.
241 2273 193 79 Petrus
376 2273 96 79 e
415 2273 174 79 morte
530 2273 251 79 reuocauit
723 2273 116 79 in
781 2273 193 79 uitam,
916 2273 116 79 ac
974 2273 231 79 diuitias
1147 2273 174 79 illas
1263 2273 154 79 suas
1359 2273 289 79 liberaliter
1571 2273 174 79 sparse-

80 2328 140 80 rat
160 2328 120 80 in
220 2328 260 80 pauperes.
420 2328 180 80 Diues
540 2328 160 80 fuit
640 2328 180 80 Lydia
760 2328 300 80 purpuraria.
1000 2328 220 80 Diuites
1160 2328 180 80 fuere
1280 2328 240 80 innumeri
1460 2328 160 80 alij
1560 2328 160 80 uere
1640 2328 100 80 pij

72 2384 101 65 &
112 2384 244 65 fideles.
295 2384 162 65 Ergo
396 2384 162 65 quod
498 2384 223 65 dominus
660 2384 304 65 adolescenti
904 2384 203 65 dicit,
1046 2384 122 65 Si
1107 2384 142 65 uis
1188 2384 264 65 perfectus
1391 2384 183 65 esse,
1513 2384 162 65 uade
1594 2384 142 65 uende

85 2439 170 78 quae
191 2439 212 78 habes,
340 2439 106 78 &
382 2439 127 78 da
446 2439 319 78 pauperibus,
701 2439 106 78 &
743 2439 234 78 habebis
913 2439 276 78 thesaurum
1126 2439 127 78 in
1190 2439 212 78 coelo,
1338 2439 106 78 &
1381 2439 170 78 ueni
1487 2439 234 78 sequere
1636 2439 106 78 me-

71 2491 145 80 non
154 2491 145 80 est
237 2491 269 80 generalis
443 2491 145 80 lex
526 2491 145 80 aut
609 2491 248 80 doctrina
795 2491 227 80 simplex
960 2491 124 80 ad
1022 2491 186 80 omnes
1146 2491 289 80 pertinens,
1373 2491 145 80 sed
1456 2491 331 80 demonstratio

69 2558 279 64 duntaxat,
283 2558 172 64 quod
390 2558 300 64 adolescens
626 2558 193 64 ille,
755 2558 129 64 ad
819 2558 172 64 quem
927 2558 172 64 haec
1034 2558 215 64 dixit,
1184 2558 215 64 nondum
1334 2558 279 64 usqueadeo
1527 2558 215 64 perfecte

77 2602 176 78 legem
195 2602 313 78 absoluisset,
449 2602 195 78 sicuti
586 2602 274 78 absoluisse
801 2602 117 78 se
859 2602 313 78 existimabat.
1113 2602 137 78 Nam
1192 2602 313 78 arbitrabatur
1446 2602 156 78 sibi
1544 2602 176 78 nihil
1641 2602 98 78 de-

65 2663 183 73 esse.
187 2663 204 73 Pluris
330 2663 245 73 faciebat
513 2663 285 73 adolescens
737 2663 245 73 diuitias
921 2663 183 73 suas,
1043 2663 163 73 quam
1145 2663 163 73 deum
1247 2663 102 73 &
1288 2663 183 73 uocem
1410 2663 143 73 dei
1491 2663 285 73 mandantis,

66 2721 180 76 Abijt
186 2721 160 76 enim
286 2721 240 76 tristis,
465 2721 140 76 nec
545 2721 180 76 fecit
665 2721 160 76 quod
765 2721 299 76 imperauerat
1004 2721 240 76 dominus:
1184 2721 200 76 itaque
1324 2721 279 76 declarauit
1543 2721 120 76 se
1583 2721 160 76 nondum

76 2777 254 72 implesse
266 2777 212 72 leoem.
415 2777 148 72 Sed
499 2777 106 72 &
542 2777 127 72 ex
605 2777 191 72 alijs
732 2777 191 72 locis
859 2777 275 72 colligere
1071 2777 254 72 possumus
1261 2777 233 72 dominum
1431 2777 254 72 cultores
1600 2777 127 72 suos

83 2824 146 80 non
167 2824 271 80 deiecisse
375 2824 125 80 ad
438 2824 354 80 mendicitatem,
729 2824 146 80 Nec
813 2824 208 80 puduit
959 2824 208 80 Paulum
1105 2824 271 80 apostolum
1313 2824 188 80 leges
1438 2824 188 80 ferre
1542 2824 188 80 diuiti-

82 2882 152 86 bus,
177 2882 361 86 praescribereque
481 2882 209 86 quomodo
633 2882 114 86 se
690 2882 209 86 gerant.
842 2882 266 86 Diuitibus,
1051 2882 209 86 inquit,
1203 2882 114 86 in
1260 2882 247 86 praesenti
1450 2882 228 86 saeculo,
1602 2882 133 86 prae-

72 2939 156 90 cipe
170 2939 117 90 ne
229 2939 176 90 elato
346 2939 274 90 sintanimo,
561 2939 176 90 neque
679 2939 156 90 spem
777 2939 196 90 ponant
914 2939 117 90 in
972 2939 235 90 diuitijs
1148 2939 254 90 incertis,
1344 2939 137 90 sed
1422 2939 117 90 in
1481 2939 137 90 deo
1539 2939 196 90 uiuente,
