2288 3632
451 290 188 63 suum
569 290 259 63 ipsorum
758 290 212 63 panem
899 290 235 63 edant.
1064 290 259 63 Damnata
1252 290 188 63 sunt
1370 290 259 63 omnibus
1558 290 283 63 saeculis
1770 290 118 63 &
1817 290 188 63 apud
1935 290 212 63 omnes
2052 290 118 63 ho-

486 344 192 54 mines
613 344 256 54 cordatos
805 344 106 54 &
848 344 170 54 otia
954 344 106 54 &
997 344 234 54 curiosa
1167 344 256 54 negotia.
1359 344 256 54 Hesiodus
1551 344 213 54 dixit,

480 398 167 74 llli
585 398 230 74 pariter
752 398 314 74 indignantur
1003 398 105 74 &
1045 398 147 74 dij
1129 398 105 74 &
1171 398 251 74 homines,
1359 398 251 74 quisquis
1527 398 188 74 otiosus

506 443 219 66 Vixerit,
670 443 164 66 fucis
779 443 182 66 absque
907 443 201 66 aculeis
1053 443 201 66 similis
1199 443 201 66 studio,

488 496 171 75 Qui
585 496 195 75 apum
707 496 195 75 opus
829 496 195 75 sine
951 496 244 75 labore
1122 496 317 75 comedunt.
1365 496 317 75 Sophocles
1609 496 219 75 item,

494 568 132 66 Nil
569 568 169 66 boni,
682 568 150 66 ait,
776 568 169 66 parit
889 568 169 66 otium
1002 568 188 66 inane.

492 606 166 76 Deus
596 606 166 76 enim
700 606 290 76 otiantibus
928 606 166 76 haud
1032 606 270 76 assistit.
1239 606 187 76 Porro
1364 606 228 76 curiosa
1530 606 228 76 negotia
1696 606 187 76 artes
1820 606 166 76 sunt
1924 606 166 76 male
2007 606 145 76 feria

486 672 212 71 torum
628 672 118 71 &
675 672 188 71 male
793 672 377 71 ingeniosorum
1099 672 283 71 hominum,
1311 672 236 71 quibus
1476 672 283 71 proximis
1688 672 236 71 graues
1853 672 188 71 sunt
1971 672 118 71 &
1994 672 165 71 impo-

489 724 177 84 nunt
599 724 309 84 hominibus,
842 724 309 84 exercentes
1085 724 221 84 quidem
1240 724 375 84 negotiationem
1549 724 265 84 aliquam,
1747 724 155 84 sed
1836 724 331 84 illegitimam
2101 724 110 84 &

487 787 183 68 alijs
609 787 264 68 inutilem,
812 787 163 68 sibi
914 787 163 68 uero
1015 787 325 68 utilissimam:
1280 787 183 68 cuius
1402 787 203 68 quidem
1544 787 224 68 generis
1707 787 244 68 usurarij
1890 787 264 68 monopolae
2093 787 102 68 &

509 837 234 63 propolae
684 837 214 63 alijque
840 837 253 63 negotioso
1034 837 156 63 otio
1132 837 117 63 se
1190 837 273 63 saginantes
1404 837 195 63 habent
1541 837 175 63 artes
1658 837 253 63 plurimas.
1852 837 136 63 Qui
1930 837 156 63 uero
2028 837 136 63 non
2086 837 78 63 la

508 896 216 71 boribus
665 896 157 71 suis
764 896 137 71 uel
842 896 314 71 negotiatione
1098 896 177 71 aequa
1215 896 137 71 sed
1294 896 137 71 per
1372 896 314 71 haereditates
1628 896 236 71 acceptas
1805 896 216 71 diuites
1962 896 177 71 sunt,
2060 896 98 71 co-

502 962 199 81 gitent
641 962 159 81 apud
741 962 119 81 se
800 962 139 81 quo
880 962 179 81 pacto
999 962 219 81 paratae
1159 962 159 81 sint
1258 962 159 81 opes
1357 962 159 81 quae
1457 962 139 81 iam
1536 962 119 81 ad
1596 962 179 81 ipsos
1715 962 139 81 per
1795 962 318 81 haereditatem
2034 962 139 81 deuo-

496 1017 172 57 lutae
611 1017 172 57 sunt:
725 1017 96 57 &
764 1017 115 57 si
821 1017 287 57 intelligunt
1051 1017 115 57 se
1108 1017 230 57 haeredes
1280 1017 153 57 esse
1376 1017 153 57 opum
1471 1017 287 57 iniustarum,
1701 1017 153 57 sint
1797 1017 249 57 benefici,
1988 1017 134 57 nec
2045 1017 115 57 con-

498 1063 274 67 duplicent
709 1063 211 67 malum,
856 1063 127 67 ut
920 1063 169 67 quod
1025 1063 169 67 male
1131 1063 211 67 partum
1278 1063 169 67 est,
1384 1063 316 67 iniquissime
1637 1063 295 67 possideant
1869 1063 105 67 &
1890 1063 274 67 sceleratius

490 1120 175 65 multo
606 1120 291 65 concoquant.
839 1120 116 65 Ne
897 1120 194 65 fidant
1033 1120 175 65 istis
1149 1120 213 65 opibus.
1304 1120 175 65 neque
1421 1120 155 65 sint
1518 1120 213 65 otiosi,
1673 1120 175 65 agant
1789 1120 194 65 semper
1925 1120 213 65 aliquid
2061 1120 97 65 ho-

507 1186 205 65 nesti.
650 1186 164 65 Fere
753 1186 185 65 tamen
876 1186 164 65 fit,
978 1186 123 65 ut
1040 1186 164 65 male
1142 1186 205 65 partum
1286 1186 164 65 male
1388 1186 287 65 dilabatur.
1614 1186 226 65 Optimum
1778 1186 164 65 ergo
1880 1186 205 65 fuerit
2024 1186 144 65 uel
2085 1186 82 65 bo

506 1228 142 68 ni,
587 1228 183 68 iusti
709 1228 102 68 &
750 1228 244 68 benefici
933 1228 224 68 hominis
1095 1228 163 68 esse
1197 1228 264 68 haeredem,
1400 1228 142 68 uel
1482 1228 264 68 laboribus
1685 1228 244 68 proprijs
1868 1228 102 68 &
1888 1228 285 68 negotiatione

504 1284 183 69 iusta
625 1284 203 69 parare
767 1284 304 69 facultates,
1011 1284 203 69 quibus
1153 1284 162 69 tuam
1254 1284 101 69 &
1295 1284 243 69 familiae
1477 1284 183 69 uitam
1579 1284 243 69 sustentes.

596 1359 191 56 Video
723 1359 191 56 autem
851 1359 149 56 hic
936 1359 234 56 haerere
1106 1359 234 56 multos,
1276 1359 362 56 addubitareque
1574 1359 213 56 primo,
1723 1359 128 56 an
1787 1359 298 56 contractus
2021 1359 106 56 &
2042 1359 128 56 com-

514 1397 212 69 mercia
662 1397 212 69 licita
810 1397 191 69 sint,
937 1397 212 69 deinde
1085 1397 169 69 quae
1191 1397 148 69 nam
1276 1397 296 69 negotiatio
1509 1397 127 69 ex
1572 1397 233 69 omnibus
1742 1397 212 69 maxime
1890 1397 275 69 conueniat
2080 1397 85 69 ho

504 1455 168 71 mini
609 1455 168 71 pio.
714 1455 147 71 His
799 1455 232 71 paucula
967 1455 168 71 baec
1072 1455 295 71 expendenda
1304 1455 253 71 propono.
1493 1455 274 71 Principio
1704 1455 232 71 constat
1872 1455 295 71 contractus
2083 1455 84 71 fe

501 1515 124 73 re
563 1515 310 73 uoluntarios
811 1515 165 73 esse
915 1515 331 73 commerciaque
1183 1515 289 73 spontanea,
1410 1515 124 73 ut
1472 1515 227 73 quisque
1638 1515 145 73 hic
1720 1515 165 73 quod
1824 1515 186 73 uelit
1948 1515 165 73 quod
2030 1515 145 73 condu

514 1584 148 54 cat
599 1584 106 54 &
641 1584 212 54 maxime
789 1584 212 54 deceat
937 1584 296 54 deliberare
1170 1584 106 54 &
1212 1584 233 54 eligere
1382 1584 233 54 possit.
1551 1584 191 54 Huius
1678 1584 169 54 enim
1784 1584 233 54 generis
1953 1584 169 54 sunt
2038 1584 127 54 com-

506 1626 217 76 mutatio
664 1626 198 76 rerum,
803 1626 297 76 fideiussio,
1040 1626 237 76 locatio,
1218 1626 277 76 conductio,
1435 1626 257 76 deposito,
1633 1626 217 76 mutuum,
1791 1626 217 76 pactio,
1950 1626 257 76 uenditio,

499 1694 216 58 emptio,
657 1694 98 58 &
696 1694 157 58 alia
794 1694 138 58 his
873 1694 256 58 similima.
1069 1694 177 58 Hisce
1187 1694 197 58 rebus,
1325 1694 177 58 sicut
1443 1694 157 58 ipsa
1541 1694 295 58 experientia
1777 1694 236 58 euincit,
1954 1694 197 58 carere
2072 1694 98 58 non

511 1737 238 75 possunt
684 1737 238 75 homines
857 1737 195 75 etiam
987 1737 346 75 sanctissimi,
1268 1737 195 75 donec
1398 1737 130 75 in
1463 1737 151 75 hoc
1549 1737 195 75 mundo
1679 1737 238 75 uiuunt.
1852 1737 151 75 Nec
1938 1737 195 75 legis
2046 1737 130 75 domi

512 1806 147 61 num
596 1806 210 61 ullibi
743 1806 315 61 prohibuisse
995 1806 273 61 huiusmodi
1205 1806 273 61 commercia
1414 1806 105 61 &
1456 1806 315 61 contractus,
1708 1806 147 61 imo
1792 1806 210 61 format
1939 1806 210 61 illos,
2065 1806 105 61 in-

517 1847 234 73 stituens
692 1847 214 73 rempub.
847 1847 234 73 lsraelis
1023 1847 117 73 ut
1081 1847 253 73 agnoscere
1276 1847 234 73 oporteat
1451 1847 175 73 illas
1568 1847 156 73 esse
1665 1847 311 73 ordinationes
1918 1847 234 73 diuinas:
2093 1847 117 73 ab

509 1900 181 62 usus,
629 1900 201 62 dolus,
770 1900 261 62 impostura
971 1900 100 62 &
1011 1900 301 62 confidentia
1252 1900 121 62 in
1312 1900 181 62 istis
1433 1900 301 62 prohibentur
1674 1900 181 62 uerbo
1794 1900 161 62 dei.
1895 1900 161 62 Ergo
1995 1900 121 62 si
2055 1900 161 62 quis

493 1954 76 28 R-

504 1956 146 62 ijs
588 1956 209 62 utatur
734 1956 272 62 moderate,
943 1956 188 62 neque
1069 1956 272 62 innitatur
1278 1956 105 62 &
1320 1956 293 62 inhaereat,
1550 1956 146 62 non
1633 1956 230 62 peccat.
1801 1956 251 62 Audiamus
1989 1956 188 62 denuo
2093 1956 84 62 a-

506 2010 264 81 postolum
704 2010 308 81 clamantem.
946 2010 154 81 Qui
1034 2010 220 81 habent
1188 2010 242 81 uxores,
1363 2010 176 81 sint
1473 2010 242 81 tanquam
1649 2010 154 81 non
1737 2010 264 81 habeant:
1935 2010 110 81 &
1979 2010 154 81 qui
2045 2010 132 81 plo-

503 2066 190 67 rant,
629 2066 232 67 tanquam
798 2066 147 67 non
882 2066 253 67 plorent:
1072 2066 105 67 &
1114 2066 147 67 qui
1198 2066 253 67 gaudent,
1388 2066 232 67 tanquam
1556 2066 147 67 non
1640 2066 274 67 gaudeant:
1851 2066 126 67 et
1914 2066 147 67 qui
1998 2066 211 67 emunt,

503 2130 256 73 tanquam
689 2130 163 73 non
782 2130 326 73 possideant
1039 2130 117 73 :
1086 2130 117 73 &
1132 2130 163 73 qui
1225 2130 256 73 utuntur
1412 2130 210 73 mundo
1552 2130 187 73 hoc,
1668 2130 256 73 tanquam
1855 2130 163 73 non
1925 2130 233 73 utantur.

505 2180 270 67 Praeterit
713 2180 166 67 enim
816 2180 228 67 habitus
982 2180 187 67 huius
1107 2180 207 67 mundi.
1252 2180 166 67 Pari
1355 2180 166 67 modo
1459 2180 228 67 nullibi
1625 2180 228 67 legimus
1791 2180 270 67 prohibita
1998 2180 166 67 esse
2081 2180 83 67 lu

508 2237 149 70 cra
593 2237 192 70 iusta
721 2237 106 70 &
763 2237 213 70 aequa.
912 2237 149 70 Imo
997 2237 277 70 benedicit
1210 2237 234 70 dominus
1380 2237 277 70 laboribus
1593 2237 106 70 &
1636 2237 404 70 negotiationibus
1976 2237 234 70 suorum,

507 2303 133 60 ut
573 2303 333 60 quemadmodum
840 2303 133 60 in
907 2303 311 60 uirtutibus
1151 2303 156 60 ita
1240 2303 244 60 pariter
1418 2303 267 60 crescant
1618 2303 111 60 &
1662 2303 133 60 in
1729 2303 244 60 opibus.
1906 2303 267 60 Exemplum
2084 2303 89 60 hu

505 2350 148 69 ius
589 2350 253 69 praebent
779 2350 253 69 Abraham,
969 2350 190 69 Isaac
1095 2350 105 69 &
1138 2350 211 69 Iacob.
1285 2350 127 69 Et
1349 2350 253 69 apostoli
1538 2350 148 69 non
1623 2350 211 69 iubent
1770 2350 148 69 nos
1855 2350 211 69 nullum
1981 2350 190 69 sperare

509 2404 222 65 lucrum,
670 2404 141 65 sed
751 2404 202 65 nolunt
892 2404 141 65 nos
973 2404 202 65 turpis
1114 2404 181 65 lucri
1235 2404 161 65 esse
1315 2404 202 65 cupidos.

572 2457 366 78 Negotiationes
874 2457 215 78 quidem
1024 2457 237 78 hominum
1196 2457 172 78 sunt
1304 2457 237 78 uariae.
1476 2457 129 78 Ac
1540 2457 215 78 uarijs
1691 2457 215 78 quidem
1841 2457 280 78 multisque
2035 2457 129 78 indi

500 2516 168 77 gent
605 2516 147 77 res
689 2516 252 77 hominum.
879 2516 147 77 Est
963 2516 252 77 negotium
1152 2516 168 77 siue
1257 2516 189 77 labor
1384 2516 274 77 crassior,
1594 2516 147 77 qui
1678 2516 231 77 manibus
1846 2516 274 77 roboreque
2036 2516 126 77 cor-

505 2577 183 68 poris
627 2577 183 68 magis
749 2577 163 68 quam
851 2577 183 68 arte,
973 2577 224 68 quamuis
1136 2577 142 68 non
1217 2577 163 68 sine
1319 2577 244 68 ingenio,
1502 2577 305 68 perficitur.
1746 2577 142 68 Est
1827 2577 102 68 &
1868 2577 224 68 ingenij
2011 2577 142 68 labor

499 2629 290 71 subtilior,
727 2629 145 71 qui
810 2629 228 71 tametsi
976 2629 187 71 extra
1101 2629 207 71 corpus
1246 2629 104 71 &
1288 2629 187 71 uires
1412 2629 228 71 hominis
1578 2629 145 71 non
1661 2629 187 71 fiat,
1786 2629 228 71 ingenio
1952 2629 187 71 tamen
2055 2629 104 71 ma-

509 2687 138 76 gis
588 2687 157 76 quam
686 2687 197 76 robore
824 2687 295 76 perficitur.
1060 2687 216 76 Prioris
1217 2687 216 76 generis
1374 2687 157 76 sunt
1473 2687 256 76 artificia
1669 2687 197 76 omnia,
1807 2687 157 76 siue
1905 2687 177 76 artes
2023 2687 118 76 ut
2063 2687 98 76 uo-

503 2741 179 61 cant
615 2741 336 61 mechanicae,
883 2741 224 61 quibus
1040 2741 336 61 annumeramus
1309 2741 336 61 mercaturam,
1578 2741 358 61 agriculturam
1869 2741 112 61 &
1891 2741 269 61 pecuariam.

508 2796 301 65 Posterioris
749 2796 221 65 generis
909 2796 161 65 sunt
1010 2796 201 65 studia
1150 2796 281 65 literarum,
1371 2796 281 65 medicinae,
1592 2796 401 65 iurisprudentiae,
1913 2796 241 65 praesertim

495 2855 309 71 theologiae,
742 2855 329 71 philosophiae
1010 2855 226 71 quoque,
1175 2855 226 71 denique
1340 2855 309 71 gubernatio.
1587 2855 124 71 Ac
1648 2855 309 71 patriarchae
1895 2855 206 71 quidem
2019 2855 144 71 homi-

490 2917 144 69 nes
573 2917 371 69 innocentissimi
882 2917 103 69 &
923 2917 391 69 excellentissimi
1252 2917 165 69 fere
1355 2917 226 69 fuerunt
1520 2917 288 69 agricolae,
1746 2917 144 69 aut
1829 2917 309 69 exercuerunt
2055 2917 103 69 pe
