2288 3632
84 277 248 84 cuariam.
271 277 228 84 Exempla
436 277 166 84 sunt
540 277 248 84 plurima,
726 277 228 84 Abelis,
892 277 166 84 Noe,
995 277 248 84 Abrahae,
1182 277 207 84 Isaac,
1327 277 228 84 Iacobi,
1492 277 166 84 lob,
1596 277 104 84 &
1637 277 186 84 alio¬

94 341 164 83 rum.
197 341 226 83 Leuitae
361 341 103 83 &
402 341 267 83 prophetae
608 341 246 83 uixerunt
793 341 123 83 ex
854 341 267 83 literarum
1059 341 205 83 studio
1203 341 164 83 siue
1306 341 287 83 ministerio
1511 341 267 83 ecclesiasti

92 393 153 89 co.
180 393 284 89 Mercatura
398 393 240 89 nullibi
573 393 262 89 damnatur
770 393 131 89 in
835 393 219 89 sacris
988 393 262 89 literis:
1185 393 284 89 damnantur
1403 393 197 89 autem
1513 393 262 89 mercatores

105 439 174 94 deum
214 439 153 94 non
301 439 261 94 timentes
497 439 109 94 &
541 439 349 94 requirentes,
824 439 240 94 homines
999 439 327 94 uersipelles
1260 439 131 94 ac
1325 439 327 94 impostores.
1587 439 153 94 Nam
1652 439 131 94 Iaco

100 493 148 93 bus
185 493 276 93 apostolus
397 493 233 93 domini,
566 493 148 93 Age
651 493 170 93 nunc
757 493 148 93 qui
842 493 254 93 dicitis,
1032 493 233 93 inquit.
1202 493 191 93 Hodie
1329 493 106 93 &
1371 493 170 93 cras
1477 493 191 93 eamus
1604 493 127 93 in
1647 493 127 93 hane

94 550 295 101 ciuitatem
321 550 113 101 &
367 550 340 101 transigamus
639 550 159 101 ibi
729 550 204 101 annum
866 550 204 101 unum,
1002 550 113 101 &
1047 550 272 101 mercemur
1251 550 113 101 &
1297 550 227 101 lucrum
1455 550 272 101 faciamus
1637 550 136 101 (qui

99 610 267 88 ignoratis
305 610 164 88 quid
407 610 226 88 futurum
572 610 144 88 sit
654 610 226 88 postero
818 610 164 88 die.
921 610 164 88 Quae
1023 610 144 88 est
1105 610 164 88 enim
1208 610 164 88 uita
1311 610 226 88 uestra?
1475 610 185 88 Vapor
1598 610 164 88 enim
1680 610 103 88 est

98 664 154 90 qui
186 664 132 90 ad
252 664 242 90 exiguum
428 664 220 90 tempus
582 664 264 90 apparet,
780 664 110 90 &
824 664 220 90 deinde
978 664 308 90 euanescit)
1220 664 154 90 pro
1308 664 132 90 eo
1374 664 176 90 quod
1484 664 220 90 dicere
1616 664 154 90 debue

101 728 204 86 ritis,
243 728 122 86 Si
305 728 224 86 dominus
468 728 265 86 uoluerit,
672 728 102 86 &
713 728 122 86 si
774 728 286 86 uixerimus,
999 728 245 86 faciamus
1182 728 143 86 hoc
1264 728 143 86 aut
1345 728 204 86 illud.
1488 728 143 86 Nec
1550 728 224 86 uitupera-

98 772 154 100 tur
186 772 132 100 in
252 772 198 100 Actis
384 772 330 100 apostolorum
647 772 308 100 purpuraria
889 772 176 100 illa
999 772 176 100 quod
1109 772 264 100 uenderet
1307 772 286 100 purpuram.
1526 772 154 100 Nam
1614 772 132 100 in
1658 772 132 100 enco

96 836 146 86 mio
180 836 209 86 probae
326 836 209 86 matris
472 836 251 86 familias
660 836 251 86 laudatur
848 836 355 86 materfamilias
1141 836 125 86 ex
1204 836 293 86 mercatura.
1434 836 125 86 Ex
1496 836 313 86 gubernatio¬

97 896 125 90 ne
160 896 250 90 uixerunt
348 896 209 90 optimi
494 896 209 90 quique
640 896 209 90 reges,
786 896 209 90 Ioseph
932 896 230 90 Aegypti
1099 896 271 90 saluator,
1308 896 104 90 &
1350 896 209 90 Daniel
1496 896 230 90 satrapa
1642 896 125 90 Baby

95 943 223 91 loniae
251 943 111 91 &
295 943 245 91 Mediae.
473 943 156 91 Nam
562 943 134 91 ut
629 943 200 91 multa
762 943 178 91 sunt
874 943 134 91 in
940 943 245 91 corpore
1118 943 245 91 hominis
1296 943 245 91 membra,
1474 943 111 91 &
1519 943 223 91 uarius
1675 943 156 91 est

96 1010 188 86 usus
213 1010 329 86 membrorum,
471 1010 211 86 omnia
612 1010 211 86 tamen
753 1010 141 86 in
824 1010 211 86 summa
964 1010 305 86 concordia
1199 1010 258 86 tendunt
1387 1010 141 86 ad
1434 1010 329 86 conseruatio-

89 1064 143 93 nem
170 1064 346 93 incolumitatis
455 1064 265 93 corporis:
659 1064 143 93 ita
740 1064 183 93 uaria
863 1064 265 93 ordinauit
1066 1064 163 93 deus
1168 1064 224 93 negotia
1331 1064 102 93 &
1372 1064 285 93 artificia,
1596 1064 163 93 quae
1677 1064 102 93 ta-

95 1115 143 72 men
176 1115 183 72 omnia
298 1115 224 72 seruire
461 1115 163 72 uult
563 1115 326 72 incolumitati
828 1115 326 72 reipublicae.

177 1165 154 96 lam
265 1165 176 96 uero
375 1165 176 96 quae
485 1165 132 96 ex
551 1165 154 96 his
639 1165 242 96 omnibus
815 1165 418 96 negotiationibus
1166 1165 220 96 homini
1320 1165 154 96 pio
1408 1165 330 96 amplectenda
1672 1165 154 96 aut

86 1219 308 88 suscipienda
333 1219 164 88 sit,
436 1219 144 88 non
518 1219 144 88 est
600 1219 164 88 meum
703 1219 329 88 pronunciare.
970 1219 246 88 Expendat
1154 1219 226 88 quisque
1319 1219 164 88 apud
1421 1219 123 88 se
1483 1219 164 88 quae
1565 1219 185 88 attuli-

95 1289 147 86 mus
179 1289 274 86 hucusque,
390 1289 211 86 deinde
537 1289 253 86 exploret
727 1289 253 86 seipsum,
916 1289 126 86 ad
980 1289 169 86 quas
1085 1289 169 86 res,
1190 1289 147 86 aut
1275 1289 126 86 ad
1338 1289 169 86 quae
1443 1289 232 86 negotia
1590 1289 169 86 animus

95 1339 199 90 maxime
234 1339 299 90 propendeat,
473 1339 119 90 ad
533 1339 159 90 quae
633 1339 139 90 sit
712 1339 199 90 utilis
852 1339 100 90 &
892 1339 239 90 idoneus:
1071 1339 259 90 inspiciat
1270 1339 159 90 item
1370 1339 279 90 diligenter
1589 1339 159 90 quae
1668 1339 80 90 ar

94 1399 156 87 tes
183 1399 178 87 sint
294 1399 223 87 maxime
451 1399 290 87 simplices
674 1399 112 87 &
718 1399 268 87 secundum
919 1399 268 87 naturam,
1120 1399 178 87 quae
1232 1399 178 87 item
1343 1399 178 87 quam
1455 1399 245 87 minimum
1611 1399 156 87 cogna

86 1444 202 92 tionis
227 1444 223 92 habeant
389 1444 142 92 cum
470 1444 162 92 dolo
571 1444 101 92 &
612 1444 283 92 impostura,
834 1444 142 92 aut
915 1444 162 92 quae
1016 1444 223 92 minimum
1178 1444 283 92 abstrahant
1401 1444 101 92 a
1441 1444 142 92 deo
1522 1444 101 92 &
1542 1444 223 92 iustitia.

91 1502 144 91 His
174 1502 247 91 expensis
359 1502 227 91 deligat
524 1502 227 91 quisque
689 1502 165 91 quod
792 1502 268 91 putauerit
998 1502 206 91 maxime
1142 1502 268 91 conuenire
1348 1502 103 91 &
1389 1502 247 91 salutare
1575 1502 165 91 esse
1657 1502 103 91 cum

86 1568 227 85 animae
245 1568 159 85 tum
336 1568 250 85 corpori
518 1568 182 85 suo.
632 1568 159 85 Non
723 1568 273 85 possumus
928 1568 205 85 omnes
1064 1568 205 85 agros
1201 1568 250 85 colere,
1382 1568 159 85 nec
1473 1568 296 85 congruunt
1678 1568 91 85 om

95 1618 188 86 nibus
220 1618 272 86 literarum
429 1618 230 86 studia,
597 1618 188 86 pauci
722 1618 272 86 gubernant
931 1618 334 86 rempublicam,
1203 1618 146 86 nec
1286 1618 293 86 artificijs
1495 1618 251 86 exercendis

89 1674 188 91 omnes
215 1674 209 91 ubique
361 1674 209 91 idonei
507 1674 188 91 sunt.
633 1674 188 91 Habet
758 1674 167 91 suum
863 1674 230 91 quisque
1030 1674 230 91 genium,
1197 1674 188 91 habet
1323 1674 355 91 inspirationem
1616 1674 105 91 a
1657 1674 146 91 do¬

82 1735 185 85 mino,
206 1735 185 85 habet
329 1735 247 85 amicorum
515 1735 247 85 consilia
700 1735 103 85 &
741 1735 247 85 auxilia,
926 1735 185 85 habet
1050 1735 288 85 occasiones
1276 1735 226 85 uarias,
1441 1735 185 85 habet
1565 1735 226 85 regulam

89 1797 178 72 uerbi
208 1797 159 72 dei:
307 1797 119 72 hi
367 1797 297 72 acquiescat,
605 1797 119 72 ut
664 1797 198 72 primas
803 1797 218 72 interim
962 1797 218 72 tribuat
1120 1797 377 72 praeceptionibus
1438 1797 238 72 diuinis.

181 1840 251 89 Caeterum
369 1840 271 89 laboranti
578 1840 146 89 iam
661 1840 104 89 &
703 1840 313 89 negotianti,
954 1840 167 89 post
1058 1840 271 89 recitatos
1267 1840 230 89 canones
1434 1840 292 89 necessarij
1643 1840 125 89 sunt

82 1899 103 95 &
124 1899 288 95 sequentes.
350 1899 267 95 Principio
555 1899 164 95 enim
658 1899 205 95 caueda
801 1899 164 95 erit
904 1899 205 95 cuique
1048 1899 247 95 profusio
1233 1899 164 95 siue
1336 1899 185 95 luxus
1459 1899 123 95 in
1520 1899 185 95 cibo,
1623 1899 144 95 potu,

89 1961 260 67 uestibus,
289 1961 180 67 cultu
409 1961 240 67 corporis
589 1961 100 67 &
629 1961 300 67 aedificijs,
869 1961 240 67 fugiendi
1050 1961 220 67 sumptus
1210 1961 240 67 inutiles
1390 1961 120 67 ac
1450 1961 180 67 uani.
1570 1961 140 67 Nam
1650 1961 140 67 do¬

84 2013 201 84 minus
218 2013 179 84 uult
329 2013 380 84 unumquemlibet
642 2013 179 84 suas
754 2013 268 84 retinere
955 2013 156 84 non
1044 2013 290 84 prodigere
1268 2013 179 84 res.
1379 2013 179 84 Odit
1491 2013 112 84 &
1513 2013 246 84 execratur

80 2068 256 85 dominus
266 2068 210 85 luxum
406 2068 116 85 &
452 2068 233 85 inanes
615 2068 256 85 sumptus
801 2068 186 85 siue
918 2068 326 85 superbiam.
1174 2068 303 85 Praeterea
1407 2068 163 85 qui
1500 2068 163 85 sui
1570 2068 186 85 profu-

73 2132 147 74 sus
157 2132 168 74 est,
262 2132 210 74 aliena
409 2132 168 74 fere
514 2132 231 74 appetit
682 2132 105 74 :
724 2132 168 74 unde
829 2132 252 74 innumera
1019 2132 294 74 exoriuntur
1250 2132 189 74 mala,
1376 2132 210 74 furta,
1523 2132 273 74 insidiae,

76 2178 181 80 doli,
196 2178 301 80 imposturae,
437 2178 161 80 adde
538 2178 100 80 &
578 2178 201 80 caedes
718 2178 120 80 ac
778 2178 301 80 seditiones.
1019 2178 201 80 Deinde
1160 2178 241 80 strenuus
1340 2178 141 80 sit
1421 2178 141 80 qui
1501 2178 221 80 laborat
1662 2178 141 80 aut

77 2240 329 84 negotiatur,
340 2240 153 84 sit
428 2240 153 84 per
515 2240 197 84 omnia
647 2240 263 84 uigilans
844 2240 110 84 &
888 2240 241 84 laborum
1063 2240 285 84 tolerans,
1282 2240 153 84 non
1370 2240 241 84 segnis,
1545 2240 241 84 mollis,

79 2286 217 93 iners.
231 2286 282 93 Fideliter
448 2286 108 93 &
491 2286 303 93 diligenter
729 2286 173 93 agat
838 2286 217 93 omnia.
990 2286 282 93 Displicet
1206 2286 152 93 deo
1293 2286 260 93 ingnauia
1466 2286 282 93 socordiaue.

82 2342 272 87 Displicet
291 2342 209 87 supina
438 2342 146 87 rei
521 2342 293 87 familiaris
751 2342 335 87 negligentia.
1023 2342 209 87 Laudat
1169 2342 272 87 scriptura
1379 2342 230 87 fideles
1525 2342 230 87 laborato-

71 2412 174 82 res,
180 2412 109 82 &
224 2412 349 82 negotiatores
507 2412 218 82 probos
660 2412 109 82 &
703 2412 327 82 industrios.
965 2412 261 82 Audiamus
1161 2412 218 82 quaeso
1313 2412 218 82 auream
1444 2412 305 82 sapientissi-

76 2464 134 79 mi
143 2464 291 79 mortalium
367 2464 291 79 Solomonis
590 2464 291 79 doctrinam
814 2464 157 79 ita
904 2464 291 79 dicentis,
1127 2464 224 79 Ipiger
1284 2464 134 79 ad
1351 2464 291 79 formicam,
1553 2464 201 79 inspice

76 2518 172 80 uias
183 2518 193 80 eius,
311 2518 129 80 ut
376 2518 236 80 sapiens
547 2518 193 80 fias.
676 2518 129 80 Ea
740 2518 172 80 enim
847 2518 150 80 cum
933 2518 193 80 neque
1062 2518 300 80 principem,
1298 2518 193 80 neque
1426 2518 279 80 exactorem
1641 2518 150 80 aut

74 2573 209 82 ducem
213 2573 255 82 habeat,
398 2573 209 82 tamen
537 2573 255 82 aestate
723 2573 209 82 cibum
862 2573 185 82 suum
977 2573 232 82 parat,
1140 2573 116 82 &
1186 2573 139 82 in
1255 2573 209 82 messe
1394 2573 301 82 alimentum
1603 2573 139 82 suum

73 2625 325 84 comportat.
328 2625 255 84 Quandiu
514 2625 209 84 piger
653 2625 279 84 dormies:
862 2625 116 84 &
909 2625 232 84 quando
1071 2625 116 84 a
1118 2625 209 84 somno
1257 2625 163 84 tuo
1350 2625 255 84 surges?
1513 2625 232 84 Paululum

81 2681 324 86 dormiendum
336 2681 116 86 :
382 2681 278 86 paululum
591 2681 348 86 dormitandum
869 2681 116 86 :
915 2681 278 86 paululum
1123 2681 371 86 complicandae
1425 2681 209 86 manus
1564 2681 139 86 ad
1610 2681 139 86 dor-

70 2739 257 84 miendum.
263 2739 236 84 Interim
434 2739 172 84 uero
542 2739 150 84 ceu
627 2739 215 84 uiator
778 2739 215 84 ueniet
928 2739 236 84 egestas
1099 2739 172 84 tua,
1207 2739 107 84 &
1250 2739 215 84 inopia
1400 2739 150 84 tua
1486 2739 150 84 ceu
1571 2739 150 84 uir
1636 2739 107 84 scu

77 2797 136 68 to
145 2797 273 68 munitus,
350 2797 227 68 Rursus
509 2797 227 68 clamat
668 2797 204 68 Dauid
804 2797 136 68 in
872 2797 273 68 Psalmis,
1076 2797 204 68 Beati
1213 2797 204 68 omnes
1349 2797 159 68 qui
1440 2797 227 68 timent
1576 2797 159 68 domi-

77 2851 170 80 num,
183 2851 149 80 qui
268 2851 256 80 ambulant
460 2851 128 80 in
524 2851 170 80 uijs
631 2851 192 80 eius.
759 2851 234 80 Labores
929 2851 213 80 manuum
1078 2851 213 80 tuarum
1228 2851 320 80 manducabis,
1483 2851 213 80 beatus
1632 2851 149 80 es,

70 2900 113 105 &
116 2900 181 105 bene
229 2900 181 105 tibi
341 2900 203 105 erit.
477 2900 181 105 Quid
590 2900 181 105 quod
703 2900 248 105 dominus
884 2900 181 105 deus
997 2900 226 105 Adamum
1155 2900 136 105 in
1222 2900 271 105 paradyso
1426 2900 113 105 &
1448 2900 294 105 felicissimo
