2288 3632
452 305 237 89 merces:
625 305 151 89 sed
711 305 151 89 eam
797 305 258 89 protinus
991 305 172 89 illi
1098 305 258 89 depende.
1292 305 215 89 Etenim
1443 305 172 89 tibi
1551 305 215 89 quoque
1701 305 172 89 deum
1809 305 237 89 colenti
1960 305 172 89 gratia

453 379 234 70 referetur.

527 405 284 100 Sequitur
740 405 260 100 membrum
929 405 284 100 alterum,
1142 405 236 100 damnum
1307 405 307 100 uidelicet
1543 405 189 100 quod
1661 405 307 100 auferendo
1898 405 236 100 datur:
2039 405 95 100 id

477 469 177 104 quod
587 469 287 104 multiplex
808 469 177 104 est.
918 469 221 104 Primum
1073 469 199 104 autem
1205 469 199 104 locum
1338 469 199 104 habet
1470 469 199 104 ipsum
1602 469 243 104 furtum,
1779 469 154 104 (de
1867 469 154 104 quo
1955 469 110 104 &
1978 469 154 104 paulo

462 549 167 67 ante
567 549 230 67 diximus
734 549 251 67 aliquid,
923 549 105 67 )
965 549 167 67 quod
1069 549 147 67 non
1153 549 126 67 in
1216 549 230 67 pecunia
1383 549 251 67 duntaxat
1572 549 209 67 ablata
1718 549 335 67 committitur,
1990 549 147 67 sed
2053 549 84 67 in

471 585 247 84 mercibus
657 585 289 84 quibusuis,
884 585 124 84 in
945 585 206 84 agris,
1090 585 124 84 in
1152 585 247 84 terminis
1337 585 371 84 transponendis,
1646 585 103 84 &
1688 585 124 84 in
1749 585 165 84 iure
1852 585 247 84 cuiusque
2017 585 124 84 quod

470 641 321 82 transfertur,
731 641 241 82 negatur,
911 641 261 82 aufertur,
1112 641 140 82 aut
1192 641 261 82 malitiose
1393 641 261 82 contraque
1593 641 100 82 &
1633 641 181 82 citra
1754 641 321 82 conscientiam
2015 641 100 82 &
2035 641 100 82 con

478 697 188 84 sensum
610 697 244 84 alterius,
797 697 131 84 hoc
872 697 131 84 est
947 697 169 84 iusti
1060 697 300 84 possessoris,
1304 697 263 84 differtur.
1510 697 131 84 Nam
1585 697 113 84 in
1641 697 150 84 lege
1735 697 188 84 Leuit.
1866 697 131 84 19.
1941 697 131 84 ait
1998 697 131 84 domi-

463 761 177 68 nus,
573 761 155 68 Non
662 761 331 68 furabimini,
927 761 132 68 ne
993 761 331 68 mentiamini,
1258 761 177 68 nemo
1368 761 177 68 dolo
1479 761 177 68 malo
1589 761 177 68 agat
1699 761 155 68 cum
1788 761 243 68 proximo
1964 761 177 68 suo.
2053 761 88 68 Et

463 816 213 76 Paulus
612 816 128 76 ad
676 816 255 76 Ephesios
867 816 170 76 ait,
973 816 255 76 Deposito
1165 816 277 76 mendacio,
1378 816 277 76 loquamini
1591 816 277 76 ueritatem
1803 816 234 76 quisque
1974 816 149 76 cum
2038 816 106 76 pro

468 884 183 59 ximo
582 884 160 59 suo
674 884 114 59 :
719 884 251 59 quoniam
902 884 206 59 sumus
1039 884 251 59 inuicem
1222 884 251 59 membra.
1405 884 160 59 Qui
1496 884 297 59 furabatur
1725 884 160 59 non
1816 884 251 59 amplius
1976 884 160 59 fure-

472 927 171 74 tur,
579 927 193 74 magis
707 927 193 74 autem
836 927 236 74 laboret
1007 927 257 74 operando
1200 927 236 74 manibus
1372 927 171 74 quod
1479 927 193 74 bonum
1607 927 171 74 est,
1714 927 129 74 ut
1779 927 214 74 possit
1907 927 236 74 impartiri

472 978 126 81 ei
535 978 147 81 qui
619 978 168 81 opus
724 978 273 81 habuerit.
933 978 168 81 Haec
1038 978 273 81 extendere
1248 978 189 81 licet
1373 978 126 81 ad
1436 978 189 81 omnia
1562 978 168 81 pene
1667 978 231 81 hominis
1835 978 252 81 officia.
2023 978 168 81 Qui¬

485 1039 210 73 cunque
632 1039 168 73 enim
737 1039 231 73 debitum
905 1039 189 73 negat
1030 1039 273 73 officium,
1240 1039 147 73 nec
1324 1039 189 73 facit
1450 1039 168 73 quod
1555 1039 210 73 facere
1702 1039 168 73 iure
1806 1039 252 73 deberet,
1995 1039 126 73 in
2037 1039 105 73 hoc

473 1088 239 81 mandatum
653 1088 279 81 delinquit:
872 1088 200 81 ueluti
1012 1088 120 81 si
1072 1088 180 81 pater
1191 1088 160 81 suae
1291 1088 239 81 familiae
1471 1088 160 81 suum
1570 1088 180 81 neget
1690 1088 259 81 officium:
1890 1088 200 81 rursus
2029 1088 120 81 si
2069 1088 80 81 fa

481 1143 184 81 milia
603 1143 143 81 rem
685 1143 286 81 familiarem
910 1143 266 81 dissipet,
1115 1143 102 81 &
1155 1143 368 81 patremfamilias
1462 1143 164 81 rite
1564 1143 327 81 inuigilantem
1830 1143 143 81 rei
1892 1143 245 81 domesticae

478 1204 283 90 decipiat,
696 1204 109 90 &
739 1204 305 90 prodigendo
979 1204 109 90 &
1022 1204 305 90 suffurando
1261 1204 239 90 perdat.
1435 1204 174 90 Item
1544 1204 131 90 si
1609 1204 239 90 dominus
1783 1204 152 90 aut
1870 1204 196 90 herus
1979 1204 174 90 (quan-

484 1273 166 74 quam
588 1273 166 74 haec
691 1273 228 74 referri
857 1273 228 74 possint
1022 1273 124 74 ad
1084 1273 228 74 titulum
1250 1273 124 74 de
1312 1273 166 74 dato
1416 1273 186 74 damno
1540 1273 290 74 retinendo)
1767 1273 186 74 nimis
1892 1273 145 74 sit
1954 1273 186 74 rigidus

489 1314 217 79 colonis
647 1314 178 79 suis:
765 1314 138 79 aut
844 1314 118 79 si
903 1314 197 79 coloni
1042 1314 197 79 otiosi
1180 1314 237 79 deuorent
1357 1314 296 79 substantiam
1594 1314 217 79 domini,
1752 1314 138 79 uel
1830 1314 256 79 negligant
2008 1314 138 79 agri-

482 1390 270 62 culturam,
690 1390 104 62 &
732 1390 166 62 luxu
836 1390 270 62 prodigant
1044 1390 166 62 res.
1148 1390 146 62 Ita
1231 1390 208 62 peccat
1376 1390 208 62 seruus
1522 1390 125 62 in
1584 1390 146 62 hoc
1668 1390 312 62 praeceptum,
1917 1390 125 62 si
1980 1390 146 62 non
2042 1390 104 62 om-

479 1424 185 81 nibus
603 1424 185 81 modis
726 1424 185 81 omnes
849 1424 144 81 res
931 1424 164 81 heri
1033 1424 144 81 sui
1115 1424 185 81 curet
1238 1424 103 81 &
1279 1424 246 81 prouehat
1464 1424 328 81 fidelissime.
1731 1424 164 81 Pari
1833 1424 164 81 modo
1936 1424 103 81 &
1977 1424 123 81 in
2018 1424 123 81 suis

490 1483 252 73 officijs
679 1483 231 73 peccant
847 1483 252 73 ancillae
1036 1483 210 73 contra
1183 1483 252 73 dominas.
1371 1483 189 73 Certe
1497 1483 273 73 apostolus
1707 1483 210 73 Paulus
1854 1483 126 73 ad
1917 1483 147 73 hoc
1980 1483 168 73 manda-

479 1535 139 91 tum
559 1535 279 91 respiciens
778 1535 259 91 praecipit
977 1535 159 91 Tito
1077 1535 100 91 &
1117 1535 159 91 ait,
1216 1535 199 91 Seruos
1356 1535 219 91 hortare
1515 1535 120 91 ut
1575 1535 159 91 suis
1675 1535 219 91 dominis
1834 1535 239 91 pareant,
2014 1535 120 91 in
2053 1535 100 91 om-

480 1594 179 77 nibus
599 1594 179 77 illis
718 1594 238 77 placeant
897 1594 139 77 nec
977 1594 159 77 sint
1076 1594 357 77 responsatores,
1374 1594 139 77 aut
1453 1594 318 77 suffurantes,
1711 1594 139 77 sed
1791 1594 179 77 fidem
1910 1594 179 77 omnem
2009 1594 139 77 prae-

491 1646 184 76 stent
613 1646 245 76 optimam,
797 1646 123 76 ut
859 1646 266 76 doctrinam
1063 1646 286 76 seruatoris
1288 1646 205 76 nostri
1431 1646 143 76 dei
1513 1646 205 76 ornent
1656 1646 123 76 in
1718 1646 245 76 omnibus.
1902 1646 184 76 Paria
2004 1646 143 76 incul

491 1702 138 77 cat
570 1702 158 77 idem
669 1702 257 77 apostolus
866 1702 118 77 ad
925 1702 197 77 Ephes.
1064 1702 118 77 6.
1123 1702 217 77 Coloss.
1281 1702 118 77 3.
1340 1702 118 77 1.
1399 1702 158 77 Tim.
1498 1702 118 77 6.
1557 1702 138 77 Hic
1636 1702 158 77 enim
1735 1702 178 77 locum
1853 1702 178 77 habet
1952 1702 197 77 doctrina

488 1759 133 77 de
554 1759 266 77 officijs
754 1759 288 77 dominorum
976 1759 111 77 &
1020 1759 266 77 seruorum
1220 1759 200 77 (quod
1353 1759 288 77 uidelicet
1575 1759 244 77 attinet
1753 1759 155 77 rem
1841 1759 333 77 familiarem)
2085 1759 67 77 &

479 1830 119 79 si
539 1830 159 79 quid
638 1830 179 79 aliud
757 1830 139 79 est
837 1830 179 79 huius
936 1830 199 79 generis.

556 1861 148 83 Huc
640 1861 274 83 pertinent
851 1861 211 83 Rapina
999 1861 105 83 &
1041 1861 211 83 Fraus,
1189 1861 211 83 quarum
1336 1861 232 83 utraque
1505 1861 274 83 latissime
1716 1861 211 83 patet.
1864 1861 190 83 Fraus
1969 1861 190 83 immensa

485 1944 160 60 est:
585 1944 140 60 nam
665 1944 260 60 iniquitas
864 1944 220 60 hominum
1024 1944 220 60 abyssus
1184 1944 160 60 est,
1284 1944 180 60 artes
1403 1944 220 60 hominum
1563 1944 299 60 multiplices
1803 1944 120 60 ac
1863 1944 200 60 uariae
2002 1944 180 60 sunt,

485 1986 180 83 quas
598 1986 180 83 nemo
711 1986 225 83 facile
868 1986 360 83 enumerauerit
1161 1986 225 83 omnes.
1319 1986 135 83 Et
1386 1986 225 83 Rapina
1544 1986 158 83 uim
1634 1986 203 83 habet
1769 1986 158 83 non
1859 1986 225 83 semper
1994 1986 158 83 arma-

484 2043 170 73 tam,
590 2043 149 73 sed
675 2043 106 73 &
718 2043 234 73 ingenio
888 2043 106 73 &
931 2043 213 73 lingua
1080 2043 319 73 instructam:
1335 2043 149 73 nec
1420 2043 192 73 agunt
1548 2043 128 73 in
1612 2043 213 73 syluis
1761 2043 255 73 duntaxat
1952 2043 106 73 &
1974 2043 170 73 campis

488 2104 257 73 raptores,
686 2104 139 73 sed
765 2104 119 73 in
825 2104 198 73 medijs
963 2104 198 73 quoque
1102 2104 238 73 urbibus.
1280 2104 198 73 Eripis
1419 2104 139 73 res
1498 2104 158 73 suas
1597 2104 218 73 proximo
1755 2104 158 73 tuo,
1854 2104 198 73 titulo
1993 2104 139 73 aut
2052 2104 99 73 sub

497 2154 214 79 specie
646 2154 214 79 iuris,
796 2154 192 79 nempe
924 2154 150 79 dum
1010 2154 278 79 loquentia
1224 2154 278 79 muneribus
1437 2154 150 79 aut
1523 2154 192 79 alijs
1651 2154 235 79 artibus
1822 2154 278 79 extorques
2015 2154 128 79 apud

484 2205 225 81 iudices
647 2205 286 81 sententiam
872 2205 143 81 pro
953 2205 143 81 tua
1035 2205 306 81 iniquitate,
1280 2205 265 81 rapuisti.
1484 2205 163 81 Sunt
1586 2205 143 81 qui
1668 2205 286 81 donationis
1893 2205 204 81 titulo
2015 2205 143 81 inte-

491 2279 157 72 gras
590 2279 315 72 haereditates
845 2279 197 72 iustis
983 2279 295 72 praeripiunt
1219 2279 295 72 haeredibus.
1455 2279 138 72 Hae
1534 2279 98 72 &
1573 2279 216 72 similes
1731 2279 177 72 artes
1849 2279 138 72 uel
1908 2279 236 72 imposturae

500 2332 214 78 partim
649 2332 150 78 sub
735 2332 257 78 rapinam,
927 2332 214 78 partim
1077 2332 150 78 sub
1163 2332 257 78 fraudes,
1355 2332 193 78 omnes
1484 2332 193 78 autem
1612 2332 150 78 sub
1698 2332 214 78 furtum
1826 2332 214 78 ueniunt.

573 2368 178 81 Alea
684 2368 245 81 quamuis
862 2368 222 81 habeat
1018 2368 289 81 consensum
1240 2368 222 81 mutuum
1396 2368 311 81 ludentium,
1640 2368 178 81 quia
1752 2368 200 81 tamen
1885 2368 245 81 quisque
2041 2368 111 81 al-

490 2432 160 79 teri
590 2432 160 79 suas
689 2432 140 79 res
769 2432 219 79 eripere
929 2432 199 79 ardet,
1068 2432 319 79 diuisoremque
1327 2432 279 79 fortunarum
1547 2432 199 79 caecam
1686 2432 259 79 fortunam,
1886 2432 120 79 id
1946 2432 140 79 est
2005 2432 140 79 talos

495 2496 139 67 aut
575 2496 219 67 chartas
734 2496 258 67 lusorias,
932 2496 298 67 constituit,
1171 2496 199 67 merito
1310 2496 159 67 alea
1409 2496 238 67 damnatur
1588 2496 99 67 a
1627 2496 278 67 theologis.
1846 2496 119 67 Et
1886 2496 258 67 lustinianus

501 2541 271 76 lmperator,
713 2541 135 76 uti
791 2541 174 76 extat
906 2541 155 76 Cod.
1003 2541 155 76 lib.
1100 2541 116 76 3.
1158 2541 155 76 tit.
1254 2541 213 76 ultimo,
1409 2541 232 76 commodis
1583 2541 290 76 subiectorum
1815 2541 309 76 prospiciens,
2046 2541 97 76 de-

497 2615 199 68 creuit
636 2615 119 68 ut
696 2615 179 68 nulli
815 2615 199 68 liceat
955 2615 119 68 in
1014 2615 239 68 publicis
1193 2615 139 68 uel
1273 2615 239 68 priuatis
1452 2615 219 68 domibus
1611 2615 219 68 ludere:
1770 2615 219 68 quamuis
1929 2615 159 68 enim
2009 2615 139 68 alea-

488 2651 143 80 rum
569 2651 184 80 lusus
692 2651 225 80 antiqua
855 2651 143 80 res
937 2651 164 80 sit,
1039 2651 266 80 prodijsse
1244 2651 184 80 tamen
1366 2651 123 80 in
1428 2651 286 80 lachrymas:
1653 2651 204 80 multos
1796 2651 164 80 enim
1898 2651 225 80 perdere
2041 2651 102 80 om.

488 2727 153 59 nem
576 2727 328 59 substantiam
838 2727 284 59 propriam,
1057 2727 219 59 tandem
1210 2727 109 59 &
1254 2727 131 59 in
1320 2727 328 59 blasphemias
1582 2727 131 59 in
1648 2727 175 59 deum
1757 2727 328 59 prorumpere.
1998 2727 153 59 Alio-

490 2764 140 86 qui
570 2764 160 86 nemo
670 2764 220 86 ignorat
830 2764 220 86 ingenij
990 2764 100 86 &
1030 2764 240 86 corporis
1210 2764 280 86 exercitia,
1431 2764 100 86 a
1471 2764 200 86 ueneno
1611 2764 180 86 lucri
1731 2764 220 86 aliena,
1891 2764 180 86 neque
1991 2764 160 86 impli-

504 2832 160 61 cita
604 2832 180 61 damno
724 2832 220 61 proximi
884 2832 100 61 &
924 2832 240 61 proprio,
1105 2832 140 61 non
1185 2832 160 61 esse
1265 2832 220 61 illicita.

597 2878 183 78 Vsura
719 2878 143 78 est
800 2878 143 78 cum
882 2878 204 78 alteri
1025 2878 245 78 concedis
1208 2878 163 78 usum
1310 2878 143 78 tui
1392 2878 245 78 peculij,
1575 2878 204 78 utpote
1718 2878 183 78 agri,
1840 2878 143 78 uel
1922 2878 204 78 domus,
2044 2878 102 78 uel

487 2946 266 80 pecuniae,
691 2946 143 80 uel
773 2946 246 80 alterius
958 2946 246 80 alicuius
1142 2946 164 80 rei,
1245 2946 164 80 unde
1347 2946 123 80 in
1408 2946 184 80 annum
1531 2946 246 80 percipis
1716 2946 225 80 fructum
1880 2946 246 80 aliquem.
2044 2946 102 80 Ha
