2288 3632
83 304 142 88 bes
164 304 163 88 enim
266 304 224 88 uillam,
428 304 264 88 praedium,
631 304 203 88 agros,
774 304 203 88 prata,
916 304 224 88 pascua,
1079 304 224 88 uineas,
1241 304 203 88 aedes,
1383 304 264 88 pecunias,
1587 304 163 88 quas
1668 304 122 88 elo-

102 384 138 64 cas
181 384 217 64 alteri,
339 384 138 64 sub
418 384 178 64 certa
537 384 237 64 pactione
714 384 237 64 foenoris
892 384 118 64 ad
951 384 118 64 te
1010 384 276 64 redeuntis.
1227 384 138 64 Hic
1306 384 296 64 contractus,
1543 384 158 64 haec
1622 384 158 64 pactio

91 439 144 61 per
174 439 124 61 se
236 439 144 61 non
318 439 144 61 est
401 439 248 61 illicita
587 439 144 61 aut
669 439 289 61 scripturis
896 439 227 61 sanctis
1062 439 248 61 damnata.
1247 439 124 61 Et
1309 439 206 61 Vsurae
1454 439 268 61 uocabulum
1640 439 144 61 inho-

89 493 218 65 nestum
242 493 152 65 non
329 493 174 65 est,
437 493 218 65 abusus
590 493 261 65 reddidit
785 493 326 65 inhonestum,
1046 493 131 65 ut
1112 493 152 65 non
1199 493 261 65 immerito
1394 493 196 65 hodie
1525 493 239 65 omnibus
1677 493 109 65 sit

95 547 365 64 abominandum.
392 547 274 64 Damnatur
597 547 183 64 enim
711 547 205 64 usura
848 547 137 64 in
917 547 342 64 scripturis,
1191 547 274 64 quatenus
1396 547 342 64 coniungitur
1670 547 160 64 cum

100 596 305 66 iniquitate
340 596 109 66 &
384 596 262 66 pernicie
580 596 262 66 proximi.
776 596 175 66 Quis
886 596 175 66 enim
995 596 284 66 prohibeat
1213 596 240 66 elocare
1387 596 175 66 usum
1496 596 196 66 agri,
1605 596 175 66 domus,

88 650 280 71 pecuniae,
304 650 108 71 &
347 650 172 71 inde
454 650 215 71 aequum
605 650 237 71 aliquem
777 650 237 71 fructum
950 650 301 71 percipere?
1186 650 215 71 Emptio
1337 650 194 71 enim,
1466 650 258 71 locatio,
1660 650 108 71 &
1681 650 108 71 si-

97 708 175 65 miles
213 708 273 65 contractus
427 708 195 65 liciti
564 708 175 65 sunt.
680 708 117 65 Et
739 708 117 65 ut
797 708 195 65 dantis
934 708 136 65 est
1011 708 292 65 benefacere:
1245 708 136 65 ita
1323 708 292 65 accipientis
1556 708 136 65 est
1615 708 175 65 benefi-

94 762 167 71 cium
198 762 146 71 non
282 762 209 71 gratis
428 762 250 71 usurpare
615 762 125 71 in
678 762 209 71 dantis
824 762 334 71 detrimentum.
1095 762 271 71 Beneficij
1303 762 167 71 meri
1408 762 167 71 alia
1512 762 146 71 est
1575 762 209 71 conside-

98 820 200 75 ratio.
238 820 120 75 De
298 820 120 75 ea
357 820 180 75 legis
477 820 180 75 Lucae
597 820 180 75 sexto
717 820 219 75 capite,
876 820 120 75 Si
936 820 200 75 mutuum
1076 820 259 75 dederitis
1275 820 160 75 his,
1375 820 100 75 a
1415 820 200 75 quibus
1555 820 259 75 speratis,

102 873 143 65 &c.
183 873 123 65 Et
245 873 307 65 lurisperiti
490 873 123 65 de
552 873 123 65 hi
613 873 143 65 ita
695 873 328 65 constituunt,
961 873 143 65 non
1043 873 164 65 esse
1145 873 225 65 usuram,
1309 873 205 65 quando
1452 873 184 65 pacto
1575 873 123 65 de
1616 873 164 65 retro-

110 931 257 67 uendendo
302 931 257 67 creditae
495 931 257 67 pecuniae
688 931 278 67 apponitur
902 931 214 67 aliqua
1052 931 214 67 pensio
1202 931 193 67 extra
1330 931 214 67 sortem
1480 931 193 67 danda
1609 931 107 67 a
1630 931 150 67 debi-

99 989 183 61 tore:
221 989 163 61 quia
323 989 204 61 mutuum
465 989 163 61 esse
567 989 244 61 desinit,
750 989 163 61 quod
852 989 143 61 ita
934 989 244 61 alterius
1117 989 163 61 usui
1219 989 305 61 subijcitur,
1463 989 122 61 ut
1524 989 244 61 debitore
1687 989 102 61 no-

109 1042 202 72 lente,
250 1042 141 72 non
331 1042 202 72 liceat
473 1042 263 72 creditori
675 1042 182 72 illud
796 1042 263 72 repetere,
998 1042 182 72 donec
1119 1042 162 72 ipse
1220 1042 283 72 pensionem,
1442 1042 121 72 ad
1503 1042 162 72 quam
1604 1042 121 72 se
1645 1042 141 72 debi-

100 1095 146 77 tor
184 1095 293 77 astrinxit,
414 1095 230 77 soluat.
581 1095 146 77 Nam
665 1095 167 77 tale
770 1095 251 77 creditum
958 1095 230 77 transit
1125 1095 126 77 in
1188 1095 293 77 contractum
1418 1095 293 77 emptionis.
1628 1095 167 77 Dicunt

94 1155 175 76 ergo
204 1155 219 76 Vsuram
357 1155 131 76 in
423 1155 175 76 solo
532 1155 197 76 mutuo
663 1155 197 76 (quod
795 1155 197 76 debet
926 1155 175 76 esse
1036 1155 307 76 gratuitum)
1276 1155 285 76 committi,
1495 1155 153 76 non
1583 1155 131 76 in
1627 1155 153 76 reli-

105 1210 161 70 quis
205 1210 342 70 contractibus.
487 1210 141 70 Sit
567 1210 121 70 in
627 1210 181 70 hisce
748 1210 281 70 commercijs
969 1210 221 70 utrique
1130 1210 241 70 praefixa
1311 1210 221 70 regula.
1471 1210 161 70 Quod
1572 1210 161 70 tibi
1652 1210 141 70 uelis

103 1263 201 78 fieris,
249 1263 182 78 alteri
376 1263 201 78 feceris
522 1263 91 78 :
559 1263 91 78 &
595 1263 146 78 quod
686 1263 146 78 tibi
778 1263 164 78 nolis
887 1263 182 78 fieri,
1015 1263 182 78 alteri
1143 1263 109 78 ne
1197 1263 219 78 feceris.
1361 1263 109 78 Et
1416 1263 146 78 illa
1507 1263 237 78 apostoli,
1672 1263 109 78 Nemo

99 1337 359 60 circumueniat
391 1337 135 60 in
458 1337 247 60 negotio
638 1337 247 60 fratrem
817 1337 202 60 suum.
952 1337 180 60 Scio
1064 1337 180 60 quid
1177 1337 292 60 adferatur
1401 1337 135 60 de
1469 1337 270 60 pecunia,
1648 1337 135 60 hanc

95 1379 150 66 non
180 1379 150 66 ita
266 1379 129 66 ut
330 1379 193 66 agros
459 1379 107 66 &
502 1379 214 66 uineas
652 1379 236 66 manere,
824 1379 150 66 sed
910 1379 150 66 usu
995 1379 257 66 consumi,
1188 1379 172 66 ergo
1296 1379 193 66 nullo
1424 1379 172 66 iure
1532 1379 193 66 posse
1639 1379 150 66 ullum

99 1433 101 62 a
139 1433 262 62 peccunijs
340 1433 221 62 fructum
501 1433 241 62 percipi.
682 1433 141 62 Sed
763 1433 121 62 si
823 1433 161 62 quis
924 1433 201 62 altori
1065 1433 141 62 det
1145 1433 262 62 pecuniam,
1346 1433 141 62 qui
1427 1433 241 62 praedium
1608 1433 141 62 aut
1668 1433 121 62 uil-

100 1489 170 64 lam,
206 1489 191 64 agros
333 1489 148 64 aut
418 1489 212 64 uineas
566 1489 127 64 ea
630 1489 233 64 pecunia
799 1489 170 64 sibi
905 1489 276 64 comparet,
1117 1489 297 64 negotietur
1350 1489 233 64 denique
1520 1489 106 64 &
1541 1489 233 64 lucretur.

93 1547 156 61 non
182 1547 200 61 uideo
315 1547 156 61 cur
404 1547 156 61 uir
493 1547 200 61 bonus
627 1547 156 61 non
715 1547 245 61 fructum
893 1547 222 61 aequum
1049 1547 133 61 de
1116 1547 245 61 pecunia
1294 1547 245 61 elocata
1472 1547 200 61 uelut
1605 1547 133 61 ex
1650 1547 133 61 fun-

104 1604 125 64 do
167 1604 271 64 aiccipere
375 1604 229 64 possit.
542 1604 271 64 Potuisset
751 1604 146 64 qui
834 1604 250 64 elocauit
1022 1604 271 64 pecuniam,
1230 1604 188 64 emere
1355 1604 271 64 praedium,
1564 1604 125 64 ex
1626 1604 146 64 quo
1689 1604 104 64 to-

92 1658 151 63 tus
179 1658 129 63 ad
243 1658 194 63 ipsum
373 1658 237 63 ementem
545 1658 280 63 redijsset
761 1658 259 63 fructus:
955 1658 151 63 iam
1041 1658 173 63 uero
1149 1658 216 63 alteri
1300 1658 259 63 concedit
1494 1658 259 63 pecuniae
1667 1658 129 63 usum

103 1715 126 66 ad
166 1715 294 66 luculentam
397 1715 210 66 istius
544 1715 315 66 utilitatem.
796 1715 189 66 Parat
922 1715 126 66 is
986 1715 168 66 sibi
1091 1715 231 66 accepta
1259 1715 189 66 mutuo
1385 1715 147 66 aut
1469 1715 147 66 per
1532 1715 252 66 contractum

95 1768 176 62 data
205 1768 242 62 pecunia
381 1768 286 62 peculium,
601 1768 132 62 ex
667 1768 198 62 cuius
799 1768 264 62 prouentu
996 1768 198 62 totam
1128 1768 176 62 suam
1238 1768 176 62 alit
1348 1768 286 62 familiam,
1546 1768 242 62 portionem

94 1828 240 60 interim
269 1828 284 60 condictam
487 1828 131 60 ei
552 1828 240 60 pendit,
727 1828 109 60 a
771 1828 153 60 quo
858 1828 240 60 accepit
1032 1828 284 60 pecuniam,
1251 1828 175 60 quam
1360 1828 153 60 cum
1447 1828 284 60 restituit
1643 1828 153 60 inte-

105 1880 185 75 gram,
229 1880 144 75 ius
311 1880 329 75 proprietatis
578 1880 247 75 redemit,
763 1880 123 75 ac
824 1880 123 75 se
886 1880 103 75 a
927 1880 247 75 pensione
1112 1880 185 75 annua
1235 1880 288 75 liberauit.
1461 1880 123 75 In
1523 1880 144 75 hac
1585 1880 205 75 pactione

99 1943 175 65 nemo
208 1943 219 65 opinor
362 1943 241 65 dixerit
537 1943 197 65 usura
668 1943 241 65 opprimi
843 1943 284 65 pauperem,
1061 1943 153 65 cum
1149 1943 175 65 ipsa
1258 1943 153 65 res
1346 1943 219 65 potius
1499 1943 241 65 clamet,
1652 1943 131 65 pau-

104 2007 196 61 perem
235 2007 196 61 usura
366 2007 175 61 tali
475 2007 240 61 iuuari.
650 2007 196 61 Vsura
780 2007 175 61 ergo
890 2007 305 61 prohibetur
1130 2007 131 61 in
1195 2007 196 61 uerbo
1326 2007 218 61 domini
1479 2007 262 61 quatenus
1653 2007 131 61 mor-

108 2042 149 74 det
193 2042 149 74 (ut
278 2042 297 74 scripturae
511 2042 191 74 uerbo
639 2042 191 74 utar)
766 2042 276 74 proximum,
978 2042 255 74 quatenus
1169 2042 127 74 ei
1233 2042 191 74 nocet
1360 2042 106 74 &
1403 2042 191 74 ipsum
1530 2042 234 74 perdit.
1679 2042 106 74 Sic

100 2108 167 66 enim
204 2108 188 66 dicit
329 2108 229 66 dominus
496 2108 125 66 in
559 2108 271 66 Leuitico,
767 2108 125 66 Si
830 2108 125 66 ad
892 2108 229 66 inopiam
1059 2108 209 66 fuerit
1205 2108 250 66 redactus
1393 2108 209 66 frater
1539 2108 188 66 tuus,
1643 2108 146 66 nuta-

103 2167 254 69 ueriitque
299 2167 176 69 manus
416 2167 156 69 eius
514 2167 176 69 tecum
631 2167 137 69 (id
709 2167 137 69 est
787 2167 117 69 si
846 2167 234 69 facultas
1021 2167 156 69 eius
1119 2167 156 69 apud
1217 2167 117 69 te
1275 2167 234 69 deficere
1451 2167 293 69 incoeperit)
1666 2167 117 69 siue

106 2224 209 63 aduena
252 2224 229 63 fuerit,
419 2224 167 63 siue
523 2224 313 63 inquilinus,
773 2224 271 63 corrobora
982 2224 146 63 eum
1065 2224 125 63 ut
1128 2224 188 63 tecum
1253 2224 209 63 uiuat.
1399 2224 125 63 Ne
1461 2224 271 63 acceperis
1670 2224 125 63 ab
1712 2224 83 63 eo

106 2266 246 68 foenius,
291 2266 185 68 neque
414 2266 164 68 plus
517 2266 185 68 aequo
640 2266 103 68 :
681 2266 144 68 sed
763 2266 164 68 time
865 2266 226 68 dominum
1029 2266 123 68 ut
1091 2266 185 68 tecum
1214 2266 205 68 uiuere
1357 2266 205 68 possit
1501 2266 205 68 frater
1644 2266 185 68 tuus,

112 2328 129 60 Ne
176 2328 150 60 des
262 2328 171 60 illi
369 2328 257 60 pecuniam
562 2328 171 60 tuam
669 2328 129 60 ad
733 2328 236 60 foenus,
904 2328 193 60 neque
1033 2328 150 60 des
1119 2328 171 60 illi
1226 2328 279 60 alimentum
1440 2328 171 60 tuum
1547 2328 129 60 ad
1612 2328 214 60 nimium

105 2382 177 61 siue
216 2382 288 61 excessum,
437 2382 177 61 siue
548 2382 465 61 superabundantiam.
946 2382 155 61 Ego
1034 2382 243 61 dominus
1212 2382 177 61 deus
1322 2382 243 61 uester.
1499 2382 266 61 Improbat
1676 2382 111 61 er-

106 2442 144 71 go
178 2442 264 71 dominus
370 2442 216 71 omnes
514 2442 288 71 auarorum
730 2442 120 71 &
778 2442 336 71 impostorum
1041 2442 240 71 artes,
1209 2442 240 71 quibus
1377 2442 168 71 non
1473 2442 240 71 tantum
1617 2442 168 71 modum

107 2496 268 67 excedunt
308 2496 134 67 in
375 2496 246 67 foenore
553 2496 290 67 exigendo,
777 2496 156 67 sed
866 2496 134 67 in
933 2496 179 67 hunc
1045 2496 223 67 maxime
1201 2496 201 67 finem
1335 2496 268 67 pecunias
1536 2496 112 67 &
1581 2496 156 67 res
1648 2496 134 67 suas

106 2551 225 65 elocant
269 2551 205 65 alijs,
413 2551 123 65 ut
474 2551 143 65 hac
556 2551 205 65 ueluti
699 2551 266 65 occasione
904 2551 184 65 rebus
1027 2551 164 65 suis
1129 2551 225 65 omnibus
1293 2551 225 65 exuant.
1456 2551 184 65 Artes
1559 2551 225 65 usurario-

111 2614 153 59 rum
199 2614 349 59 iniquissimas
482 2614 175 59 nemo
592 2614 218 59 opinor
745 2614 218 59 paucis
897 2614 328 59 exposuerit,
1160 2614 153 59 cum
1247 2614 131 59 in
1312 2614 175 59 diem
1422 2614 306 59 exoriantur
1640 2614 153 59 noue.

109 2667 276 60 Recitabo
316 2667 184 60 ergo
431 2667 161 60 hic
523 2667 230 60 domini
683 2667 276 60 iudicium
890 2667 230 60 contra
1051 2667 345 60 usurariorum
1327 2667 253 60 aliquot
1510 2667 138 60 in
1556 2667 230 60 mutuando

110 2721 223 67 locando
272 2721 345 67 diuendendoque
556 2721 365 67 scelestissimas
860 2721 182 67 artes
981 2721 182 67 atque
1103 2721 223 67 sordes,
1265 2721 122 67 ut
1326 2721 223 67 quisque
1488 2721 203 67 deinde
1610 2721 182 67 simili-

106 2772 147 66 ter
190 2772 231 66 iudicet
358 2772 126 66 de
420 2772 293 66 similibus.
651 2772 147 66 Ita
735 2772 252 66 loquitur
924 2772 252 66 propheta
1112 2772 168 66 Amos
1217 2772 210 66 capite
1364 2772 126 66 S.
1427 2772 210 66 Audite
1573 2772 189 66 istud
1678 2772 105 66 uos

112 2826 139 70 qui
192 2826 199 70 anheli
331 2826 279 70 absorbetis
550 2826 259 70 pauperes,
749 2826 100 70 &
789 2826 259 70 afflictos
988 2826 100 70 e
1028 2826 179 70 terra
1147 2826 338 70 exterminatis,
1426 2826 259 70 dicentes,
1625 2826 159 70 Post
1704 2826 100 70 men

103 2892 171 63 sem
200 2892 220 63 uenum
347 2892 318 63 exponemus
592 2892 294 63 annonam,
812 2892 122 63 &
861 2892 245 63 exacta
1032 2892 318 63 hebdomade
1277 2892 318 63 aperiemus
1497 2892 294 63 frumentum,

111 2952 178 69 epha
222 2952 333 69 diminuemus,
488 2952 200 69 siclo
622 2952 200 69 autem
755 2952 267 69 addemus,
955 2952 111 69 &
999 2952 267 69 bilancem
1199 2952 178 69 dolo
1310 2952 378 69 deprauabimus,
1621 2952 133 69 ut
1666 2952 133 69 com
