2288 3632
436 288 265 98 luxuriose
639 288 143 98 res
721 288 163 98 suas
823 288 285 98 profundunt
1047 288 183 98 alea,
1169 288 285 98 sumptuosis
1393 288 305 98 aedificijs,
1637 288 285 98 peregrinis
1861 288 143 98 aut
1922 288 204 98 exoticis

450 373 276 62 uestibus,
662 373 233 62 poculis
832 373 106 62 &
874 373 297 62 exquisitis
1108 373 212 62 cibis.
1256 373 191 62 Horum
1383 373 191 62 finem
1511 373 106 62 &
1553 373 276 62 interitum
1765 373 255 62 uenuste,
1956 373 149 62 sed
2020 373 106 62 non

449 423 164 66 sine
551 423 225 66 horrore
715 423 287 66 audientium
940 423 246 66 proponit
1124 423 225 66 dominus
1288 423 123 66 in
1350 423 246 66 parabola
1534 423 225 66 diuitis
1698 423 205 66 illius
1841 423 266 66 epulonis,
2026 423 102 66 qui

442 478 167 79 post
546 478 208 79 mensam
692 478 312 79 lautissimam
942 478 104 79 &
984 478 312 79 mollissimas
1234 478 208 79 uestes
1379 478 125 79 in
1442 478 167 79 alio
1546 478 229 79 saeculo
1713 478 167 79 apud
1817 478 229 79 inferos
1962 478 167 79 inedi-

445 544 203 70 cibili
587 544 162 70 siti
688 544 264 70 torquetur
891 544 101 70 &
931 544 223 70 fiammis
1094 544 264 70 perpetuis
1297 544 264 70 torretur,
1499 544 183 70 Recte
1621 544 203 70 itaque
1763 544 142 70 pie
1844 544 101 70 &
1885 544 243 70 moderate
2047 544 81 70 bo

455 586 126 74 na
518 586 168 74 illa
623 586 295 74 temporalia
855 586 168 74 sunt
939 586 253 74 usurpanda.

520 656 306 68 Agnoscendum
764 656 204 68 cuique
907 656 163 68 bona
1009 656 163 68 illa
1110 656 285 68 terrestria
1335 656 163 68 dona
1436 656 163 68 esse
1538 656 224 68 benigni
1701 656 204 68 patris
1844 656 204 68 nostri
1966 656 163 68 coele-

444 708 182 70 stis,
565 708 142 70 non
646 708 202 70 nostro
788 708 202 70 merito
929 708 142 70 aut
1010 708 222 70 nostris
1172 708 364 70 uiribusparata.
1475 708 142 70 Nam
1556 708 121 70 ex
1617 708 142 70 dei
1697 708 324 70 liberalitate
1940 708 182 70 habemus

448 769 168 63 quae
553 769 126 63 ad
616 769 189 63 uitam
742 769 336 63 sustentandam
1015 769 189 63 nobis
1141 769 168 63 sunt
1246 769 315 63 necessaria.
1498 769 252 63 Fortunat
1687 769 147 63 seu
1771 769 273 63 benedicit
1981 769 189 63 labo¬

441 825 192 64 ribus
569 825 235 64 nostris
739 825 256 64 dominus.
931 825 235 64 Denique
1102 825 171 64 bona
1208 825 171 64 sunt
1315 825 171 64 dona
1421 825 171 64 dei,
1528 825 149 64 non
1613 825 192 64 mala:
1741 825 128 64 ac
1805 825 149 64 dat
1890 825 171 64 illa
1976 825 149 64 mundo

443 878 127 71 ad
506 878 211 71 uitam,
654 878 148 71 non
738 878 127 71 ad
802 878 274 71 interitum
1013 878 106 71 :
1055 878 211 71 nostra
1203 878 190 71 culpa
1329 878 338 71 conuertuntur
1603 878 211 71 multis
1751 878 190 71 saepe
1878 878 127 71 in
1920 878 211 71 laqueum.

443 933 272 70 Praeterea
653 933 251 70 requirit
841 933 168 70 ipse
946 933 230 70 dominus
1113 933 126 70 in
1176 933 189 70 uerbo
1302 933 147 70 suo
1386 933 126 70 ut
1449 933 189 70 grati
1574 933 189 70 simus
1700 933 147 70 deo
1784 933 147 70 pro
1868 933 189 70 datis
1972 933 147 70 mune-

447 996 221 62 ribus,
602 996 133 62 ut
668 996 155 62 his
757 996 221 62 utamur
912 996 155 62 cum
1001 996 465 62 gratiarumactione,
1399 996 288 62 laudantes
1621 996 133 62 in
1687 996 244 62 omnibus
1864 996 199 62 nomen
1975 996 155 62 domi-

451 1053 146 59 ni,
535 1053 188 59 atque
660 1053 271 59 exultemus
869 1053 125 59 in
931 1053 188 59 ipso.
1056 1053 146 59 Sic
1140 1053 167 59 enim
1244 1053 271 59 praecipit
1453 1053 188 59 Moses
1578 1053 230 59 famulus
1745 1053 146 59 dei
1829 1053 125 59 in
1891 1053 188 59 Deut.
1996 1053 125 59 Domi

448 1106 144 72 nus
531 1106 165 72 deus
634 1106 165 72 tuus
737 1106 186 72 dabit
861 1106 165 72 tibi
964 1106 206 72 terram
1109 1106 433 72 praestantissimam,
1480 1106 124 72 in
1542 1106 144 72 qua
1625 1106 186 72 nulla
1749 1106 124 72 re
1810 1106 289 72 indigebis.
2017 1106 103 72 Cum

450 1166 162 64 ergo
551 1166 263 64 comederis
753 1166 101 64 &
793 1166 182 64 satur
915 1166 202 64 factus
1056 1166 222 64 fueris,
1218 1166 141 64 age
1299 1166 222 64 gratias
1460 1166 202 64 domino
1602 1166 141 64 deo
1682 1166 141 64 tuo
1763 1166 121 64 in
1824 1166 182 64 terra
1945 1166 162 64 illa
2026 1166 101 64 bo-

447 1214 147 70 na,
531 1214 168 70 quam
636 1214 189 70 dedit
762 1214 189 70 tibi.
888 1214 168 70 Caue
993 1214 126 70 ne
1056 1214 189 70 forte
1182 1214 336 70 obliuiscaris
1455 1214 210 70 domini
1602 1214 147 70 dei
1686 1214 168 70 tui,
1791 1214 105 70 &
1833 1214 147 70 non
1896 1214 231 70 custodias

457 1275 260 65 praecepta
657 1275 220 65 iudicia
817 1275 100 65 &
857 1275 180 65 ritus
976 1275 160 65 eius
1076 1275 160 65 quae
1176 1275 140 65 ego
1256 1275 260 65 praecipio
1456 1275 160 65 tibi
1556 1275 200 65 hodie:
1696 1275 120 65 ne
1755 1275 180 65 forte
1875 1275 220 65 comedas
2035 1275 100 65 &
2055 1275 80 65 sa

460 1326 148 75 tur
544 1326 232 75 factus,
713 1326 190 75 domos
840 1326 253 75 pulchras
1030 1326 232 75 extruas
1199 1326 106 75 &
1241 1326 296 75 inhabites:
1473 1326 232 75 armenta
1642 1326 148 75 tua
1727 1326 106 75 &
1769 1326 211 75 greges
1917 1326 148 75 tui
1980 1326 148 75 auge-

449 1385 188 58 scant
574 1385 188 58 tibi,
699 1385 188 58 aurum
825 1385 104 58 &
866 1385 250 58 argentum
1054 1385 209 58 multum
1200 1385 146 58 sit
1284 1385 188 58 tibi,
1409 1385 104 58 &
1451 1385 250 58 quicquid
1638 1385 229 58 denique
1805 1385 188 58 habes
1910 1385 229 58 augescat:

455 1442 105 61 &
497 1442 168 61 hinc
602 1442 252 61 eleuetur
791 1442 147 61 cor
875 1442 189 61 tuum,
1001 1442 105 61 &
1043 1442 336 61 obliuiscaris
1316 1442 210 61 domini
1463 1442 147 61 dei
1547 1442 168 61 tui,
1652 1442 147 61 qui
1736 1442 210 61 eduxit
1883 1442 126 61 te
1946 1442 126 61 de
1988 1442 147 61 terra

450 1496 262 61 Aegypti,
647 1496 131 61 de
712 1496 175 61 domo
821 1496 327 61 seruitutis.
1083 1496 131 61 Ne
1149 1496 240 61 dixeris
1323 1496 131 61 in
1389 1496 196 61 corde
1520 1496 175 61 tuo,
1629 1496 218 61 Virtus
1782 1496 153 61 mea
1869 1496 109 61 &
1913 1496 196 61 robur
2022 1496 109 61 ma-

457 1546 149 72 nus
542 1546 170 72 meae
648 1546 234 72 parauit
818 1546 170 72 mihi
925 1546 170 72 hanc
1031 1546 319 72 opulentiam.
1286 1546 277 72 Memineris
1499 1546 213 72 domini
1648 1546 149 72 dei
1733 1546 170 72 tui,
1839 1546 170 72 quia
1946 1546 170 72 ipse
2031 1546 106 72 est

461 1607 143 66 qui
542 1607 143 66 dat
624 1607 163 66 tibi
726 1607 265 66 uirtutem,
930 1607 122 66 ut
991 1607 163 66 opes
1093 1607 163 66 tibi
1195 1607 204 66 pares,
1338 1607 143 66 &c.
1420 1607 143 66 Sed
1501 1607 102 66 &
1542 1607 204 66 Paulus
1685 1607 265 66 apostolus
1889 1607 184 66 omnes
1991 1607 143 66 crea-

448 1664 192 74 turas
576 1664 149 74 dei
661 1664 192 74 bonas
789 1664 171 74 esse
896 1664 213 74 dicit,
1045 1664 128 74 ad
1109 1664 192 74 bonum
1237 1664 107 74 &
1280 1664 384 74 conseruationem
1600 1664 235 74 hominum
1771 1664 278 74 conditas,
1963 1664 171 74 hasque

457 1725 189 68 iubet
583 1725 252 68 usurpare
773 1725 147 68 cum
857 1725 210 68 timore
1004 1725 147 68 dei
1088 1725 105 68 &
1130 1725 442 68 gratiarumactione.
1509 1725 126 68 Et
1572 1725 231 68 iterum,
1740 1725 189 68 Siue,
1867 1725 231 68 inquit,
2014 1725 126 68 edi-

456 1783 130 56 tis
531 1783 149 56 siue
624 1783 223 56 bibitis,
791 1783 149 56 siue
884 1783 149 56 quid
977 1783 223 56 facitis,
1145 1783 167 56 omnia
1256 1783 112 56 in
1312 1783 205 56 gloriam
1461 1783 130 56 dei
1536 1783 205 56 facite.
1684 1783 167 56 Item,
1796 1783 149 56 Sint
1889 1783 167 56 mores
1982 1783 149 56 uestri

455 1833 197 68 alieni
593 1833 118 68 ab
652 1833 256 68 auaritia,
850 1833 237 68 contenti
1027 1833 138 68 his
1106 1833 158 68 quae
1204 1833 217 68 adsunt.
1362 1833 237 68 Siquidem
1540 1833 158 68 ipse
1638 1833 197 68 dixit,
1776 1833 138 68 Non
1855 1833 118 68 te
1914 1833 197 68 desero
2032 1833 99 68 ne-

462 1888 150 59 que
547 1888 322 59 derelinquo,
805 1888 129 59 ut
869 1888 257 59 fidentes
1062 1888 257 59 dicamus,
1255 1888 236 59 Dominus
1426 1888 172 59 mihi
1534 1888 322 59 auxiliator,
1791 1888 150 59 non
1877 1888 214 59 timebo
2005 1888 129 59 quid

453 1936 225 71 faciat
610 1936 180 71 mihi
700 1936 157 71 homo.

527 1995 242 76 Seruiant
708 1995 182 76 autem
829 1995 282 76 facultates
1051 1995 242 76 terrenae
1233 1995 303 76 necessitati
1475 1995 242 76 nostrae.
1657 1995 282 76 Necessitas
1879 1995 242 76 postulat
2040 1995 101 76 ha-

458 2042 301 75 bitationem
694 2042 279 75 commodam,
908 2042 215 75 uictum
1059 2042 236 75 quantum
1230 2042 193 75 satis
1359 2042 172 75 est,
1467 2042 322 75 uestitumque
1724 2042 279 75 decentem,
1939 2042 129 75 ac
2003 2042 129 75 ut
2046 2042 86 75 ho

456 2106 175 73 neste
572 2106 234 73 possimus
748 2106 214 73 uersari
904 2106 175 73 inter
1021 2106 214 73 homines
1177 2106 253 73 nostrique
1372 2106 253 73 aequales.
1567 2106 117 73 Id
1625 2106 214 73 quisque
1781 2106 117 73 de
1840 2106 136 73 sua
1918 2106 195 73 ipsius
2035 2106 97 73 per

453 2165 168 67 sona
558 2165 232 67 primum,
727 2165 211 67 deinde
874 2165 105 67 &
916 2165 126 67 de
979 2165 232 67 familia
1148 2165 168 67 eius
1253 2165 316 67 intelligat.
1505 2165 147 67 Nam
1590 2165 358 67 patrifamilias
1863 2165 274 67 prospicien-

459 2222 143 64 dum
540 2222 163 64 est,
642 2222 123 64 ne
704 2222 184 64 quid,
826 2222 163 64 quod
929 2222 123 64 ad
990 2222 327 64 necessitatem
1255 2222 266 64 pertinet,
1460 2222 184 64 desit
1582 2222 266 64 familiae.
1787 2222 204 64 Extant
1909 2222 225 64 manifesta

455 2280 118 68 de
514 2280 137 68 hac
593 2280 118 68 re
651 2280 274 68 scripturae
867 2280 294 68 testimonia,
1102 2280 176 68 Pauli
1220 2280 118 68 in
1279 2280 196 68 primis
1416 2280 118 68 1.
1475 2280 157 68 Tim.
1573 2280 118 68 5.
1631 2280 157 68 cap.
1729 2280 118 68 Et
1788 2280 274 68 necessitas
1984 2280 157 68 compre

457 2332 211 62 hendit
604 2332 211 62 omnia,
752 2332 211 62 quibus
899 2332 232 62 indiget
1067 2332 211 62 corpus
1215 2332 147 62 aut
1299 2332 168 62 uita
1404 2332 253 62 hominis,
1594 2332 232 62 denique
1762 2332 168 62 quae
1867 2332 253 62 honestas
2036 2332 105 62 aut

462 2385 222 68 decorum
623 2385 242 68 cuiusque
805 2385 242 68 requirit
986 2385 141 68 aut
1067 2385 262 68 flagitat.
1268 2385 121 68 Et
1329 2385 242 68 hactenus
1510 2385 202 68 quidem
1651 2385 101 68 &
1692 2385 121 68 in
1752 2385 161 68 hunc
1853 2385 181 68 finem
1954 2385 181 68 aliquid

452 2442 276 71 recondere
664 2442 191 71 licet
791 2442 127 71 in
855 2442 255 71 futurum.
1046 2442 255 71 Pluribus
1237 2442 170 71 opus
1343 2442 149 71 est
1428 2442 127 71 ei
1491 2442 149 71 qui
1576 2442 276 71 numerosam
1789 2442 170 71 alit
1895 2442 276 71 familiam,

448 2502 176 63 quam
558 2502 154 63 qui
646 2502 264 63 familiam
844 2502 198 63 habet
975 2502 242 63 paruam.
1151 2502 132 63 Et
1217 2502 176 63 alia
1327 2502 220 63 decent
1481 2502 154 63 eum
1569 2502 154 63 qui
1657 2502 264 63 publicam
1854 2502 198 63 gerit
1964 2502 176 63 perso-

452 2559 163 65 nam,
554 2559 163 65 alia
656 2559 143 65 qui
737 2559 245 65 priuatus
921 2559 163 65 est.
1023 2559 224 65 Cogitet
1186 2559 184 65 autem
1308 2559 224 65 quisque
1471 2559 143 65 hic
1553 2559 163 65 quid
1655 2559 285 65 necessitas
1879 2559 224 65 poscat,
2022 2559 122 65 quid

460 2612 180 64 luxus
580 2612 100 64 &
620 2612 200 64 libido
760 2612 260 64 suggerat.
961 2612 220 64 Cogitet
1121 2612 220 64 quisque
1281 2612 160 64 quid
1381 2612 120 64 se
1441 2612 220 64 deceat,
1602 2612 140 64 uel
1662 2612 220 64 dedeceat.

530 2660 130 75 Et
595 2660 347 75 necessitatem
877 2660 217 75 quidem
1029 2660 130 75 in
1094 2660 282 75 praesenti
1311 2660 152 75 non
1398 2660 152 75 tam
1484 2660 195 75 arcte
1615 2660 390 75 constringimus,
1940 2660 130 75 ut
1983 2660 152 75 omnem

454 2736 330 56 uoluptatem
713 2736 165 56 aut
808 2736 306 56 moderatam
1043 2736 235 56 copiam
1208 2736 259 56 tanquam
1396 2736 306 56 libidinem
1632 2736 118 56 &
1679 2736 283 56 luxuriam
1867 2736 259 56 damnemus,

456 2778 174 72 Scio
565 2778 174 72 enim
674 2778 283 72 diuinitus
892 2778 283 72 concessam
1110 2778 174 72 esse
1219 2778 218 72 homini
1371 2778 153 72 non
1459 2778 174 72 modo
1567 2778 349 72 necessitatis
1851 2778 196 72 usum,
1981 2778 196 72 earum

452 2838 227 76 inquam
611 2838 204 76 rerum
747 2838 204 76 usum,
883 2838 227 76 quibus
1042 2838 250 76 homines
1224 2838 227 76 carere
1382 2838 159 76 non
1473 2838 295 76 possumus,
1700 2838 159 76 sed
1791 2838 204 76 etiam
1904 2838 227 76 uolupta-

460 2890 150 67 tem
545 2890 300 67 moderatam,
781 2890 172 67 quae
888 2890 257 67 delectat
1081 2890 257 67 homines.
1274 2890 172 67 Nemo
1382 2890 172 67 ergo
1489 2890 172 67 sibi
1596 2890 129 67 in
1660 2890 193 67 suaui
1789 2890 150 67 sed
1875 2890 193 67 iusto
1982 2890 150 67 rerum

451 2962 283 71 terrenarum
673 2962 142 71 usu
754 2962 202 71 faciat
896 2962 344 71 conscientiam,
1179 2962 182 71 quasi
1301 2962 121 71 ea
1361 2962 303 71 iucunditate
1604 2962 142 71 qua
1685 2962 223 71 fruitur
1847 2962 202 71 peccet
1968 2962 162 71 contra
