2288 3632
80 263 284 93 dominum.
293 263 166 93 Hic
388 263 189 93 enim
507 263 355 93 hilaritatem
791 263 237 93 gaudia
957 263 118 93 &
1004 263 284 93 iucundum
1217 263 213 93 rerum
1359 263 213 93 usum,
1501 263 189 93 modo
1596 263 166 93 nihil

91 339 211 69 contra
239 339 232 69 decorum
408 339 148 69 aut
492 339 232 69 ingrate
661 339 106 69 &
703 339 211 69 inique
851 339 190 69 fiat,
978 339 232 69 nuspiam
1147 339 296 69 prohibuit.
1379 339 253 69 Ieremias
1569 339 169 69 enim
1653 339 106 69 pro

82 388 186 83 pheta
206 388 248 83 alludens
392 388 124 83 ad
454 388 309 83 promisiones
701 388 186 83 legis
825 388 227 83 diuinae
990 388 268 83 contentas
1196 388 206 83 Leuit.
1341 388 144 83 26.
1423 388 103 83 &
1464 388 186 83 Deut.
1588 388 144 83 28.
1650 388 103 83 sic

88 446 206 72 dicit,
233 446 227 72 Venient
397 446 103 72 &
439 446 288 72 iubilabunt
665 446 124 72 in
727 446 185 72 zion,
851 446 103 72 &
892 446 247 72 affluent
1077 446 247 72 bonitate
1263 446 227 72 domini,
1427 446 124 72 in
1489 446 268 72 frumento,
1675 446 82 72 in

91 500 212 80 musto,
239 500 127 80 in
303 500 191 80 oleo,
430 500 106 80 &
472 500 127 80 in
536 500 254 80 foetibus
726 500 212 80 gregum
874 500 106 80 &
917 500 318 80 armentorum,
1171 500 233 80 eritque
1340 500 191 80 anima
1467 500 233 80 ipsorum
1616 500 148 80 simi-

89 549 139 87 lis
169 549 179 87 horto
288 549 238 87 irriguo,
467 549 139 87 nec
546 549 179 87 ultra
665 549 258 87 dolebunt.
864 549 159 87 Tunc
963 549 278 87 laetabitur
1182 549 179 87 uirgo
1301 549 119 87 in
1361 549 199 87 choro,
1500 549 219 87 iuuenes
1659 549 99 87 &
1679 549 79 87 se

93 613 156 81 nes
182 613 268 81 pariter.
383 613 290 81 Conuertam
606 613 178 81 enim
717 613 223 81 luctum
873 613 201 81 eorum
1007 613 134 81 in
1074 613 268 81 gaudium:
1274 613 111 81 &
1319 613 312 81 consolabor
1564 613 156 81 eos
1654 613 111 81 &
1676 613 89 81 ex

88 662 260 87 hilarabo
284 662 217 87 ipsos.
435 662 282 87 Inebriabo
652 662 195 87 etiam
783 662 217 87 animam
935 662 304 87 sacerdotum
1173 662 325 87 pinguedine,
1434 662 108 87 &
1477 662 239 87 populus
1629 662 130 87 meus

86 720 187 79 bonis
211 720 332 79 saturabitur,
480 720 187 79 dicit
604 720 249 79 dominus,
791 720 207 79 Ierem.
936 720 145 79 31.
1019 720 228 79 Legimus
1185 720 166 79 enim
1288 720 104 79 &
1330 720 124 79 in
1392 720 249 79 historia
1578 720 187 79 sacra
1682 720 83 79 3.

78 775 196 75 Regum
209 775 131 75 4.
274 775 239 75 capite.
448 775 152 75 Sub
535 775 261 75 Solomone
731 775 305 75 crescebant
970 775 109 75 &
1014 775 196 75 erant
1144 775 196 75 multi
1275 775 131 75 in
1340 775 174 75 luda
1449 775 109 75 &
1492 775 239 75 lzraele
1644 775 109 75 si-

82 837 141 80 cut
162 837 181 80 arena
283 837 201 80 maris,
424 837 302 80 comedentes,
665 837 241 80 bibentes
846 837 101 80 &
886 837 282 80 laetantes.
1107 837 141 80 Ita
1188 837 221 80 legimus
1349 837 121 80 8.
1409 837 161 80 cap.
1510 837 221 80 eiusdem
1650 837 101 80 li-

86 887 165 90 bri,
189 887 124 90 Et
251 887 186 90 fecit
375 887 227 90 Solomon
540 887 330 90 solennitatem
808 887 247 90 omnisque
993 887 206 90 lzrael
1138 887 144 90 cum
1220 887 144 90 eo,
1303 887 206 90 coetus
1447 887 206 90 magnus
1591 887 144 90 qui
1653 887 103 90 con

84 944 270 80 fluxerat
286 944 135 80 ex
353 944 180 80 omni
466 944 225 80 populo
623 944 135 80 ab
690 944 225 80 Hemath
848 944 202 80 usque
983 944 135 80 ad
1050 944 292 80 torrentem
1275 944 247 80 Aegypti
1455 944 202 80 coram
1567 944 180 80 domino

78 998 242 93 septenis
259 998 222 93 diebus,
421 998 121 93 id
481 998 141 93 est
562 998 323 93 quatuordecim
824 998 222 93 diebus.
986 998 202 93 Postea
1127 998 222 93 dimisit
1288 998 242 93 populum,
1470 998 222 93 ipsique
1611 998 141 93 gratu

77 1055 197 70 lantes
215 1055 158 70 regi
314 1055 236 70 abierunt
491 1055 118 70 in
550 1055 236 70 tentoria
727 1055 158 70 sua,
826 1055 256 70 laetantes
1023 1055 99 70 &
1062 1055 197 70 hilari
1200 1055 197 70 corde,
1338 1055 217 70 propter
1496 1055 236 70 uniuersa
1653 1055 99 70 be-

79 1113 240 80 neficia
254 1113 174 80 quae
363 1113 305 80 contulerat
602 1113 240 80 dominus
777 1113 218 80 Dauidi
929 1113 109 80 &
973 1113 262 80 uniuerso
1169 1113 218 80 populo
1322 1113 283 80 lzraelis.
1518 1113 240 80 Congruunt

83 1173 150 77 cum
168 1173 150 77 his
254 1173 172 77 quae
361 1173 172 77 apud
469 1173 257 77 Nehemiam
662 1173 129 77 in
726 1173 172 77 cap.
833 1173 129 77 8.
898 1173 150 77 sic
984 1173 279 77 leguntur:
1198 1173 193 77 Dixit
1327 1173 193 77 autem
1456 1173 215 77 Esdras
1606 1173 150 77 cum
1670 1173 86 77 Le

82 1232 190 74 uitis
208 1232 126 74 ad
272 1232 274 74 uniuersum
482 1232 232 74 populum
651 1232 147 74 qui
735 1232 232 74 tristis
903 1232 190 74 erat,
1030 1232 169 74 Dies
1135 1232 274 74 hodiernus
1346 1232 232 74 sanctus
1514 1232 147 74 est
1577 1232 169 74 domino

79 1292 144 72 deo
162 1292 227 72 uestro:
327 1292 124 72 ne
389 1292 165 72 ergo
492 1292 186 72 luctu
616 1292 248 72 uosipsos
801 1292 330 72 conficiatis.
1069 1292 144 72 Ite
1152 1292 103 72 &
1193 1292 248 72 comedite
1379 1292 248 72 pinguia,
1564 1292 103 72 &
1585 1292 165 72 bibite

86 1338 230 83 dulcia,
253 1338 104 83 &
295 1338 230 83 mittite
462 1338 209 83 partes
608 1338 146 83 his
692 1338 146 83 qui
775 1338 146 83 non
859 1338 230 83 habent,
1026 1338 146 83 &c.
1110 1338 125 83 Et
1172 1338 230 83 dominus
1339 1338 209 83 quidem
1485 1338 146 83 non
1548 1338 209 83 requirit

80 1399 130 73 ab
145 1399 281 73 hominibus
361 1399 130 73 ne
426 1399 367 73 uoluptatibus,
729 1399 216 73 quibus
880 1399 151 73 nos
966 1399 130 73 ex
1031 1399 216 73 gratia
1182 1399 302 73 perfundit,
1420 1399 367 73 permoueantur,

76 1453 234 73 tanquam
246 1453 255 73 stipites
438 1453 213 73 trunci
586 1453 106 73 &
629 1453 192 73 saxa.
757 1453 149 73 Nam
842 1453 213 73 sensum
991 1453 170 73 boni
1097 1453 106 73 &
1140 1453 192 73 mali,
1268 1453 192 73 amari
1395 1453 106 73 &
1438 1453 213 73 dulcis
1565 1453 192 73 indidit

85 1506 189 87 nobis
211 1506 252 87 omnibus.
401 1506 168 87 Idem
506 1506 147 87 pro
590 1506 231 87 aeterna
758 1506 147 87 sua
842 1506 252 87 bonitate
1032 1506 105 87 &
1074 1506 274 87 sapientia
1284 1506 189 87 rebus
1410 1506 210 87 quoque
1537 1506 210 87 conditis

79 1556 230 87 indidit
247 1556 230 87 natiuam
414 1556 230 87 quandam
582 1556 314 87 elegantiam,
833 1556 105 87 &
875 1556 147 87 eas
958 1556 147 87 ita
1042 1556 230 87 ornauit
1210 1556 398 87 delectabilesque
1545 1556 209 87 fecit,
1670 1556 84 87 ut

74 1617 303 84 desideremus
316 1617 202 84 illas,
458 1617 141 84 imo
538 1617 141 84 uim
619 1617 182 84 ipsis
740 1617 222 84 inseuit
902 1617 303 84 demulciendi
1144 1617 162 84 nos.
1245 1617 182 84 Dauid
1366 1617 162 84 enim
1467 1617 202 84 dicit,
1609 1617 121 84 Et
1649 1617 101 84 ui-

82 1681 154 75 num
170 1681 309 75 sprouenire
413 1681 220 75 facit)
567 1681 176 75 quod
677 1681 287 75 exhilarat
897 1681 154 75 cor
986 1681 264 75 hominis,
1184 1681 110 75 &
1228 1681 198 75 oleum
1360 1681 176 75 quod
1470 1681 242 75 nitidam
1625 1681 132 75 red-

80 1728 146 79 dit
163 1728 229 79 faciem,
330 1728 104 79 &
371 1728 187 79 panem
496 1728 146 79 qui
579 1728 187 79 cordi
704 1728 187 79 uires
829 1728 354 79 subministrat.
1120 1728 291 79 Arboresque
1349 1728 187 79 succo
1474 1728 270 79 abundant,
1661 1728 83 79 in

71 1797 208 71 quibus
217 1797 166 71 aues
320 1797 291 71 nidificant
549 1797 104 71 &
590 1797 311 71 cantillant,
839 1797 145 71 &c.
922 1797 145 71 Sed
1005 1797 104 71 &
1047 1797 187 71 Iacob
1171 1797 291 71 patriarcha
1400 1797 228 71 dicitur
1545 1797 187 71 bibissi

76 1849 118 69 ad
135 1849 276 69 ebrietatem
353 1849 99 69 :
392 1849 99 69 &
432 1849 118 69 de
491 1849 197 69 Ioseph
629 1849 118 69 ac
688 1849 257 69 fratribus
886 1849 158 69 eius
985 1849 178 69 dicit
1103 1849 276 69 scriptura,
1320 1849 118 69 Et
1380 1849 237 69 bibentes
1557 1849 138 69 cum
1617 1849 118 69 eo,.

83 1903 162 80 uino
184 1903 263 80 inebriati
387 1903 182 80 sunt.
508 1903 122 80 Id
569 1903 162 80 quod
670 1903 162 80 nemo
772 1903 284 80 intelliget
994 1903 122 80 de
1055 1903 263 80 ebrietate
1258 1903 284 80 luxuriosa,
1481 1903 162 80 quam
1582 1903 203 80 ubique

63 1948 272 74 condemnat
273 1948 272 74 scriptura
482 1948 230 74 sancta,
650 1948 147 74 sed
733 1948 126 74 de
796 1948 230 74 iucunda
964 1948 209 74 quadam
1111 1948 314 74 expletione,
1362 1948 230 74 quodque
1530 1948 209 74 saturi
1655 1948 84 74 iu

75 2018 183 58 cunde
196 2018 162 58 sint
298 2018 304 58 exhilarati.
541 2018 203 58 Insana
683 2018 162 58 enim
785 2018 162 58 illa
886 2018 243 58 ebrietas
1069 2018 203 58 perdit
1211 2018 183 58 omnem
1332 2018 223 58 sensum,
1495 2018 142 58 nec
1576 2018 162 58 uere
1657 2018 81 58 hi

71 2064 178 70 lares
190 2064 99 70 &
229 2064 237 70 iucundos
407 2064 217 70 reddit,
566 2064 138 70 sed
645 2064 237 70 morosos,
823 2064 297 70 difficiles,
1060 2064 257 70 turbatos,
1257 2064 217 70 turpes,
1416 2064 178 70 apros
1534 2064 99 70 &
1554 2064 178 70 porcos.

76 2117 204 75 Simili
219 2117 204 75 genere
362 2117 225 75 dicendi
525 2117 164 75 usus
627 2117 204 75 beatus
770 2117 245 75 Haggeus,
954 2117 204 75 dicit,
1097 2117 286 75 Diligenter
1322 2117 286 75 perpendite
1547 2117 164 75 uias
1629 2117 102 75 ue-

77 2175 198 76 stras,
216 2175 258 76 seminatis
414 2175 218 76 multum,
573 2175 99 76 &
613 2175 218 76 metitis
771 2175 178 76 atque
890 2175 238 76 infertis
1069 2175 119 76 in
1128 2175 198 76 horrea
1267 2175 178 76 parum
1386 2175 99 76 :
1426 2175 297 76 comedistis,
1644 2175 99 76 sed

77 2233 143 70 non
158 2233 122 70 ad
219 2233 285 70 satietatem
443 2233 102 70 :
484 2233 244 70 bibitis,
667 2233 143 70 sed
748 2233 143 70 non
830 2233 122 70 ad
891 2233 366 70 inebriationem:
1196 2233 122 70 id
1257 2233 143 70 est
1339 2233 143 70 non
1420 2233 122 70 ad
1481 2233 244 70 iucundam
1644 2233 102 70 ex-

67 2288 267 68 pletionem,
276 2288 114 68 ut
334 2288 190 68 saturi
467 2288 267 68 hilaresque
676 2288 171 68 nihil
791 2288 210 68 amplius
943 2288 305 68 desideretis,
1191 2288 171 68 atque
1305 2288 210 68 iccirco
1457 2288 210 68 gratias
1591 2288 152 68 agatis

69 2352 217 70 domino
221 2352 347 70 benefactori.
503 2352 173 70 Haec
611 2352 282 70 aliquanto
828 2352 282 70 copiosius
1045 2352 238 70 declaro
1218 2352 238 70 propter
1391 2352 347 70 Anabaptistas
1673 2352 108 70 &

73 2395 240 82 Stoicos
248 2395 240 82 quosdam
423 2395 262 82 stupidos
619 2395 262 82 nouosque
816 2395 306 82 hypocritas
1057 2395 262 82 monachos
1253 2395 372 82 Carthusianos,
1559 2395 153 82 qui
1647 2395 131 82 ut

69 2461 130 61 ex
134 2461 281 61 hominibus
350 2461 238 61 truncos
523 2461 216 61 facere
674 2461 281 61 conantur,
890 2461 151 61 ita
976 2461 194 61 etiam
1106 2461 281 61 concessam
1322 2461 302 61 uoluptatem
1538 2461 194 61 damnant

75 2521 304 65 clamoribus
314 2521 391 65 tragicissimis,
641 2521 283 65 Abutuntur
858 2521 130 65 ad
923 2521 152 65 hoc
1010 2521 304 65 institutum
1250 2521 174 65 suum
1358 2521 326 65 colorandum,
1619 2521 109 65 &
1641 2521 87 65 ho

72 2572 219 77 minibus
231 2572 339 77 commendandum,
510 2572 239 77 pluribus
689 2572 279 77 scripturae
908 2572 199 77 locis,
1048 2572 139 77 Vae
1128 2572 179 77 uobis
1247 2572 139 77 qui
1327 2572 199 77 saturi
1466 2572 179 77 estis
1586 2572 179 77 nunc,

74 2626 136 77 qui
151 2626 214 77 ridetis
307 2626 175 77 nunc,
424 2626 253 77 esurietis
619 2626 97 77 &
657 2626 234 77 flebitis
833 2626 273 77 aliquando.
1047 2626 156 77 Haec
1144 2626 156 77 aunt
1241 2626 97 77 &
1280 2626 214 77 similia
1436 2626 273 77 scripturae
1631 2626 97 77 uer

71 2677 114 82 ba
128 2677 210 82 prolata
281 2677 152 82 sunt
376 2677 248 82 diuinitus
566 2677 191 82 contra
700 2677 210 82 impios,
852 2677 191 82 contra
986 2677 229 82 ingratos
1157 2677 114 82 et
1214 2677 267 82 beneficijs
1424 2677 133 82 dei
1500 2677 267 82 abutentes,

79 2733 271 81 Adijncimus
291 2733 155 81 ergo
388 2733 135 81 his
465 2733 155 81 quae
562 2733 232 81 hactenus
736 2733 251 81 ptulimus,
929 2733 271 81 diligenter
1142 2733 155 81 pijs
1238 2733 309 81 inuigilandum
1490 2733 155 81 esse
1586 2733 116 81 ne
1625 2733 116 81 libi

62 2793 161 71 dini
162 2793 201 71 laxent
303 2793 201 71 frena,
444 2793 100 71 &
484 2793 121 71 ne
544 2793 161 71 quid
645 2793 201 71 nimis.
785 2793 301 71 Mediocritas
1027 2793 141 71 hic
1107 2793 221 71 quoque,
1268 2793 121 71 ut
1328 2793 181 71 alibi
1449 2793 261 71 probatur.
1650 2793 141 71 De-

68 2844 172 75 inde
176 2844 259 75 seruiant
370 2844 172 75 opes
478 2844 151 75 seu
564 2844 302 75 facultates
801 2844 259 75 terrenae
995 2844 215 75 honori
1146 2844 108 75 &
1189 2844 323 75 humanitati.
1447 2844 237 75 Honorem
1620 2844 172 75 enim

67 2902 108 86 &
111 2902 323 86 humanitatem
369 2902 237 86 debemus
541 2902 280 86 cognatis,
756 2902 301 86 affinibus,
993 2902 237 86 amicis,
1165 2902 215 86 notis,
1316 2902 280 86 indigenis
1509 2902 237 86 &peregri
