2288 3632
82 274 206 89 iungit
226 274 267 89 uitulinas
432 274 206 89 carnes
576 274 185 89 probe
699 274 267 89 saginatas
905 274 103 89 &
946 274 247 89 paratas.
1131 274 185 89 Neque
1255 274 144 89 his
1337 274 247 89 officijs
1522 274 103 89 &
1563 274 144 89 hac
1625 274 144 89 bene-

84 361 231 58 uolentia
257 361 251 58 contentus
450 361 154 58 est,
547 361 154 58 nisi
643 361 251 58 edentibus
836 361 193 58 quoque
971 361 212 58 adstet,
1125 361 116 58 id
1183 361 154 58 est,
1280 361 251 58 ministrum
1473 361 116 58 se
1531 361 193 58 mensae
1646 361 116 58 prae

89 410 181 64 beat.
209 410 281 64 Ministrat,
430 410 221 64 inquam,
591 410 221 64 mensae,
752 410 141 64 qui
832 410 201 64 habuit
973 410 301 64 promisiones
1214 410 141 64 dei
1294 410 241 64 eximias,
1475 410 141 64 qui
1555 410 141 64 est
1615 410 141 64 pater

84 472 208 59 omnium
230 472 311 59 credentium,
479 472 145 59 qui
562 472 145 59 est
645 472 228 59 proauus
811 472 249 59 Christi,
998 472 145 59 qui
1081 472 166 59 erat
1185 472 353 59 confoederatus
1475 472 145 59 dei
1558 472 125 59 et
1621 472 187 59 regum

85 528 387 71 potentissimorum,
413 528 213 71 denique
568 528 135 71 qui
645 528 155 71 erat
742 528 174 71 quasi
858 528 232 71 princeps
1032 528 348 71 honoratissimus
1322 528 116 71 in
1379 528 155 71 illa
1476 528 193 71 terra:
1611 528 193 71 quique

93 582 230 74 quatuor
260 582 250 74 orientis
448 582 188 74 reges
573 582 355 74 potentissimos
865 582 230 74 uicerat
1032 582 209 74 bello,
1179 582 104 74 &
1220 582 188 74 reges
1346 582 209 74 captos
1492 582 146 74 cum
1554 582 209 74 captiuis

84 629 158 73 suis
183 629 277 73 reduxerat.
400 629 158 73 Hic,
499 629 217 73 inquam,
657 629 138 73 uir
736 629 237 73 inclytus
914 629 178 73 atque
1032 629 316 73 clarissimus,
1289 629 217 73 omnibus
1447 629 257 73 opulentis
1645 629 158 73 exem

97 693 171 65 plum
204 693 278 65 praetulit
417 693 235 65 honoris
589 693 299 65 impendendi
824 693 321 65 peregrinis,
1081 693 321 65 humanitatis
1337 693 171 65 item
1444 693 107 65 &
1466 693 299 65 hospitalita-

86 751 147 63 tis
170 751 168 63 erga
275 751 189 63 omnes
401 751 315 63 exercendae.
653 751 231 63 Accedit
821 751 168 63 enim
926 751 189 63 illis
1051 751 252 63 omnibus,
1240 751 168 63 quod
1345 751 252 63 conuiuio
1534 751 210 63 finito
1660 751 105 63 co-

90 809 181 68 mitem
211 809 121 68 se
271 809 241 68 itineris
452 809 261 68 coniungit
653 809 302 68 peregrinis,
894 809 121 68 et
955 809 141 68 hos
1035 809 302 68 aliquousque
1276 809 241 68 deducit.
1457 809 201 68 Pudeat
1598 809 161 68 ergo
1699 809 101 68 &

88 861 207 68 pigeat
233 861 207 68 tandem
378 861 227 68 diuites
543 861 227 68 iniquos
708 861 165 68 suae
812 861 269 68 auaritiae
1018 861 103 68 &
1059 861 289 68 sordiciei.
1287 861 165 68 Quid
1390 861 207 68 quaeso
1514 861 248 68 uoluptatis

94 919 230 68 capiunt
261 919 125 68 ex
324 919 167 68 suis
428 919 251 68 diuitijs
617 919 104 68 :
658 919 146 68 cui
742 919 209 68 quaeso
888 919 251 68 prosunt?
1076 919 167 68 quem
1181 919 272 68 honorant:
1390 919 146 68 aut
1473 919 167 68 quem
1557 919 209 68 honorem,

88 973 213 62 quamue
237 973 213 62 laudem
386 973 170 62 sibi
492 973 213 62 parant
641 973 170 62 apud
747 973 255 62 homines.
939 973 170 62 Quin
1045 973 255 62 relictis
1236 973 191 62 istis
1364 973 319 62 turpissimis
1598 973 170 62 nebulo

91 1031 203 62 nibus,
233 1031 223 62 audiant
395 1031 223 62 potius,
557 1031 142 62 qui
638 1031 243 62 sapiunt,
820 1031 243 62 diuites,
1002 1031 263 62 apostolum
1205 1031 263 62 dicentem,
1407 1031 365 62 Hospitalitatis
1691 1031 81 62 ne

85 1082 192 63 sitis
213 1082 298 63 immemores.
447 1082 149 63 Per
532 1082 171 63 hanc
639 1082 171 63 enim
746 1082 213 63 quidam
895 1082 298 63 inscientes
1129 1082 298 63 exceperunt
1364 1082 235 63 angelos
1534 1082 277 63 hospitio,

78 1141 129 59 Ac
143 1141 215 59 reuera
294 1141 259 59 loquitur
488 1141 129 59 de
552 1141 172 59 Loth
660 1141 108 59 &
703 1141 280 59 Abrahamo.
919 1141 194 59 Neque
1048 1141 215 59 dubium
1199 1141 172 59 est,
1307 1141 172 59 quin
1414 1141 194 59 ipsos
1544 1141 215 59 quoque
1673 1141 86 59 an

88 1196 193 64 gelos
216 1196 150 64 dei
302 1196 236 64 adeoque
474 1196 193 64 ipsum
603 1196 258 64 Christum
796 1196 301 64 excipiamus
1032 1196 279 64 hospitio,
1247 1196 365 64 quotiescunque
1526 1196 236 64 humanita-

96 1254 138 58 tis
175 1254 413 58 hospitalitatisque
529 1254 217 58 officia
687 1254 256 58 exhibemus
884 1254 256 58 hominibus
1081 1254 158 58 pijs
1179 1254 98 58 &
1199 1254 177 58 claris.

161 1302 270 66 Postremo
364 1302 270 66 seruiant
567 1302 180 66 opes
679 1302 248 66 diuitum
860 1302 158 66 non
950 1302 225 66 tantum
1107 1302 293 66 honoratis
1333 1302 315 66 hominibus,
1580 1302 158 66 sed
1648 1302 135 66 maxi

89 1366 130 56 me
154 1366 239 56 indigis
328 1366 109 56 &
372 1366 326 56 pauperibus,
632 1366 282 56 Repetenda
849 1366 174 56 enim
958 1366 152 56 hoc
1045 1366 174 56 loco
1153 1366 195 56 uenit
1284 1366 326 56 saluberrima
1544 1366 195 56 Pauli
1674 1366 152 56 do

87 1416 214 67 ctrina,
242 1416 253 67 Diuitibus
437 1416 253 67 praecipe,
632 1416 117 67 ut
691 1416 312 67 benefaciant,
944 1416 117 67 ut
1002 1416 214 67 diuites
1158 1416 156 67 sint
1256 1416 234 67 operibus
1431 1416 195 67 bonis,
1568 1416 117 67 ut
1607 1416 175 67 faciles

83 1473 168 65 sint
188 1473 126 65 ad
251 1473 357 65 impartiendum,
545 1473 252 65 libenter
734 1473 357 65 comunicantes,
1027 1473 315 65 recondentes
1279 1473 273 65 sibijpsis
1489 1473 189 65 bonum
1594 1473 168 65 funda-

81 1529 219 65 mentum
234 1529 131 65 in
300 1529 284 65 posterum,
519 1529 131 65 ut
584 1529 284 65 accipiant
803 1529 197 65 uitam
934 1529 284 65 aeternam.
1153 1529 153 65 Cum
1240 1529 262 65 doctrina
1437 1529 306 65 apostolica
1656 1529 109 65 con

91 1591 185 67 gruit
215 1591 288 67 prophetica
441 1591 144 67 per
524 1591 206 67 omnia.
668 1591 206 67 lsaias
812 1591 165 67 enim
915 1591 124 67 de
977 1591 185 67 Tyro,
1100 1591 288 67 Negotiatio
1327 1591 124 67 et
1388 1591 206 67 merces
1533 1591 165 67 eius
1615 1591 144 67 sacro

89 1645 224 67 sanctae
252 1645 184 67 erunt
374 1645 224 67 domino:
538 1645 143 67 non
619 1645 265 67 reponetur
823 1645 286 67 negotiatio
1048 1645 184 67 eius.
1170 1645 143 67 nec
1252 1645 306 67 recondetur,
1497 1645 143 67 sed
1578 1645 163 67 erit
1660 1645 102 67 eo-

81 1698 157 69 rum
170 1698 157 69 qui
260 1698 269 69 habitant
461 1698 179 69 ante
573 1698 246 69 dominum
752 1698 134 69 ad
820 1698 313 69 comedendum
1066 1698 134 69 ad
1133 1698 358 69 saturitatem,
1424 1698 112 69 &
1469 1698 134 69 ad
1514 1698 246 69 operimen-

89 1758 159 58 tum
180 1758 228 58 senum.
340 1758 137 58 En
408 1758 205 58 docet
544 1758 114 58 &
590 1758 250 58 lsaias,
772 1758 250 58 quomodo
954 1758 296 58 thesaurum
1181 1758 228 58 semper
1341 1758 341 58 permanentem
1591 1758 159 58 recon

79 1811 210 64 damus.
226 1811 189 64 Eadem
352 1811 252 64 leguntur
540 1811 105 64 &
582 1811 210 64 Matth.
729 1811 168 64 cap.
834 1811 126 64 6.
897 1811 168 64 quae
1002 1811 252 64 superius
1191 1811 252 64 recitata
1379 1811 189 64 sunt,
1505 1811 231 64 Reuocet
1652 1811 105 64 hic

92 1867 223 70 quisque
254 1867 122 70 in
315 1867 243 70 memoriam
497 1867 101 70 &
538 1867 183 70 alias
660 1867 264 70 salutares
863 1867 203 70 domini
1004 1867 142 70 dei
1086 1867 284 70 sententias
1309 1867 122 70 in
1370 1867 284 70 scripturis
1572 1867 183 70 proposi

84 1929 163 56 tas,
185 1929 203 56 quibus
328 1929 264 56 excitetur
531 1929 122 56 ad
592 1929 366 56 beneficentiam.
897 1929 183 56 Moses
1018 1929 122 56 in
1079 1929 163 56 lege
1181 1929 203 56 dicit,
1323 1929 163 56 Vide
1425 1929 122 56 ne
1486 1929 244 56 obfirmes
1648 1929 102 56 cor

75 1966 185 74 tuum,
199 1966 185 74 neque
322 1966 267 74 contrahas
527 1966 185 74 manum
651 1966 164 74 tuam
753 1966 103 74 a
794 1966 205 74 fratre
938 1966 144 74 tuo
1020 1966 247 74 paupere:
1205 1966 144 74 sed
1288 1966 308 74 liberaliter
1534 1966 226 74 aperias
1678 1966 82 74 il

89 2032 133 65 li
155 2032 199 65 manum
288 2032 199 65 tuam.
421 2032 221 65 Omnino
576 2032 199 65 dabis
709 2032 155 65 ei,
798 2032 111 65 &
842 2032 155 65 non
930 2032 155 65 sit
1019 2032 221 65 pectus
1174 2032 177 65 tuum
1285 2032 266 65 malignum
1484 2032 155 65 cum
1573 2032 155 65 das
1639 2032 111 65 ei-

82 2086 148 63 Nam
166 2086 190 63 huius
293 2086 148 63 rei
377 2086 211 63 gratia
525 2086 232 63 dominus
693 2086 169 63 deus
799 2086 169 63 tuus
904 2086 337 63 locupletabit
1178 2086 105 63 &
1220 2086 295 63 fortunabit
1452 2086 126 63 te
1515 2086 126 63 in
1557 2086 190 63 cunctis

81 2145 270 56 operibus
283 2145 202 56 tuis,
418 2145 112 56 &
463 2145 135 56 in
530 2145 247 56 cunctis
710 2145 135 56 ad
778 2145 180 56 quae
890 2145 292 56 admoueris
1115 2145 202 56 manum
1250 2145 202 56 tuam.
1385 2145 247 56 Quoniam
1543 2145 202 56 nunquam

96 2199 217 62 deerunt
254 2199 237 62 pauperes
432 2199 119 62 in
492 2199 178 62 terra
610 2199 99 62 :
650 2199 198 62 prinde
788 2199 257 62 praecipio
986 2199 178 62 tibi,
1105 2199 217 62 dicens,
1263 2199 297 62 Liberaliter
1500 2199 178 62 aperi
1619 2199 178 62 manum

88 2262 159 56 tuam
187 2262 199 56 fratri
327 2262 139 56 tuo
406 2262 219 56 pauperi
565 2262 179 56 atque
684 2262 179 56 inopi
803 2262 119 56 in
863 2262 179 56 terra
982 2262 159 56 tua.
1082 2262 139 56 Sic
1161 2262 219 56 legimus
1320 2262 119 56 in
1380 2262 238 56 Psalmis,
1558 2262 139 56 Vir
1618 2262 139 56 bonus

87 2315 220 51 confert
247 2315 280 51 beneficia,
467 2315 100 51 &
507 2315 140 51 dat
587 2315 200 51 mutuo,
727 2315 220 51 suasque
887 2315 140 51 res
967 2315 160 51 obit
1067 2315 300 51 exactissimo
1307 2315 240 51 iudicio.
1487 2315 220 51 Spargit
1627 2315 120 51 dans

83 2365 298 70 pauperibus,
322 2365 239 70 iustitia
501 2365 159 70 eius
600 2365 179 70 manet
720 2365 119 70 in
779 2365 239 70 saeculum
958 2365 239 70 saeculi,
1137 2365 179 70 cornu
1257 2365 159 70 eius
1356 2365 298 70 exaltabitur
1595 2365 119 70 in
1635 2365 119 70 glo-

77 2419 157 78 ria.
175 2419 215 78 Solomon
332 2419 196 78 quoque
469 2419 196 78 dicit,
606 2419 313 78 Beneficentia
861 2419 98 78 &
900 2419 255 78 fidelitas
1096 2419 118 78 ne
1155 2419 118 78 te
1214 2419 294 78 destituant,
1449 2419 157 78 liga
1547 2419 137 78 eas
1625 2419 118 78 ad
1664 2419 98 78 col

83 2479 145 60 lum
166 2479 186 60 tuum,
290 2479 103 60 &
331 2479 227 60 tabulis
497 2479 207 60 cordis
641 2479 145 60 tui
724 2479 310 60 inscribito.
972 2479 289 60 Assequeris
1199 2479 248 60 gratiam,
1385 2479 103 60 &
1426 2479 186 60 bonam
1530 2479 227 60 existima-

77 2541 223 60 tionem
233 2541 134 60 in
300 2541 223 60 oculis
456 2541 156 60 dei
545 2541 112 60 &
590 2541 268 60 hominum.
791 2541 201 60 Item,
925 2541 223 60 Honora
1081 2541 245 60 dominum
1259 2541 134 60 de
1326 2541 156 60 tua
1415 2541 335 60 substantia,
1683 2541 112 60 &

85 2596 135 52 de
152 2596 292 52 primitijs
377 2596 225 52 omnium
534 2596 225 52 frugum
691 2596 225 52 tuarum
849 2596 135 52 da
916 2596 337 52 pauperibus:
1186 2596 112 52 &
1231 2596 337 52 implebuntur
1501 2596 225 52 horrea
1636 2596 112 52 tua

85 2648 321 62 saturitate,
341 2648 107 62 &
384 2648 171 62 uino
491 2648 321 62 redundabunt
748 2648 299 62 torcularia
983 2648 171 62 tua.
1090 2648 128 62 Et
1154 2648 257 62 iterum,.
1347 2648 150 62 Qui
1432 2648 235 62 obdurat
1603 2648 193 62 aurem

85 2699 173 75 suam
194 2699 130 75 ad
258 2699 260 75 clamorem
453 2699 281 75 pauperis,
669 2699 260 75 clamabit
864 2699 108 75 &
907 2699 195 75 ipse,
1037 2699 108 75 &
1080 2699 151 75 non
1167 2699 324 75 exaudietur.
1427 2699 151 75 Cum
1513 2699 151 75 his
1600 2699 151 75 per
1664 2699 87 75 o-

83 2756 165 69 mnia
186 2756 268 69 congruunt
393 2756 289 69 sententiae
619 2756 309 69 apostolicae
867 2756 103 69 &
908 2756 309 69 euangelice.
1155 2756 165 69 Omni
1258 2756 247 69 poscenti
1444 2756 144 69 abs
1526 2756 124 69 te
1567 2756 186 69 tribue.

87 2814 182 67 ltem,
208 2814 162 67 Amen
309 2814 162 67 dico
410 2814 202 67 uobis,
551 2814 242 67 quatenus
733 2814 242 67 fecistis
915 2814 343 67 misericordiam
1198 2814 141 67 cum
1278 2814 141 67 his
1359 2814 263 67 fratribus
1561 2814 162 67 meis
1642 2814 101 67 mi-

84 2870 196 62 nimis,
222 2870 157 62 mihi
320 2870 255 62 fecistis.
516 2870 118 62 Id
575 2870 157 62 quod
673 2870 196 62 reuera
811 2870 216 62 insigne
968 2870 157 62 est,
1066 2870 98 62 &
1105 2870 177 62 animo
1223 2870 236 62 cuiusque
1400 2870 236 62 penitius
1557 2870 196 62 reconden

82 2933 170 78 dum.
188 2933 170 78 Sibi
294 2933 170 78 enim
400 2933 254 78 impensum
590 2933 233 78 reputat
760 2933 233 78 dominus
930 2933 212 78 Iesus,
1078 2933 170 78 quod
1184 2933 254 78 impendis
1375 2933 254 78 cuilibet
1544 2933 212 78 pauperi
