2288 3632
456 295 270 85 occurrit,
664 295 125 85 in
726 295 208 85 primis
872 295 187 85 autem
997 295 125 85 in
1059 295 270 85 admiranda
1267 295 166 85 illa
1371 295 333 85 disputatione
1641 295 166 85 lobi
1745 295 104 85 &
1786 295 249 85 amicorum
1974 295 187 85 eius,

470 364 340 68 Conqueritur
742 364 272 68 propheta
946 364 363 68 celeberrimus
1241 364 227 68 Abacul
1400 364 204 68 &ait,
1536 364 272 68 Vsquequo
1740 364 227 68 domine
1898 364 272 68 clamabo,

466 420 105 57 &
508 420 147 57 non
592 420 252 57 exaudies
782 420 105 57 :
824 420 316 57 uociferabor
1076 420 126 57 ad
1139 420 126 57 te
1202 420 147 57 uim
1286 420 252 57 patiens,
1476 420 105 57 &
1518 420 147 57 non
1602 420 252 57 asseris?
1791 420 189 57 Quare
1918 420 189 57 cogor
2023 420 105 57 ui-

471 476 166 72 dere
575 476 312 72 iniquitatem
825 476 229 72 praedam
991 476 104 72 &
1033 476 312 72 iniustitiam
1282 476 208 72 contra
1428 476 146 72 me.
1511 476 187 72 Quare
1636 476 250 72 respicis
1802 476 333 72 contenptores,.

473 531 105 62 &
515 531 189 62 taces
641 531 316 62 conculcante
894 531 189 62 impio
1020 531 274 62 iustiorem
1230 531 126 62 se
1293 531 105 62 :
1336 531 210 62 lustum
1483 531 210 62 impius
1630 531 337 62 circumuenit,
1904 531 105 62 &
1946 531 168 62 ideo
2030 531 105 62 iu-

471 588 217 62 dicium
623 588 282 62 peruersum
840 588 195 62 exit.
971 588 174 62 Apud
1079 588 282 62 Malachiam
1296 588 174 62 uero
1405 588 239 62 clamant
1578 588 326 62 hypocritae,
1839 588 239 62 Frustra
1991 588 130 62 ser-

465 651 190 57 uitur
592 651 169 57 deo:
697 651 169 57 quae
803 651 169 57 enim
908 651 275 57 utilitas,
1119 651 169 57 quod
1225 651 232 57 mandata
1394 651 169 57 eius
1500 651 296 57 obseruamus
1732 651 106 57 ?
1774 651 106 57 &
1816 651 169 57 quod
1901 651 232 57 humiliati

474 702 151 66 uel
561 702 237 66 tristes
733 702 194 66 coram
862 702 151 66 deo
948 702 301 66 exercituum
1184 702 301 66 ambulamus?
1421 702 172 66 Nunc
1529 702 172 66 ergo
1636 702 215 66 beatos
1787 702 108 66 &
1830 702 237 66 felices
1980 702 151 66 iudi-

473 757 191 72 camus
600 757 298 72 arrogantes
834 757 106 72 &
877 757 319 72 contumaces.
1132 757 213 72 Etenim
1281 757 298 72 impietatem
1514 757 276 72 patrantes
1727 757 276 72 feliciter
1940 757 191 72 agunt
2067 757 106 72 &

468 806 345 67 aedificantur,
752 806 101 67 &
792 806 142 67 qui
873 806 162 67 deum
975 806 243 67 tentant,
1157 806 223 67 pergunt
1320 806 142 67 nec
1401 806 284 67 intereunt.
1624 806 426 67 Significantissime
1989 806 183 67 autem

467 868 367 68 plenissimeque
769 868 173 68 ista
877 868 194 68 omnia
1007 868 367 68 comprehendens
1309 868 237 68 diuinus
1481 868 259 68 propheta
1675 868 194 68 Asaph
1805 868 302 68 doctissime
2020 868 108 68 ca-

473 929 163 67 nit,
575 929 184 67 Parum
697 929 204 67 abfuit
840 929 163 67 quin
942 929 286 67 nutauerint
1167 929 184 67 pedes
1289 929 163 67 mei,
1391 929 102 67 &
1432 929 163 67 fere
1534 929 204 67 effusi
1677 929 245 67 fuissent
1861 929 225 67 gressus
2004 929 122 67 mei.

472 980 149 66 Nam
557 980 213 66 urebat
706 980 128 66 me
770 980 277 66 aemulatio
983 980 235 66 propter
1154 980 256 66 stultos,
1346 980 149 66 cum
1431 980 363 66 prosperitatem
1730 980 256 66 impiorum
1922 980 256 66 uiderem,

479 1035 188 59 Neque
604 1035 167 59 enim
709 1035 167 59 sunt
813 1035 188 59 illis
938 1035 188 59 nexus
1064 1035 125 59 ad
1126 1035 230 59 mortem:
1293 1035 209 59 nullis
1439 1035 209 59 inquam
1585 1035 209 59 morbis
1731 1035 313 59 diuexantur,
1961 1035 167 59 quibus

475 1101 205 57 ueluti
618 1101 123 57 ad
679 1101 205 57 mortem
823 1101 348 57 pertrahuntur,
1110 1101 164 57 quin
1212 1101 225 57 pingues
1376 1101 164 57 sunt
1478 1101 102 57 &
1519 1101 307 57 praeualidi.
1765 1101 184 57 Nulla
1888 1101 164 57 eos,
1991 1101 123 57 ut
2032 1101 102 57 re-

465 1145 208 79 liquos
611 1145 271 79 mortales,
819 1145 208 79 premit
965 1145 271 79 molestia:
1173 1145 250 79 malorum,
1361 1145 208 79 quibus
1506 1145 167 79 alij
1610 1145 229 79 homines
1777 1145 333 79 afficiuntur,
2027 1145 104 79 im-

467 1204 181 70 munes
588 1204 181 70 sunt.
708 1204 161 70 Hinc
809 1204 141 70 fit
889 1204 121 70 ut
950 1204 241 70 superbia
1131 1204 141 70 eos
1211 1204 181 70 totos
1332 1204 282 70 possideat,
1553 1204 101 70 &
1593 1204 141 70 ceu
1673 1204 181 70 ueste
1794 1204 302 70 inuoluantur
2015 1204 121 70 uio-

484 1256 218 72 lentia.
643 1256 158 72 Prae
742 1256 277 72 pinguedine
960 1256 178 72 oculi
1078 1256 139 72 eis
1158 1256 238 72 turgent,
1336 1256 119 72 in
1395 1256 376 72 imaginationibus
1712 1256 198 72 cordis
1851 1256 139 72 sui
1930 1256 238 72 pergunt,

479 1317 151 65 dum
565 1317 151 65 eis
651 1317 280 65 uidelicet
866 1317 151 65 pro
952 1317 172 65 uoto
1059 1317 194 65 omnia
1188 1317 301 65 succedant.
1425 1317 301 65 Protendunt
1661 1317 129 65 os
1726 1317 172 65 suum
1833 1317 129 65 in
1898 1317 237 65 coelum,
2070 1317 108 65 &

471 1370 228 76 lingua
631 1370 205 76 eorum
768 1370 205 76 orbem
905 1370 342 76 peruagatur.
1179 1370 183 76 Quin
1293 1370 114 76 &
1338 1370 228 76 dicere
1498 1370 251 76 audent.
1681 1370 251 76 Quomodo
1840 1370 297 76 cognosceret

467 1425 186 65 omnia
591 1425 186 65 deus?
715 1425 144 65 est
797 1425 124 65 ne
859 1425 247 65 cognitio
1045 1425 165 65 apud
1148 1425 309 65 altissimum?
1395 1425 144 65 Sic
1477 1425 206 65 inquam
1622 1425 186 65 impij
1745 1425 165 65 sunt
1848 1425 186 65 isti,
1972 1425 103 65 &
1993 1425 144 65 tamen

469 1485 221 58 felices
630 1485 121 58 in
690 1485 141 58 hoc
771 1485 242 58 saeculo,
952 1485 101 58 &
992 1485 201 58 multas
1133 1485 302 58 assequuntur
1375 1485 262 58 diuitias.
1576 1485 242 58 Profecto
1757 1485 221 58 frustra
1919 1485 181 58 purum
2019 1485 121 58 ser-

467 1541 164 56 uaui
569 1541 144 56 cor
651 1541 185 56 meum,
774 1541 226 56 frustra
938 1541 185 56 manus
1061 1541 164 56 meas
1164 1541 185 56 abluo
1287 1541 123 56 in
1348 1541 287 56 innocentia
1574 1541 103 56 :
1615 1541 267 56 plagasque
1820 1541 226 56 profero
1963 1541 164 56 quoti-

471 1595 174 68 die.
580 1595 131 68 Et
646 1595 153 68 cum
733 1595 153 68 ita
820 1595 196 68 mecum
951 1595 305 68 reputarem,
1191 1595 196 68 parum
1321 1595 218 68 abfuit
1474 1595 174 68 quin
1583 1595 305 68 defecissem
1823 1595 109 68 a
1845 1595 283 68 generatione

470 1645 251 70 filiorum
637 1645 126 70 dei.

539 1698 123 77 Et
600 1698 143 77 cum
682 1698 164 77 haec
784 1698 143 77 ita
866 1698 123 77 se
927 1698 245 77 habeant,
1111 1698 286 77 consequens
1336 1698 143 77 est
1418 1698 123 77 ut
1479 1698 368 77 diligentissime
1786 1698 286 77 excutiamus
1991 1698 143 77 caus-

473 1762 147 75 sas
557 1762 337 75 calamitatum.
831 1762 147 75 Sic
915 1762 168 75 enim
1020 1762 231 75 rectius
1188 1762 126 75 de
1251 1762 379 75 afflictionibus
1567 1762 147 75 tum
1651 1762 210 75 piorum
1798 1762 147 75 tum
1883 1762 252 75 impiorum
2051 1762 84 75 iu

467 1820 292 56 dicabimus.
696 1820 229 56 Caussae
863 1820 229 56 malorum
1029 1820 208 56 multae
1175 1820 167 56 sunt
1279 1820 125 56 ac
1342 1820 229 56 uariae:
1508 1820 271 56 generalis
1717 1820 187 56 tamen
1841 1820 187 56 ipsum
1946 1820 187 56 reputa-

469 1876 156 58 tur
558 1876 289 58 peccatum.
780 1876 156 58 Nam
869 1876 133 58 ex
936 1876 356 58 inobedientia
1225 1876 267 58 intrauit
1425 1876 267 58 peccatum
1625 1876 133 58 in
1691 1876 245 58 mundum,
1869 1876 111 58 &
1914 1876 156 58 per
1980 1876 156 58 pecca

472 1932 147 60 tum
556 1932 189 60 mors,
682 1932 231 60 adeoque
851 1932 189 60 morbi
977 1932 105 60 &
1019 1932 168 60 mala
1124 1932 189 60 orbis
1250 1932 210 60 omnia.
1398 1932 274 60 Vanissimi
1608 1932 168 60 sunt
1713 1932 274 60 quicunque
1924 1932 168 60 haec
2008 1932 126 60 rese

473 1988 164 56 runt
576 1988 123 56 ad
638 1988 390 56 constellationes
966 1988 205 56 nescio
1110 1988 185 56 quas.
1233 1988 246 56 Caeterum
1418 1988 349 56 cupiditatibus
1706 1988 103 56 &
1747 1988 349 56 affectionibus
2014 1988 123 56 cor-

462 2043 213 64 ruptis
611 2043 277 64 cumulamus
824 2043 128 64 in
888 2043 171 64 diem
995 2043 171 64 mala
1102 2043 213 64 malis.
1251 2043 235 64 Accedit
1422 2043 128 64 ad
1486 2043 128 64 ea
1550 2043 277 64 suggestor
1763 2043 107 64 &
1806 2043 256 64 incentor
1977 2043 149 64 satha

467 2098 171 66 nas.
573 2098 256 66 Adiuuant
765 2098 277 66 praeterea
979 2098 235 66 homines
1149 2098 235 66 pessimi
1320 2098 107 66 &
1363 2098 363 66 corruptissimi
1662 2098 107 66 :
1704 2098 256 66 uariaque
1875 2098 256 66 oboriuntur

471 2157 258 61 quotidie
665 2157 323 61 instrumenta
924 2157 388 61 tribulationum,
1247 2157 215 61 quibus
1398 2157 172 61 deus
1505 2157 388 61 sapientissimus
1828 2157 108 61 &
1850 2157 280 61 iustissimus

471 2201 184 63 omnes
593 2201 164 63 fere
696 2201 225 63 homines
859 2201 246 63 exerceri
1043 2201 307 63 torquerique
1268 2201 246 63 permittit.

539 2262 147 68 Sed
623 2262 147 68 non
707 2262 210 68 eaedem
854 2262 210 68 semper
1001 2262 315 68 inueniuntur
1253 2262 336 68 afflictionum
1527 2262 231 68 caussae
1695 2262 126 68 in
1758 2262 168 68 pijs
1863 2262 147 68 dei
1926 2262 210 68 cultori-

474 2307 135 72 bus
551 2307 154 72 quae
647 2307 116 72 in
705 2307 193 72 impijs
841 2307 135 72 dei
918 2307 367 72 contemptoribus.
1227 2307 270 72 Affiguntur
1439 2307 193 72 sancti
1574 2307 251 72 persaepe,
1767 2307 116 72 ut
1825 2307 135 72 per
1902 2307 270 72 afffictio

469 2378 147 58 nem
553 2378 169 58 suam
659 2378 147 58 dei
743 2378 211 58 gloria
890 2378 316 58 innotescat.
1143 2378 253 58 Videntes
1333 2378 169 58 enim
1438 2378 274 58 discipuli
1649 2378 211 58 domini
1796 2378 211 58 caecum
1943 2378 190 58 illum
2049 2378 84 58 e-

472 2435 312 58 uangelicum,
721 2435 145 58 qui
805 2435 208 58 fuerat
950 2435 104 58 a
992 2435 291 58 natiuitate
1220 2435 228 58 caecus,
1386 2435 208 58 dicunt
1532 2435 125 58 ad
1594 2435 249 58 dominum,
1781 2435 187 58 Rabbi
1906 2435 166 58 quis
1989 2435 145 58 pecca

472 2486 152 74 uit,
567 2486 133 74 hic
643 2486 114 74 an
700 2486 228 74 parentes
871 2486 171 74 eius,
985 2486 114 74 ut
1042 2486 190 74 caecus
1175 2486 285 74 nasceretur?
1404 2486 247 74 Respondit
1594 2486 190 74 Iesus,
1727 2486 171 74 Neque
1841 2486 133 74 hic
1917 2486 247 74 peccauit,

467 2549 177 67 neque
585 2549 236 67 parentes
763 2549 177 67 eius,
881 2549 138 67 sed
960 2549 118 67 ut
1019 2549 335 67 manifestentur
1294 2549 177 67 opera
1412 2549 138 67 dei
1491 2549 118 67 in
1550 2549 177 67 illo.
1668 2549 138 67 Ita
1747 2549 138 67 cum
1826 2549 217 67 dominus
1964 2549 177 67 audiret

470 2602 262 70 aegrotare
671 2602 242 70 Lazarum,
853 2602 282 70 Infirmitas
1075 2602 181 70 haec,
1196 2602 202 70 inquit
1337 2602 141 70 non
1417 2602 141 70 est
1498 2602 121 70 ad
1559 2602 222 70 mortem,
1720 2602 141 70 sed
1800 2602 141 70 pro
1881 2602 202 70 gloria
2002 2602 121 70 dei,

468 2656 129 71 ut
533 2656 344 71 glorificetur
813 2656 215 71 filius
963 2656 151 71 dei
1049 2656 151 71 per
1135 2656 172 71 eam,
1243 2656 258 71 Quanquam
1437 2656 129 71 si
1501 2656 129 71 ad
1566 2656 194 71 uiuum
1695 2656 172 71 hanc
1802 2656 151 71 rem
1867 2656 258 71 resecemus,

470 2713 166 74 nemo
574 2713 290 74 inueniatur
802 2713 124 74 in
864 2713 186 74 mundo
988 2713 207 74 purus,
1133 2713 124 74 ut
1196 2713 124 74 si
1258 2713 186 74 uolet
1382 2713 269 74 obseruare
1589 2713 311 74 iniquitates
1838 2713 249 74 dominus,
2004 2713 124 74 sem-

470 2766 140 67 per
550 2766 240 67 inueniat
730 2766 120 67 in
790 2766 180 67 nobis
910 2766 160 67 quod
1010 2766 220 67 puniat.
1170 2766 200 67 Sicuti
1311 2766 320 67 copiosissime
1571 2766 260 67 exponitur
1771 2766 120 67 in
1831 2766 180 67 libro
1951 2766 160 67 lob.

546 2815 256 77 Praeterea
743 2815 216 77 affligi
900 2815 177 77 sinit
1018 2815 216 77 sponsam
1176 2815 157 77 suam
1274 2815 275 77 ecclesiam,
1491 2815 157 77 sibi
1589 2815 177 77 longe
1707 2815 295 77 charissimam
1923 2815 197 77 dominus,

450 2882 101 66 o
490 2882 122 66 in
551 2882 162 66 hoc,
652 2882 122 66 ut
713 2882 243 66 declaret
896 2882 203 66 diuina
1038 2882 243 66 potentia
1220 2882 101 66 &
1260 2882 162 66 ope,
1362 2882 142 66 non
1443 2882 243 66 consilio
1625 2882 142 66 aut
1706 2882 223 66 auxilio
1869 2882 203 66 humano
1990 2882 142 66 defen

448 2952 150 56 di,
533 2952 236 56 seruari
705 2952 107 56 &
748 2952 257 56 liberari
941 2952 257 56 electos.
1134 2952 214 56 Paulus
1284 2952 193 56 enim,
1412 2952 236 56 Habemus
1584 2952 279 56 thesaurum
1798 2952 193 56 hunc,
1927 2952 214 56 inquit
2055 2952 86 56 in
