2288 3632
180 244 218 94 quibus
333 244 261 94 uulgarem
528 244 218 94 sensum
681 244 239 94 hominis
855 244 196 94 nihil
985 244 196 94 magis
1116 244 196 94 mouet
1246 244 109 94 &
1290 244 239 94 clarius
1464 244 218 94 docet.
1616 244 283 94 Oboritur,

191 297 219 104 fateor,
351 297 199 104 aliqua
490 297 120 104 in
550 297 279 104 scripturis
769 297 199 104 caligo
909 297 120 104 ex
969 297 259 104 idiomate,
1168 297 319 104 schematismis
1427 297 100 104 &
1467 297 279 104 insolentia
1667 297 179 104 lingua.

179 358 160 98 rum.
279 358 180 98 Verum
399 358 120 98 ei
460 358 321 98 difficultati
720 358 200 98 facile
861 358 200 98 mederi
1001 358 221 98 poterit
1161 358 241 98 studium,
1342 358 301 98 diligentia,
1582 358 180 98 fides
1703 358 100 98 &
1723 358 120 98 peri

182 416 144 82 tia
265 416 329 82 interpretum.
532 416 144 82 Iam
615 416 103 82 &
656 416 206 82 Petrus
800 416 267 82 apostolus
1005 416 185 82 dicit
1129 416 123 82 in
1191 416 247 82 Paulinis
1376 416 267 82 epistolis
1582 416 226 82 quaedam
1726 416 123 82 esse

187 471 275 86 difficilia
403 471 294 86 intellectu.
638 471 137 86 Sed
717 471 137 86 mox
795 471 196 86 addit.
932 471 157 86 Quae
1031 471 216 86 indocti
1187 471 235 86 parumque
1364 471 216 86 integri
1521 471 137 86 aut
1599 471 176 86 firmi
1697 471 157 86 detor.

189 530 205 95 quent,
332 530 184 95 sicut
455 530 102 95 &
496 530 246 95 caeteras
680 530 307 95 scripturas,
926 530 123 95 ad
988 530 164 95 suam
1090 530 225 95 ipsorum
1254 530 287 95 perniciem.
1479 530 164 95 Vnde
1582 530 307 95 colligimus,

185 577 264 101 indoctis,
388 577 285 101 imperitis,
612 577 183 101 parum
734 577 305 101 exercitatis
978 577 102 101 &
1018 577 244 101 malignis
1201 577 142 101 aut
1283 577 264 101 corruptis
1486 577 264 101 ingenijs,
1689 577 142 101 non
1750 577 102 101 stu

184 634 202 93 diosis
325 634 101 93 &
365 634 161 93 pijs
466 634 282 93 lectoribus
688 634 141 93 aut
768 634 383 93 auscultatoribus
1091 634 282 93 difficilem
1313 634 161 93 esse
1414 634 282 93 scripturam
1635 634 141 93 aut
1696 634 161 93 obscu-

178 702 167 88 ram.
283 702 230 88 Proinde
450 702 146 88 cum
534 702 209 88 Paulus
680 702 209 88 quoque
827 702 209 88 dicit,
973 702 126 88 Si
1036 702 188 88 adhuc
1162 702 230 88 uelatum
1329 702 146 88 est
1413 702 293 88 euangelium
1643 702 251 88 nostrum,

187 743 117 96 in
245 743 136 96 his
323 743 136 96 qui
401 743 214 96 pereunt
557 743 214 96 uelatum
712 743 156 96 est,
810 743 117 96 in
868 743 195 96 quibus
1005 743 156 96 deus
1102 743 175 96 huius
1219 743 214 96 saeculi
1375 743 273 96 excaecauit
1589 743 195 96 sensus
1706 743 136 96 incre

175 808 225 93 dulorum,
344 808 113 93 ne
400 808 300 93 illucesceret
644 808 169 93 illis
757 808 169 93 lumem
869 808 244 93 euangelij
1057 808 206 93 gloriae
1207 808 225 93 Christi,
1375 808 131 93 qui
1450 808 131 93 est
1525 808 169 93 imago
1638 808 131 93 dei
1713 808 94 93 :
1732 808 113 93 cul-

181 865 148 90 pam
265 865 337 90 obscuritatis
539 865 148 90 non
624 865 127 90 in
687 865 190 90 ipsum
814 865 148 90 dei
898 865 232 90 uerbum,
1067 865 148 90 sed
1151 865 127 90 in
1214 865 274 90 auditores
1425 865 190 90 parum
1552 865 232 90 idoneos
1699 865 148 90 retor

174 922 180 88 quet.
294 922 220 88 Curemus
454 922 200 88 itaque
594 922 260 88 quicunque
793 922 200 88 uerbum
933 922 140 88 dei
1013 922 180 88 recte
1133 922 300 88 intelligere
1373 922 240 88 cupimus,
1552 922 120 88 ne
1612 922 240 88 sathanas
1772 922 80 88 a-

178 976 186 84 nimos
302 976 227 84 nostros
467 976 227 84 occupet
632 976 103 84 &
674 976 206 84 oculos
818 976 351 84 praestringat.
1107 976 144 84 Nam
1190 976 103 84 &
1231 976 248 84 saluator
1417 976 206 84 noster
1561 976 186 84 dixit
1685 976 124 84 in
1726 976 124 84 euan

172 1033 220 89 gelio,
326 1033 176 89 Haec
436 1033 154 89 est
525 1033 353 89 condemnatio,
811 1033 176 89 quod
921 1033 154 89 lux
1009 1033 198 89 uenit
1142 1033 132 89 in
1208 1033 242 89 mundum,
1384 1033 110 89 &
1428 1033 242 89 homines
1583 1033 264 89 dilexerunt

179 1088 194 93 magis
309 1088 259 93 tenebras
503 1088 173 93 quam
611 1088 216 93 lucem.
762 1088 237 93 Alioqui
934 1088 237 93 legimus
1107 1088 237 93 sanctos
1279 1088 151 93 dei
1366 1088 280 93 prophetas
1581 1088 108 93 &
1603 1088 237 93 apostolos

178 1138 206 96 uerbum
322 1138 144 96 dei
405 1138 165 96 siue
507 1138 288 96 scripturas
734 1138 288 96 appellasse
960 1138 144 96 non
1042 1138 267 96 tenebras,
1248 1138 329 96 obscuritatem
1515 1138 144 96 aut
1597 1138 288 96 caliginem,

174 1190 152 101 sed
261 1190 196 101 iubar
392 1190 239 101 quoddam
565 1190 196 101 atque
696 1190 282 101 lucernam.
913 1190 261 101 Lucerna,
1108 1190 217 101 inquit
1260 1190 217 101 Dauid,
1413 1190 239 101 pedibus
1586 1190 174 101 meis
1673 1190 174 101 uerbum

184 1252 189 90 tuum,
310 1252 105 90 &
352 1252 189 90 lumen
478 1252 231 90 semitis
645 1252 189 90 meis.
771 1252 126 90 Et
834 1252 168 90 quid
939 1252 210 90 quaeso
1085 1252 314 90 manifestius
1337 1252 168 90 est,
1442 1252 168 90 quam
1547 1252 168 90 quod
1651 1252 126 90 in
1693 1252 147 90 rebus

180 1303 203 96 dubijs
322 1303 102 96 &
362 1303 244 96 obscuris
545 1303 345 96 illustrandis,
830 1303 162 96 nemo
931 1303 223 96 relegat
1094 1303 122 96 ad
1155 1303 284 96 caliginosa
1378 1303 102 96 &
1419 1303 244 96 incerta:
1601 1303 223 96 Incerta
1743 1303 102 96 du-

180 1356 137 102 bia
259 1356 98 102 &
298 1356 215 102 obscura
454 1356 293 102 declarantur
688 1356 137 102 per
766 1356 254 102 certiora,
961 1356 234 102 firmiora
1137 1356 98 102 &
1176 1356 254 102 clariora.
1371 1356 117 102 At
1429 1356 215 102 quoties
1585 1356 117 102 in
1644 1356 176 102 fidei
1741 1356 98 102 ne-

179 1413 182 93 gotijs
306 1413 218 93 quaestio
470 1413 127 93 aut
542 1413 291 93 controuersia
779 1413 218 93 incidit,
942 1413 109 93 an
997 1413 127 93 non
1069 1413 164 93 omnes
1178 1413 273 93 consentiunt
1397 1413 254 93 scripturis
1597 1413 164 93 illam
1706 1413 182 93 dirimi

174 1481 282 85 dissoluique
399 1481 244 85 oportere:
587 1481 207 85 Proinde
737 1481 207 85 necesse
888 1481 131 85 est
963 1481 263 85 scripturas
1169 1481 150 85 esse
1263 1481 338 85 clarasdisertas
1526 1481 319 85 certissimasque.

252 1523 262 104 Quanquam
449 1523 175 104 uero
558 1523 197 104 clara
689 1523 153 104 sit
776 1523 284 104 scriptura
995 1523 109 104 &
1038 1523 218 104 uerbum
1191 1523 153 104 dei
1278 1523 262 104 apertum,
1475 1523 153 104 non
1562 1523 197 104 tamen
1671 1523 197 104 respuit

175 1589 320 85 expositonem
430 1589 298 85 religiosam
665 1589 149 85 seu
750 1589 192 85 piam,
878 1589 149 85 imo
963 1589 256 85 exposito
1155 1589 213 85 sancta
1304 1589 192 85 addit
1432 1589 192 85 uerbo
1560 1589 149 85 dei
1624 1589 213 85 ornamen-

167 1646 176 75 tum,
277 1646 110 75 &
321 1646 243 75 profert
498 1646 132 75 in
564 1646 265 75 auditore
762 1646 154 75 pio
851 1646 243 75 fructum
1027 1646 353 75 multiplicem.
1314 1646 243 75 Quoniam
1490 1646 198 75 autem
1622 1646 198 75 multi
1733 1646 110 75 ne-

176 1691 168 91 gant
281 1691 295 91 scripturas
513 1691 168 91 esse
618 1691 316 91 exponendas,
870 1691 252 91 ostendam
1060 1691 252 91 exemplis
1249 1691 421 91 irrefragabilibus
1607 1691 210 91 omnino
1733 1691 105 91 ex-

179 1763 245 76 ponendas
362 1763 184 76 esse.
485 1763 143 76 Nam
566 1763 163 76 deus
668 1763 163 76 ipse
771 1763 184 76 legis
893 1763 184 76 uerba
1015 1763 225 76 prolata
1179 1763 122 76 in
1240 1763 184 76 monte
1363 1763 163 76 Sina
1465 1763 122 76 ad
1526 1763 184 76 totam
1628 1763 204 76 lsraelis

165 1818 254 76 ecclesiam
361 1818 274 76 scriptaque
576 1818 117 76 in
635 1818 156 76 duas
733 1818 235 76 tabulas,
909 1818 196 76 multis
1046 1818 274 76 colloquijs
1261 1818 137 76 per
1339 1818 137 76 40.
1417 1818 156 76 dies
1515 1818 98 76 &
1554 1818 176 76 annos
1652 1818 176 76 habitis

165 1873 156 70 cum
254 1873 201 70 Mose,
388 1873 245 70 exponit
566 1873 268 70 ecclesie
767 1873 156 70 per
856 1873 223 70 Mosen,
1013 1873 156 70 qui
1102 1873 201 70 nobis
1236 1873 379 70 Deuteronomium
1548 1873 112 70 &
1593 1873 201 70 alios
1704 1873 134 70 quos

173 1922 146 94 dam
257 1922 209 94 libros
403 1922 146 94 ceu
486 1922 230 94 diuinae
653 1922 188 94 legis
778 1922 313 94 Comentarios
1029 1922 271 94 reliquit.
1238 1922 271 94 Insequuti
1446 1922 167 94 sunt
1551 1922 146 94 mox
1613 1922 230 94 prophetae

162 1988 144 79 qui
245 1988 186 79 legem
369 1988 186 79 Mosis
492 1988 371 79 interpretantes
801 1988 165 79 suis
904 1988 289 79 temporibus
1131 1988 186 79 locis
1255 1988 103 79 &
1296 1988 268 79 hominibus
1502 1988 371 79 applicauerunt,

177 2027 101 90 &
217 2027 243 90 sermones
400 2027 162 90 suos
501 2027 203 90 ueluti
643 2027 324 90 Enarrationes
907 2027 223 90 diuinae
1069 2027 182 90 Legis
1190 2027 243 90 scriptos
1373 2027 304 90 reliquerunt
1596 2027 223 90 posteris.

166 2079 120 98 In
226 2079 220 98 Nehemia
386 2079 160 98 cap.
486 2079 120 98 S.
546 2079 220 98 legimus
705 2079 120 98 in
765 2079 160 98 haec
865 2079 200 98 uerba,
1005 2079 220 98 Attulit
1165 2079 240 98 sacerdos
1345 2079 180 98 Esdra
1464 2079 200 98 legem,
1604 2079 200 98 librum
1724 2079 100 98 Mo-

169 2139 157 94 sis,
268 2139 98 94 &
307 2139 196 94 stetit
444 2139 177 94 super
562 2139 275 94 turriculam
778 2139 236 94 ligneam,
955 2139 216 94 nimirum
1112 2139 118 94 in
1171 2139 177 94 sacra
1289 2139 255 94 cathedra.
1485 2139 118 94 Et
1544 2139 216 94 aperuit
1682 2139 137 94 Esdra

178 2190 195 96 librum
314 2190 175 96 coram
431 2190 234 96 ecclesia
606 2190 117 96 ex
665 2190 175 96 uiris
782 2190 97 96 &
821 2190 292 96 mulieribus,
1055 2190 97 96 &
1094 2190 253 96 quicunque
1289 2190 331 96 intelligentes
1562 2190 195 96 erant.
1698 2190 117 96 Et
1737 2190 78 96 Le

174 2249 177 102 uitae
292 2249 217 102 stabant
450 2249 138 102 cum
529 2249 138 102 eo.
607 2249 157 102 Ipse
706 2249 157 102 uero
804 2249 177 102 legit
922 2249 118 102 ex
981 2249 197 102 libro,
1119 2249 98 102 &
1159 2249 217 102 Leuitae
1316 2249 236 102 docebant
1493 2249 217 102 populum
1651 2249 118 102 in
1690 2249 138 102 lege:

171 2303 98 85 &
211 2303 216 85 populus
367 2303 157 85 erat
465 2303 118 85 in
524 2303 235 85 statione
700 2303 157 85 sua.
798 2303 118 85 Et
857 2303 235 85 legerunt
1034 2303 118 85 in
1092 2303 176 85 libro
1210 2303 176 85 legis
1328 2303 137 85 dei
1406 2303 294 85 luculenter,
1621 2303 216 85 explican-

170 2368 147 89 tes
254 2368 231 89 sensum,
422 2368 105 89 &
464 2368 294 89 erudientes
695 2368 189 89 inter
821 2368 273 89 legendum.
1032 2368 168 89 Haec
1137 2368 273 89 Nehemias.
1347 2368 273 89 Obseruate
1557 2368 231 89 fratres
1704 2368 126 89 quod

168 2415 244 105 legitimi
351 2415 102 105 &
392 2415 204 105 sancti
534 2415 265 105 ecclesiae
738 2415 143 105 dei
819 2415 244 105 ministri
1003 2415 204 105 uerbum
1145 2415 143 105 dei
1226 2415 143 105 non
1308 2415 204 105 tantum
1450 2415 244 105 legerunt
1634 2415 143 105 sed
1695 2415 122 105 expo

163 2474 237 94 suerunt
336 2474 215 94 etiam.
486 2474 172 94 Hunc
594 2474 194 94 ritum
723 2474 237 94 legendi
895 2474 108 94 &
938 2474 301 94 explicandi
1175 2474 301 94 scripturas
1412 2474 151 94 uel
1498 2474 215 94 uerbum
1649 2474 151 94 dei
1713 2474 108 94 nec

162 2530 266 94 abrogauit
366 2530 184 94 neque
489 2530 266 94 neglexit,
694 2530 143 94 cum
776 2530 123 94 in
837 2530 205 94 carnem
981 2530 246 94 uenisset
1165 2530 225 94 dominus
1329 2530 205 94 noster
1472 2530 184 94 Iesus
1595 2530 266 94 Christus,

157 2593 181 81 atque
277 2593 140 81 iam
358 2593 181 81 uerus
478 2593 241 81 propheta
658 2593 100 81 &
699 2593 201 81 doctor
839 2593 281 81 coelestis,
1060 2593 221 81 adeoque
1220 2593 160 81 noui
1320 2593 281 81 testamenti
1541 2593 140 81 aut
1601 2593 221 81 Christia-

166 2644 147 81 nae
250 2644 272 81 ecclesiae
459 2644 209 81 doctor
606 2644 293 81 instrueret
836 2644 168 81 suum
941 2644 251 81 populum.
1130 2644 272 81 Nazarethi
1339 2644 168 81 enim
1444 2644 272 81 synagogam
1632 2644 189 81 ingres-

169 2697 128 90 sus
242 2697 219 90 surrexit
406 2697 109 90 ut
460 2697 200 90 legeret
606 2697 91 90 :
643 2697 91 90 &
679 2697 219 90 traditus
843 2697 128 90 est
916 2697 146 90 illi
1007 2697 164 90 liber
1116 2697 182 90 lsaiae
1244 2697 255 90 prophetae.
1445 2697 237 90 Explicuit
1627 2697 164 90 autem
1718 2697 91 90 li-

162 2753 199 98 brum,
295 2753 111 98 &
339 2753 199 98 legit
471 2753 199 98 locum
604 2753 243 98 quendam
781 2753 265 98 insignem
980 2753 133 98 ex
1046 2753 177 98 cap.
1157 2753 133 98 6.
1223 2753 221 98 Deinde
1378 2753 310 98 complicuit
1621 2753 243 98 librum,

154 2812 251 96 ministro
342 2812 272 96 reddidit,
551 2812 104 96 &
593 2812 167 96 quod
697 2812 313 96 praelegerat
948 2812 272 96 exposuit,
1157 2812 313 96 demonstrans
1408 2812 293 96 uaticinium
1638 2812 146 96 iam
1701 2812 125 96 esse

164 2869 121 110 in
224 2869 161 110 ipso
325 2869 282 110 completum,
547 2869 262 110 Praeterea
748 2869 141 110 cum
829 2869 343 110 resurrexisset
1111 2869 121 110 ex
1172 2869 242 110 mortuis,
1353 2869 222 110 comitem
1515 2869 121 110 se
1575 2869 202 110 iungit
1696 2869 121 110 duo
