2388 3324
231 280 178 76 dominium
365 280 134 76 vtile
454 280 119 76 quod
528 280 134 76 habet
617 280 178 76 vasallus
751 280 134 76 nihil
840 280 134 76 iuris
914 280 104 76 addit

257 342 118 54 vltra
336 342 197 54 vsufructum.
493 342 66 54 &
520 342 210 54 vniversaiter
690 342 145 54 quantum
796 342 118 54 habeo
874 342 79 54 de
901 342 118 54 potesta

246 391 79 53 te
285 391 132 53 licita
377 391 79 53 in
417 391 132 53 aliqua
509 391 92 53 re:
562 391 132 53 tantum
654 391 118 53 habeo
733 391 118 53 iuris
812 391 79 53 in
851 391 79 53 re
890 391 118 53 ipsa.
956 391 66 53 Est

249 442 185 47 sophisma
387 442 185 47 materiae
526 442 123 47 quam
603 442 215 47 tractamus:
772 442 200 47 insistere
926 442 92 47 in
956 442 62 47 ta

249 477 137 56 libus
340 477 91 56 an
386 477 198 56 sequatur.
538 477 152 56 Sortes
645 477 137 56 habet
737 477 183 56 dominium
874 477 137 56 vtile
950 477 61 56 in

246 521 106 57 hac
306 521 106 57 re:
367 521 121 57 ergo
442 521 136 57 habet
533 521 181 57 dominium
669 521 227 57 simpliciter
850 521 91 57 in
895 521 106 57 hac
941 521 76 57 re.

251 573 180 48 Potestas,
390 573 166 48 potentia
514 573 152 48 licita,
625 573 111 48 ius,
694 573 180 48 dominium,
833 573 152 48 extenso
930 573 83 48 voca

250 619 119 54 bulo
324 619 222 54 coincidunt.
502 619 104 54 Sed
561 619 104 54 iam
621 619 252 54 restitutionem
813 619 208 54 aggrediamur.

516 793 144 89 ntem
606 793 144 89 Rima
696 793 180 89 igitur
823 793 108 89 de
859 793 162 89 restitu

562 861 130 64 tione
648 861 173 64 quaestio
778 861 116 64 erit
851 861 130 64 haec.
923 861 101 64 Vtrum

570 910 106 60 homo
636 910 159 60 teneatur
755 910 185 60 restituere
900 910 106 60 illa
953 910 66 60 qua

569 954 180 60 acquisiuit
710 954 90 60 per
762 954 244 60 praescriptionem
954 954 64 60 vel

567 998 249 61 vsucapionem.
770 998 140 61 Primo
848 998 171 61 quaestio-

556 1041 121 62 nis
625 1041 208 62 terminos
764 1041 260 62 explicabimus:

560 1082 161 66 postea
672 1082 225 66 conclusiue
833 1082 193 66 respondebi

548 1130 131 61 mus.
629 1130 180 61 Termini
760 1130 229 61 explicandi
924 1130 98 61 sunt

248 1176 209 54 praescriptio
418 1176 65 54 &
444 1176 170 54 vsucapio.
574 1176 65 54 &
600 1176 117 54 licet
679 1176 157 54 interdum
796 1176 104 54 illi
861 1176 144 54 termini
953 1176 65 54 con

247 1226 180 48 fundantur
386 1226 97 48 sic
441 1226 83 48 vt
483 1226 111 48 vnus
552 1226 153 48 sumatur
663 1226 97 48 pro
719 1226 153 48 altero:
830 1226 153 48 proprie
927 1226 97 48 tamen

242 1263 196 53 discrimen
393 1263 166 53 habent:
514 1263 91 53 vt
559 1263 242 53 praescriptio
755 1263 91 53 in
801 1263 242 53 immobilibus:
982 1263 45 53 &

247 1306 187 51 vsucapio
388 1306 94 51 in
435 1306 203 51 mobilibus
591 1306 187 51 sumatur.
731 1306 109 51 Nec
794 1306 172 51 capitur
903 1306 125 51 mobile

244 1352 125 51 sicut
327 1352 83 51 in
369 1352 221 51 philosophia.
549 1352 111 51 quia
618 1352 97 51 sic
673 1352 180 51 quaelibet
811 1352 97 51 res
867 1352 138 51 creata
950 1352 69 51 est

246 1396 160 62 mobilis.
366 1396 147 62 centrum
472 1396 107 62 enim
539 1396 133 62 terrae
632 1396 67 62 &
659 1396 107 62 tota
726 1396 147 62 sphaera
832 1396 133 62 terrae
926 1396 93 62 est
966 1396 53 62 de

242 1444 97 53 se
290 1444 194 53 mobilis.
435 1444 113 53 Sed
500 1444 177 53 capimus
629 1444 194 53 immobile
774 1444 226 53 vulgariter
935 1444 81 53 pro

241 1490 146 55 agris,
343 1490 218 55 aedificiis,
518 1490 73 55 &
547 1490 189 55 huiusmodi
693 1490 117 55 quae
766 1490 102 55 non
824 1490 146 55 solent
911 1490 117 55 moueri

240 1530 111 58 nec
304 1530 95 58 se
351 1530 190 58 mouesit.
494 1530 190 58 Opposito
636 1530 127 58 modo
715 1530 158 58 mobile
826 1530 174 58 capitur
937 1530 79 58 pro

242 1574 219 60 animalibus
415 1574 94 60 se
461 1574 235 60 mouentibus:
649 1574 157 60 veste,
759 1574 188 60 pecunia,
900 1574 78 60 &
915 1574 110 60 aliis

244 1621 122 56 rebus
326 1621 108 56 quae
393 1621 135 56 passim
488 1621 176 56 mouentur.
650 1621 216 56 Praescriptio
826 1621 122 56 autem
907 1621 95 56 sic
947 1621 68 56 de-

242 1662 155 47 finitur.
358 1662 207 47 Praescriptio
527 1662 91 47 est
578 1662 142 47 quoddam
682 1662 91 47 ius
733 1662 142 47 tempore
837 1662 155 47 continuo
953 1662 65 47 &
966 1662 52 47 au

249 1709 191 55 ctoritate
396 1709 132 55 legis
484 1709 103 55 vim
543 1709 176 55 capiens:
675 1709 147 55 alicui
778 1709 117 55 dans
851 1709 176 55 dominium
968 1709 59 55 in

240 1754 177 51 mobilium
373 1754 89 51 in
418 1754 133 51 odium
506 1754 237 51 negligentum,
699 1754 74 51 &
728 1754 89 51 ad
773 1754 207 51 dirimendas
920 1754 104 51 lites

249 1798 193 54 finaliter
398 1798 208 54 ordinatum.
561 1798 134 54 Fodem
650 1798 119 54 modo
724 1798 208 54 definiatur
873 1798 148 54 Vsucapio

243 1843 92 55 hoc
295 1843 132 55 dempto
388 1843 105 55 quod
453 1843 145 55 ponatur
559 1843 66 55 /
585 1843 184 55 mobilium).
730 1843 118 55 Decem
809 1843 118 55 autem
887 1843 105 55 anni
940 1843 79 55 con-

246 1890 114 51 tinui
323 1890 191 51 requiruntur
475 1890 76 51 ad
513 1890 229 51 praescribendum
704 1890 114 51 inter
780 1890 191 51 praesentes:
920 1890 102 51 vigin-

245 1933 83 53 ti
287 1933 125 53 inter
370 1933 181 53 absentes:
509 1933 70 53 &
537 1933 97 53 duo
593 1933 111 53 anni
662 1933 181 53 absentiae
801 1933 97 53 pro
857 1933 97 53 vno
899 1933 125 53 praesen

242 1983 106 41 tiae
308 1983 198 41 reputantur.
467 1983 106 41 Dixi
533 1983 198 41 (continui).
691 1983 79 41 si
731 1983 106 41 quis
797 1983 79 41 ei
837 1983 145 41 aliquos
929 1983 93 41 agros

251 2018 214 61 quinquemnio
422 2018 214 61 possederit:
593 2018 71 61 &
621 2018 142 61 postea
721 2018 100 61 per
778 2018 157 61 totidem
892 2018 100 61 non
934 2018 100 61 possi

251 2067 117 55 deat:
329 2067 91 55 sed
381 2067 91 55 per
433 2067 117 55 alios
512 2067 143 55 quinque
616 2067 130 55 postea
707 2067 182 55 possideat:
851 2067 78 55 is
890 2067 91 55 non
929 2067 91 55 prae-

244 2111 173 56 scribit.
374 2111 101 56 sed
431 2111 87 56 si
475 2111 116 56 quis
547 2111 144 56 vendat
648 2111 130 56 agros
735 2111 87 56 in
778 2111 116 56 fine
836 2111 173 56 quinquemni

254 2156 274 53 conditionaliter:
487 2156 82 53 si
528 2156 192 53 deficiente
679 2156 192 53 conditione
830 2156 151 53 coditio
926 2156 96 53 resol

245 2197 137 57 uatur:
341 2197 110 57 illa
410 2197 151 57 tempora
520 2197 233 57 continuantur.
712 2197 192 57 Praesentes
863 2197 110 57 sunt
932 2197 82 57 in
959 2197 69 57 ea-

256 2243 98 50 dem
312 2243 182 50 prouincia
452 2243 182 50 degentes,
593 2243 70 50 &
621 2243 168 50 absentes
747 2243 84 50 in
789 2243 126 50 alia.
874 2243 84 50 C.
916 2243 84 50 de
944 2243 84 50 prae

248 2287 127 44 scrip.
337 2287 102 44 lon.
401 2287 102 44 tem.
465 2287 76 44 l.
503 2287 89 44 fi.
554 2287 216 44 Vsucapioautem
732 2287 89 44 fit
783 2287 76 44 in
821 2287 166 44 triennio.
936 2287 89 44 Nulla

251 2322 97 61 est
307 2322 125 61 ratio
390 2322 111 61 nisi
459 2322 166 61 voluntas
584 2322 222 61 legissatoris
764 2322 125 61 stare
847 2322 83 61 in
888 2322 97 61 hoc
930 2322 83 61 anno

256 2372 97 53 rum
311 2372 180 53 curriculo
450 2372 166 53 plusquam
574 2372 124 53 alio.
657 2372 97 53 Sed
712 2372 111 53 isti
781 2372 111 53 anni
850 2372 97 53 non
892 2372 124 53 seruan-

243 2415 102 60 tur
302 2415 88 60 in
346 2415 175 60 qualibet
477 2415 278 60 praescriptione:
711 2415 102 60 sed
770 2415 117 60 sunt
843 2415 132 60 iuris
916 2415 102 60 Caesa

246 2461 114 59 rei
311 2461 81 59 &
343 2461 212 59 communes.
506 2461 114 59 Nam
572 2461 163 59 contra
686 2461 212 59 ecclesiam
849 2461 179 59 Romanam
963 2461 65 59 no

245 2512 132 57 currit
337 2512 118 57 minor
416 2512 105 57 quam
482 2512 184 57 centenaria
626 2512 79 57 in
666 2512 92 57 his
718 2512 105 57 quae
784 2512 158 57 spectant
889 2512 132 57 principa

243 2550 133 45 liter
332 2550 89 45 ad
376 2550 148 45 ipsam.
479 2550 89 45 vt
524 2550 133 45 patet
612 2550 103 45 per
671 2550 148 45 glos:.
774 2550 89 45 in
819 2550 103 45 ca.
878 2550 89 45 Ad
907 2550 118 45 audien

262 2594 123 51 tiam.
344 2594 82 51 in
385 2594 95 51 eo.
439 2594 109 51 nisi
508 2594 82 51 in
548 2594 109 51 casu
616 2594 95 51 ca.
671 2594 136 51 secudi
766 2594 150 51 eiusdem
875 2594 136 51 libro.
957 2594 68 51 vi.

254 2641 113 54 vbi
318 2641 210 54 catholici
480 2641 258 54 praescribunt
689 2641 161 54 contra
802 2641 210 54 ecclesiam
947 2641 81 54 Ro-

240 2680 158 64 manam
346 2680 141 64 bona
434 2680 282 64 haereticorum
663 2680 123 64 qui
733 2680 282 64 ignorabantur
945 2680 70 64 in

1095 278 108 69 rita
1162 278 108 69 esse
1229 278 188 69 haeretici:
1377 278 81 69 si
1417 278 108 69 per.
1485 278 94 69 xl.
1539 278 121 69 annos
1619 278 108 69 bona
1687 278 108 69 fide
1754 278 81 69 ea
1781 278 67 69 pos

1069 340 197 50 sederunt.
1221 340 152 50 Contra
1327 340 137 50 alias
1418 340 137 50 autem
1509 340 197 50 ecclesias
1646 340 197 50 requiruntur

1081 372 100 57 xl.
1138 372 129 57 anni.
1224 372 86 57 vt
1267 372 129 57 patet
1353 372 86 57 in
1396 372 115 57 cap.
1468 372 86 57 De
1511 372 158 57 quarta.
1626 372 129 57 huius
1697 372 158 57 rubricae.

1077 414 118 62 Sed
1145 414 118 62 res
1212 414 286 62 patrimoniales
1448 414 236 62 clericorum
1633 414 118 62 non
1684 414 168 62 gaudent.

1077 459 133 63 isto
1160 459 232 63 priuilegio
1342 459 298 63 quadragenario:
1591 459 116 63 sed
1657 459 182 63 communi
1773 459 83 63 spa

1085 505 98 58 tio
1141 505 251 58 praescribuntur
1350 505 126 58 sicut
1434 505 126 58 aliae
1517 505 181 58 laicorum:
1657 505 84 58 vt
1699 505 126 58 tenet
1768 505 84 58 glos

1077 549 84 62 sa
1119 549 84 62 in
1161 549 98 62 ca.
1217 549 238 62 Possessiones.
1413 549 112 62 xvi.
1482 549 154 62 quaest.
1594 549 126 62 iiii.
1678 549 98 62 Sed
1720 549 140 62 hospita-

1075 605 83 47 le
1117 605 69 47 &
1145 605 111 47 alia
1214 605 97 47 pia
1270 605 111 47 loca
1339 605 194 47 requirunt.
1492 605 97 47 xl.
1547 605 125 47 annos
1631 605 83 47 ad
1659 605 194 47 praescriben-

1081 642 116 60 dum
1148 642 132 60 more
1230 642 232 60 ecclesiae.
1446 642 99 60 Ad
1495 642 298 60 praescribendum
1727 642 116 60 autem

1077 682 115 64 tria
1149 682 231 64 requiruntur:
1336 682 173 64 scilicet
1466 682 144 64 iustus
1567 682 173 64 titulus:
1697 682 87 64 vt
1726 682 130 64 dicitur

1072 727 82 65 in
1113 727 110 65 cap.
1182 727 82 65 Si
1223 727 192 65 diligenti.
1374 727 96 65 eo,
1428 727 96 65 non
1483 727 110 65 enim
1552 727 192 65 requiritur
1689 727 164 65 legitimus.

1072 785 177 47 titulus:
1205 785 104 47 sed
1264 785 177 47 sufficit
1398 785 192 47 erroneus,
1545 785 163 47 putatus
1664 785 148 47 verus:
1767 785 89 47 vt
1797 785 59 47 pa

1080 828 101 49 tet.
1144 828 114 49 ftur.
1220 828 89 49 pro
1270 828 127 49 socio.
1359 828 76 49 l.
1397 828 89 49 fi.
1448 828 101 49 quia
1511 828 76 49 si
1549 828 203 49 requireretur
1701 828 152 49 legitimus.

1083 859 170 63 titulus,
1210 859 156 63 nunquam
1324 859 170 63 dominium
1451 859 184 63 conferret
1593 859 241 63 praescriptio.
1777 859 71 63 Tem

1085 910 114 57 pus
1150 910 98 57 de
1199 910 147 57 cuius
1297 910 163 57 initio
1411 910 179 57 memoria
1541 910 114 57 non
1606 910 130 57 est,
1688 910 147 57 habet
1769 910 82 57 vim

1072 949 142 58 tituli.
1175 949 142 58 Secundo
1279 949 116 58 istud
1356 949 207 58 intelligitur
1524 949 129 58 quando
1615 949 90 58 res
1666 949 90 58 non
1718 949 90 58 est
1757 949 90 58 prae-

1080 992 221 60 scriptibilis
1260 992 69 60 a
1287 992 124 60 tali:
1370 992 138 60 vtpote
1467 992 207 60 spiritualia
1632 992 69 60 &
1646 992 207 60 spiritualibus

1072 1034 145 58 annexa
1173 1034 72 58 a
1202 1034 145 58 laico.
1303 1034 130 58 quare
1390 1034 87 58 si
1433 1034 145 58 laicus
1535 1034 174 58 colligat
1665 1034 174 58 decimas,
1781 1034 72 58 pri

1076 1081 164 61 mitias:
1195 1081 224 61 oblationes:
1375 1081 75 61 &
1404 1081 104 61 ius
1464 1081 209 61 patronatus
1628 1081 194 61 conferat:
1762 1081 90 61 eli-

1081 1132 112 60 gat
1145 1132 224 60 episcopos,
1321 1132 80 60 &
1353 1132 224 60 huiusmodi,
1530 1132 128 60 toto
1610 1132 176 60 tempore
1722 1132 128 60 suffi-

1087 1171 152 57 ciente
1193 1171 91 57 ad
1239 1171 289 57 praescribendum:
1482 1171 152 57 minime
1588 1171 243 57 praescribit:
1771 1171 91 57 quia

1082 1217 156 63 illius
1191 1217 140 63 iuris
1285 1217 109 63 non
1347 1217 109 63 est
1409 1217 156 63 capax.
1550 1217 187 63 Secundum
1674 1217 187 63 requisitum

1079 1259 96 54 ad
1127 1259 287 54 praescribendum
1366 1259 112 54 est
1430 1259 127 54 bona
1509 1259 159 54 fides.
1621 1259 80 54 &
1653 1259 175 54 capitur
1764 1259 80 54 pro

1086 1313 164 54 udicio
1200 1313 115 54 vel
1266 1313 262 54 conscientia:
1479 1313 148 54 sicut
1577 1313 180 54 capimus
1708 1313 98 54 in
1741 1313 115 54 commu

1086 1356 90 54 ni
1131 1356 120 54 modo
1206 1356 195 54 loquendi.
1356 1356 105 54 hoc
1416 1356 105 54 est
1476 1356 120 54 quod
1552 1356 165 54 durante
1672 1356 120 54 toto
1732 1356 120 54 tempo-

1083 1402 90 57 re
1128 1402 284 57 praescriptionis
1367 1402 120 57 homo
1442 1402 150 57 credat
1547 1402 105 57 rem
1607 1402 120 57 esse
1681 1402 120 57 suam
1741 1402 105 57 aequi

1085 1450 185 50 ualenter.
1227 1450 100 50 hoc
1284 1450 114 50 est,
1355 1450 71 50 a
1384 1450 185 50 principio
1526 1450 100 50 hoc
1583 1450 185 50 credidit:
1725 1450 100 50 nec
1768 1450 85 50 post

1069 1486 98 55 ea
1118 1486 164 55 habuit
1232 1486 229 55 oppositum.
1413 1486 213 55 possessor
1576 1486 131 55 enim
1658 1486 147 55 malae
1740 1486 115 55 fidei

1077 1538 139 48 nullo
1169 1538 170 48 tempore
1293 1538 247 48 praescribit.
1494 1538 93 48 in
1540 1538 139 48 eodem
1633 1538 139 48 titu.
1726 1538 124 48 cap.
1788 1538 77 48 Vi-

1077 1575 169 55 gilanti.
1203 1575 70 55 &
1232 1575 98 55 per
1288 1575 155 55 capitu.
1400 1575 197 55 Possessor.
1555 1575 84 55 de
1597 1575 155 55 regulis
1709 1575 141 55 iuris.
1794 1575 70 55 li-

1089 1629 106 43 pro
1150 1629 152 43 sexto.
1256 1629 76 43 &
1286 1629 91 43 si
1332 1629 122 43 quis
1408 1629 167 43 tempore
1530 1629 289 43 praescriptionis
1758 1629 106 43 habue

1071 1665 108 49 rit
1132 1665 247 49 conscientiam
1333 1665 154 49 laesam
1441 1665 93 49 ex
1487 1665 139 49 causa
1580 1665 201 49 legitima:
1719 1665 139 49 interru

1082 1710 93 57 pta
1135 1710 93 57 est
1188 1710 226 57 praescriptio:
1374 1710 66 57 &
1401 1710 146 57 incipit
1507 1710 213 57 praescriptio
1680 1710 93 57 cum
1720 1710 133 57 conscien

1076 1765 138 44 tiam
1162 1765 172 44 laesam
1282 1765 258 44 reformauit.
1489 1765 103 44 Ad
1541 1765 121 44 hoc
1610 1765 121 44 est
1661 1765 207 44 argumentum

1071 1797 92 49 in
1117 1797 168 49 capitu.
1239 1797 92 49 De
1285 1797 168 49 quarta.
1408 1797 92 49 in
1454 1797 138 49 eodem
1545 1797 138 49 titu.
1637 1797 92 49 Si
1683 1797 138 49 tamen
1775 1797 92 49 ex
1806 1797 61 49 le

1087 1853 92 43 ui
1133 1853 137 43 causa
1224 1853 229 43 conscientia
1407 1853 122 43 fuit
1484 1853 153 43 laesa:
1590 1853 122 43 quam
1667 1853 137 43 tamen
1743 1853 122 43 refor-

1082 1889 145 55 mauit
1179 1889 290 55 sufficientibus
1421 1889 194 55 motiuis:
1566 1889 113 55 non
1614 1889 242 55 interrumpitur

1098 1933 254 47 raescriptio.
1304 1933 143 47 Fodem
1400 1933 127 47 modo
1479 1933 95 47 si
1527 1933 127 47 quis
1606 1933 190 47 habuerit
1733 1933 127 47 proba-

1083 1984 120 48 bile
1158 1984 165 48 dubium,
1278 1984 105 48 non
1338 1984 225 48 praescribit
1519 1984 120 48 illo
1594 1984 180 48 tempore,
1729 1984 105 48 non
1774 1984 90 48 enim

1076 2021 186 54 sufficit
1216 2021 140 54 malam
1309 2021 140 54 fidem
1402 2021 171 54 abesse.
1526 2021 78 54 &
1557 2021 109 54 hoc
1619 2021 171 54 videtur
1728 2021 124 54 tutius

1075 2066 100 50 in
1125 2066 133 50 foro
1208 2066 182 50 animae.
1341 2066 216 50 Dubitatio
1507 2066 149 50 tamen
1606 2066 216 50 vacillans
1772 2066 83 50 &
1789 2066 66 50 mo

1080 2111 181 47 mentanea
1216 2111 196 47 reformata
1366 2111 106 47 per
1427 2111 241 47 sufficientia
1623 2111 181 47 iudicia:
1758 2111 106 47 non
1804 2111 60 47 im

1090 2153 147 55 pedit.
1193 2153 132 55 sicut
1281 2153 103 55 non
1339 2153 132 55 omnis
1427 2153 176 55 dubitans
1559 2153 103 55 est
1618 2153 220 55 haereticus:
1794 2153 103 55 sed

1087 2197 116 52 fixe
1160 2197 73 52 &
1189 2197 204 52 deliberate
1349 2197 189 52 dubitans.
1524 2197 160 52 Tertium
1640 2197 204 52 requisitum
1785 2197 73 52 est

1079 2239 123 60 quod
1156 2239 169 60 proprio
1279 2239 154 60 nomine
1386 2239 215 60 possideat:
1555 2239 123 60 quia
1632 2239 92 60 si
1678 2239 154 60 alieno
1771 2239 92 60 nomi

1078 2291 87 49 ne
1122 2291 87 49 vt
1166 2291 189 49 precario:
1311 2291 102 49 vel
1370 2291 87 49 si
1413 2291 146 49 coloni
1515 2291 175 49 fuerint:
1647 2291 102 49 non
1690 2291 175 49 praescribi

1076 2331 128 53 tur.
1156 2331 160 53 Aliqua
1268 2331 144 53 etiam
1364 2331 128 53 sunt
1444 2331 128 53 quae
1525 2331 112 53 non
1589 2331 176 53 possunt
1701 2331 160 53 praescri

1085 2376 90 52 bi
1130 2376 150 52 vtpote
1235 2376 105 52 res
1295 2376 180 52 vitiosa:
1430 2376 135 52 quare
1520 2376 105 52 res
1580 2376 165 52 furtiua
1700 2376 105 52 vel
1760 2376 90 52 vi
1790 2376 75 52 pos

1079 2410 135 58 fessa
1169 2410 105 58 non
1229 2410 150 58 potest
1334 2410 210 58 praescribi
1499 2410 90 58 in
1544 2410 135 58 sensu
1634 2410 210 58 composito:
1784 2410 75 58 non

1090 2463 132 49 solum
1178 2463 73 49 a
1208 2463 117 49 fure
1281 2463 73 49 &
1310 2463 161 49 raptore
1428 2463 117 49 quia
1501 2463 103 49 est
1560 2463 132 49 malae
1648 2463 132 49 fidei
1721 2463 132 49 posses-

1082 2506 121 57 sor:
1157 2506 106 57 sed
1218 2506 106 57 nec
1278 2506 136 57 etiam
1369 2506 91 57 ab
1415 2506 136 57 alio:
1505 2506 181 57 quousque
1641 2506 151 57 vitium
1732 2506 121 57 purge-

1081 2560 116 40 tur.
1154 2560 131 40 lstud
1241 2560 131 40 patet
1328 2560 174 40 institu.
1459 2560 87 40 de
1502 2560 160 40 vsucap.
1618 2560 87 40 S.
1662 2560 189 40 Furtiuae.
1792 2560 73 40 vbi

1090 2592 168 51 dicitur.
1216 2592 168 51 Furtiuae
1342 2592 140 51 quoque
1440 2592 98 51 res
1497 2592 70 51 &
1525 2592 112 51 quae
1595 2592 84 51 vi
1637 2592 182 51 possessae
1763 2592 98 51 sunt:

1092 2638 109 52 nec
1155 2638 93 52 si
1201 2638 202 52 praedicto
1356 2638 140 52 longo
1449 2638 171 52 tempore
1574 2638 124 52 bona
1651 2638 124 52 fide
1713 2638 140 52 posses-

1083 2685 110 70 sae
1146 2685 189 70 fuerint:
1288 2685 173 70 vsucapi
1414 2685 189 70 possunt.
1556 2685 110 70 Nam
1619 2685 221 70 furtiuarum
1777 2685 79 70 re
