2306 3321
227 327 80 77 ⁋
259 327 97 77 Ad
307 327 145 77 aliud
404 327 225 77 argumentum
581 327 129 77 nego
661 327 129 77 quod
742 327 161 77 semper
838 327 161 77 damnabi-

226 388 111 52 mus
289 388 221 52 religiosos
463 388 206 52 ludentes.
622 388 190 52 Interdum
764 388 127 52 enim
843 388 142 52 abbas
922 388 79 52 dat

227 437 173 51 quinque
353 437 189 51 duodenos
494 437 110 51 vni
557 437 126 51 mimo
636 437 157 51 gratia
746 437 267 51 recreationis.
950 437 47 51 &

235 477 177 47 contingit
372 477 109 47 quod
440 477 218 47 recreationem
617 477 136 47 capiat
712 477 150 47 maiorem
821 477 82 47 in
862 477 109 47 ludo
916 477 82 47 char

228 516 144 65 tarum,
328 516 72 65 &
357 516 115 65 tali
429 516 215 65 recreatione
601 516 187 65 indigeat:
745 516 115 65 quia
816 516 158 65 laborat
917 516 86 65 mor-

230 562 87 46 bo
273 562 102 46 vel
331 562 203 46 tristitia,
491 562 102 46 vel
549 562 87 46 vt
592 562 174 46 subleuet
723 562 116 46 aliu
795 562 131 46 morbo
882 562 102 46 vel
926 562 73 46 tri

228 607 126 52 stitia
317 607 189 52 laborantem.
468 607 63 52 &
493 607 88 52 sic
544 607 114 52 perce
620 607 151 52 ludentem
733 607 76 52 ac
771 607 177 52 honestatem
897 607 101 52 seruan

236 651 99 58 tem
292 651 85 58 in
335 651 113 58 ludo
405 651 71 58 &
433 651 113 58 sine
504 651 183 58 scandalo,
645 651 113 58 nolo
716 651 212 58 condemnare.
885 651 99 58 Nec
927 651 71 58 exi

233 693 128 60 stimes
323 693 103 60 esse
387 693 103 60 idem
452 693 77 60 in
490 693 116 60 paruo
567 693 64 60 &
593 693 77 60 in
631 693 128 60 magno.
721 693 128 60 licet.
811 693 77 60 n.
850 693 128 60 ludere
927 693 64 60 pro

244 738 139 57 prandio.
349 738 104 57 pter.
418 738 93 57 itr.
476 738 70 57 de
511 738 104 57 aleae
581 738 93 57 lusu
639 738 58 57 &
662 738 128 57 aleato.
755 738 70 57 l.
789 738 93 57 Quia
847 738 70 57 in
870 738 128 57 conviuio.

237 782 91 63 Non
289 782 103 63 enim
353 782 116 63 valet
431 782 116 63 illud
509 782 103 63 quod
573 782 129 63 Panor.
664 782 129 63 dicit:
754 782 103 63 quod
819 782 116 63 illud
897 782 91 63 non
935 782 78 63 pro-

240 832 111 55 cedit
314 832 74 55 in
351 832 149 55 clericis
463 832 87 55 qui
512 832 87 55 non
562 832 124 55 debent
648 832 124 55 facere
735 832 173 55 conviuium,
871 832 87 55 nec
908 832 87 55 illud

237 874 81 51 c.
277 874 121 51 Nulli
358 874 162 51 clerico.
479 874 148 51 xliiii.
587 874 148 51 distin.
695 874 94 51 est
749 874 94 51 pro
803 874 94 51 eo.
857 874 94 51 Nec
898 874 94 51 credo

241 915 137 62 praeum
337 915 96 62 hoc
392 915 165 62 seruasse
516 915 69 62 /
544 915 96 62 vel
599 915 82 62 ad
640 915 96 62 hoc
695 915 192 62 deuinctum,
846 915 110 62 quam
901 915 96 62 abbas

239 964 69 62 &
267 964 194 62 religiosus
420 964 125 62 erat.
503 964 97 62 sed
559 964 125 62 illic
642 964 181 62 deponitur
781 964 167 62 clericus
906 964 97 62 qui
947 964 56 62 ta

223 1004 169 47 bernam
341 1004 118 47 aut
409 1004 253 47 ergasterium
611 1004 169 47 habere
712 1004 186 47 voluerit.

238 1052 98 93 ⁋
278 1052 197 93 Contra
415 1052 217 93 tertiam
573 1052 315 93 conclusionem
809 1052 197 93 arcrumen

237 1114 118 66 tor.
311 1114 88 66 Ex
355 1114 88 66 ea
399 1114 88 66 do
444 1114 206 66 occasionem
606 1114 103 66 non
665 1114 221 66 restituendi
842 1114 88 66 in
886 1114 133 66 ludo:
960 1114 44 66 &

238 1182 142 48 aperio
337 1182 114 48 viam
408 1182 228 48 peccatoribus
593 1182 199 48 extendendi
750 1182 142 48 cornua
850 1182 85 48 ad
892 1182 142 48 luden-

238 1219 117 57 dum,
311 1219 88 57 vt
355 1219 102 57 hac
414 1219 102 57 via
472 1219 175 57 ditentur
604 1219 73 57 &
633 1219 175 57 torpeant
764 1219 161 57 vetemo.
881 1219 73 57 ⁋
896 1219 102 57 Secun

235 1265 92 52 do
281 1265 200 52 arguitur.
435 1265 92 52 in
481 1265 108 52 via
542 1265 138 52 morum
635 1265 108 52 vbi
696 1265 123 52 sunt
773 1265 200 52 opiniones
912 1265 92 52 hinc

238 1307 111 57 inde
307 1307 180 57 ambiguae:
445 1307 166 57 securior
570 1307 111 57 pars
639 1307 97 57 est
694 1307 166 57 tenenda.
818 1307 97 57 sed
860 1307 138 57 restitue

238 1353 74 51 re
275 1353 123 51 lucrum
360 1353 86 51 non
409 1353 86 51 est
458 1353 147 51 peccatum
569 1353 147 51 secundum
679 1353 123 51 omnes:
765 1353 86 51 non
814 1353 172 51 restituere
937 1353 61 51 est

242 1399 159 51 peccatum
361 1399 159 51 secundum
481 1399 212 51 Bonauenturam
653 1399 80 51 in
693 1399 93 51 hac
746 1399 212 51 distinctione
918 1399 66 51 &
932 1399 66 51 mul

231 1445 106 52 tos
291 1445 227 52 canonistas:
473 1445 76 52 &
504 1445 152 52 dubium
610 1445 121 52 apud
686 1445 243 52 Middiltonum.
868 1445 136 52 igitur.

234 1486 75 57 ⁋
264 1486 89 57 Ad
309 1486 149 57 primum
413 1486 119 57 nego
487 1486 119 57 quod
562 1486 104 57 via
622 1486 238 57 peccatoribus
815 1486 179 57 aperiam.
934 1486 75 57 nam

229 1532 111 46 illa
298 1532 166 46 antequam
423 1532 193 46 scriptores
575 1532 193 46 inceperunt
727 1532 221 46 reprehendere
906 1532 97 46 hoc
948 1532 55 46 vi

229 1571 122 51 tium,
311 1571 135 51 aperta
405 1571 108 51 est.
473 1571 68 51 &
500 1571 108 51 nego
567 1571 108 51 quod
635 1571 149 51 lusores
743 1571 95 51 hac
797 1571 95 51 via
837 1571 176 51 ditabuntur:

235 1617 111 46 immo
304 1617 83 46 vt
346 1617 166 46 plurimum
471 1617 83 46 ad
512 1617 152 46 inopiam
623 1617 208 46 rediguntur.
789 1617 83 46 Si
831 1617 139 46 namque
914 1617 83 46 Sor-

239 1660 98 54 tes
295 1660 168 54 lucretur
421 1660 140 54 centum
518 1660 84 54 in
560 1660 112 54 ludo
630 1660 182 54 fortuito:
770 1660 154 54 oportet
867 1660 140 54 matrifa-

240 1704 128 61 milias
330 1704 90 61 pro
381 1704 167 61 chartarum
510 1704 103 61 vsu,
574 1704 167 61 candelis,
702 1704 64 61 &
728 1704 167 61 huiusmodi
856 1704 141 61 aliquid
946 1704 64 61 con

239 1749 154 54 signare
351 1749 84 54 de
393 1749 224 54 consuetudine
575 1749 154 54 communi
688 1749 112 54 quae
758 1749 98 54 pro
814 1749 112 54 lege
870 1749 140 54 habetur.

240 1795 148 51 Postea
344 1795 178 51 ancillis
477 1795 74 51 &
507 1795 163 51 famulis
625 1795 104 51 pro
684 1795 207 51 collatione
847 1795 74 51 &
862 1795 148 51 obsequio

252 1840 79 61 le
291 1840 183 61 honestate,
435 1840 105 61 quod
501 1840 105 61 enim
566 1840 131 61 facile
658 1840 183 61 acquiritur
802 1840 65 61 &
828 1840 105 61 sine
880 1840 118 61 labores

242 1883 138 46 facile
339 1883 193 46 amittitur.
490 1883 179 46 Propterea
628 1883 151 46 quaerti
738 1883 179 46 Ethicorum
875 1883 124 46 primo
944 1883 69 46 di-

239 1926 90 53 cit
291 1926 207 53 Aristoteles:
459 1926 103 53 quod
523 1926 194 53 acquirentes
678 1926 103 53 bona
743 1926 65 53 a
769 1926 181 53 parentibus
911 1926 90 53 non
949 1926 52 53 ad

239 1979 83 44 eo
281 1979 111 44 bene
350 1979 194 44 conseruant
502 1979 83 44 vt
544 1979 125 44 eorum
627 1979 221 44 antecessores
806 1979 111 44 quam
876 1979 83 44 in
903 1979 111 44 sudore

246 2028 157 43 vultus
356 2028 125 43 haec
434 2028 125 43 bona
513 2028 282 43 acquisiuerunt.
747 2028 125 43 Ecce
826 2028 157 43 Sortes
920 2028 78 43 vna

239 2061 120 51 nocte
319 2061 160 51 lucratur
438 2061 147 51 centum:
545 2061 160 51 fortasse
665 2061 93 51 non
718 2061 133 51 affert
812 2061 80 51 in
851 2061 120 51 domum
918 2061 80 51 suam

237 2103 189 49 nonaginta
383 2103 102 49 vel
441 2103 204 49 octoginta:
601 2103 131 49 prout
689 2103 102 49 est
747 2103 189 49 propensus
893 2103 87 49 ad
922 2103 87 49 elar

233 2152 155 51 gienda
342 2152 186 51 pecuniam
482 2152 109 51 vel
544 2152 155 51 tenax.
653 2152 93 51 &.
699 2152 140 51 lxxx.
793 2152 140 51 scuta
870 2152 140 51 remanen

236 2192 95 58 tia
291 2192 136 58 citius
386 2192 163 58 peribunt
509 2192 109 58 quam
577 2192 191 58 quadragita
727 2192 123 58 aequo
808 2192 123 58 marte
876 2192 123 58 acquisi

239 2238 95 48 ta.
294 2238 95 48 Nam
348 2238 135 48 iterum
442 2238 149 48 ludente
550 2238 122 48 nocte
632 2238 162 48 sequanti
753 2238 95 48 cum
807 2238 122 48 ludus
888 2238 95 48 sit
929 2238 81 48 for-

246 2283 129 45 tuitus
337 2283 168 45 contingit
466 2283 142 45 perdere
570 2283 129 45 centum
660 2283 91 45 vel
712 2283 129 45 plura.
803 2283 78 45 et
842 2283 78 45 si
881 2283 117 45 forte
958 2283 78 45 ad

238 2321 101 59 huc
295 2321 187 59 lucretur,
439 2321 144 59 tertia
539 2321 101 59 vel
597 2321 144 59 quarta
697 2321 101 59 nox
755 2321 172 59 absorbet
884 2321 144 59 totum.
970 2321 43 59 &

243 2368 153 57 centum
350 2368 138 57 scuta
442 2368 138 57 extra
534 2368 153 57 bursam
641 2368 123 57 eius
718 2368 153 57 emissa
810 2368 199 57 depauperant

243 2415 90 52 eum
295 2415 77 52 in
333 2415 129 52 centum
424 2415 142 52 scutis.
527 2415 193 52 Experientia
682 2415 129 52 namque
772 2415 193 52 cognoscitur
914 2415 90 52 huius

236 2459 160 47 cemodi
348 2459 176 47 lusores
476 2459 96 47 vt
524 2459 192 47 plurimum
667 2459 256 47 depauperari.
875 2459 112 47 Tum
923 2459 80 47 pro

249 2507 121 53 pter
325 2507 152 53 causam
431 2507 197 53 nuperrime
582 2507 167 53 dictam.
704 2507 106 53 Tum
764 2507 121 53 quia
825 2507 182 53 assuescunt

231 2546 75 50 &
261 2546 119 50 sunt
335 2546 194 50 procliues
484 2546 179 50 pecuniam
619 2546 179 50 exponere
753 2546 179 50 fortunae
887 2546 104 50 cum
931 2546 75 50 vo-

240 2586 185 58 luptate.
378 2586 108 58 Tum
440 2586 123 58 quia
517 2586 123 58 sunt
594 2586 231 58 negligentes
778 2586 138 58 circa
871 2586 108 58 res
917 2586 92 58 suas

244 2635 244 55 conseruandas.
444 2635 100 55 Qui
502 2635 158 55 vigilat
616 2635 158 55 noctem,
731 2635 158 55 dormiet
845 2635 115 55 ipse
903 2635 100 55 dien.

241 2679 124 54 Super
324 2679 96 54 hoc
379 2679 124 54 dolet
461 2679 110 54 vxor
530 2679 69 54 /
557 2679 69 54 &
585 2679 165 54 negligit
709 2679 151 54 lucrari
819 2679 69 54 /
846 2679 110 54 quia
901 2679 110 54 patrem

237 2723 179 71 familias
371 2723 134 71 videt
461 2723 134 71 omnia
550 2723 179 71 fortunae
684 2723 194 71 exponere:
818 2723 194 71 negligentes

1052 312 127 78 sunt
1132 312 159 78 famuli
1243 312 79 78 &
1274 312 127 78 tota
1354 312 191 78 familia:
1497 312 79 78 &
1528 312 206 78 procliues
1671 312 175 78 redduntur

1061 389 96 42 ad
1109 389 208 42 ludendum.
1269 389 112 42 nam
1333 389 96 42 ad
1381 389 144 42 motum
1476 389 144 42 primi
1572 389 176 42 mobilis
1684 389 160 42 mouentur

1066 428 158 52 sphaerae
1184 428 197 52 inferiores:
1342 428 118 52 etiam
1421 428 105 52 motu
1486 428 145 52 raptus:
1591 428 158 52 quamquam
1710 428 105 52 motu
1762 428 79 52 pro-

1061 474 125 55 prio
1140 474 188 55 mouentur
1280 474 94 55 ad
1327 474 219 55 oppositum.
1499 474 109 55 hoc
1562 474 109 55 est
1624 474 94 55 ex
1671 474 109 55 sua
1718 474 125 55 incli-

1065 522 168 47 natione
1187 522 122 47 sunt
1263 522 122 47 bene
1339 522 137 47 nati:
1431 522 107 47 sed
1492 522 168 47 student
1599 522 244 47 patrisfamilias

1056 558 173 54 imitari
1182 558 142 54 mores
1277 558 142 54 bonos
1371 558 110 54 vel
1434 558 205 54 perditos.
1592 558 126 54 Ecce
1671 558 126 54 quid
1734 558 110 54 facit

1076 602 124 52 vnus
1154 602 217 52 insensatus
1325 602 202 52 oeconomus
1480 602 93 52 in
1527 602 124 52 tota
1604 602 171 52 politia
1713 602 124 52 domus.

1068 643 163 58 exponit
1187 643 149 58 filiam
1291 643 74 58 &
1321 643 149 58 vxorem
1425 643 253 58 impudicitiae:
1633 643 163 58 prodige
1737 643 104 58 dissi

1078 694 116 55 pans
1150 694 130 55 earum
1237 694 116 55 bona
1309 694 101 55 vel
1367 694 101 55 eis
1424 694 159 55 debita,
1540 694 72 55 &
1569 694 130 55 earum
1656 694 130 55 curam
1728 694 101 55 post-

1066 739 157 56 ponens.
1180 739 157 56 Liberos
1294 739 128 56 etiam
1379 739 142 56 furtis
1479 739 71 56 /
1507 739 199 56 homicidiis
1664 739 71 56 /
1693 739 71 56 &
1707 739 128 56 rapinis

1065 788 176 47 exponit:
1197 788 117 47 quia
1270 788 176 47 dissipat
1402 788 117 47 bona
1475 788 146 47 quibus
1578 788 176 47 deberent
1709 788 117 47 ali:
1768 788 73 47 nec

1057 826 140 57 tradit
1155 826 98 57 eis
1211 826 154 57 honeste
1322 826 154 57 viuendi
1434 826 154 57 normam.
1546 826 70 57 &
1574 826 98 57 cum
1630 826 112 57 nati
1699 826 112 57 sint
1755 826 70 57 pro

1075 868 99 51 bis
1132 868 198 51 parentibus
1287 868 170 51 secundum
1415 868 184 51 saeculum:
1557 868 156 51 seruire
1656 868 184 51 erubescunt.

1066 913 101 49 sed
1123 913 87 49 vt
1167 913 202 49 patrissare
1326 913 202 49 videantur:
1485 913 145 49 sensim
1586 913 145 49 ludere
1673 913 159 49 incipiunt

1062 957 90 51 in
1107 957 211 51 iuuentute.
1273 957 120 51 Ecce
1348 957 241 51 responsionem
1543 957 90 51 ad
1588 957 105 51 vim
1648 957 150 51 istius
1739 957 105 51 argu-

1074 1006 133 46 menti.
1167 1006 67 46 ⁋
1194 1006 80 46 Ad
1234 1006 147 46 priorem
1340 1006 120 46 autem
1420 1006 133 46 partem
1514 1006 160 46 rationis
1634 1006 107 46 nego
1701 1006 107 46 quod
1767 1006 93 46 ego

1063 1047 116 57 dem
1130 1047 248 57 occasionem.
1328 1047 116 57 Sed
1394 1047 132 57 duas
1477 1047 132 57 vias
1559 1047 215 57 oppositas
1724 1047 99 57 in
1757 1047 83 57 hac

1066 1091 125 55 parte
1149 1091 166 55 inuenio:
1274 1091 69 55 &
1302 1091 139 55 sequor
1399 1091 125 55 illam
1482 1091 139 55 partem
1579 1091 111 55 quam
1634 1091 194 55 rationabilio

1065 1133 91 60 rem
1117 1133 142 60 censeo.
1220 1133 194 60 inconvenies
1375 1133 116 60 tamen
1453 1133 129 60 potest
1544 1133 129 60 aliter
1634 1133 129 60 sopiri
1725 1133 103 60 quam
1776 1133 65 60 fal

1066 1178 161 58 sitate:
1184 1178 161 58 dicendo
1301 1178 117 58 quod
1374 1178 191 58 teneantur
1521 1178 205 58 restituere
1683 1178 88 58 no
1712 1178 132 58 cognita

1081 1221 176 52 veritate.
1217 1221 122 52 dices
1299 1221 95 52 eis
1353 1221 109 52 haec
1421 1221 244 52 inconvenientia
1624 1221 109 52 quae
1679 1221 149 52 retulimus

1066 1266 74 57 &
1096 1266 133 57 plura
1185 1266 119 57 tibi
1259 1266 237 57 occurrentia.
1452 1266 193 57 Consilium
1600 1266 104 57 des
1644 1266 193 57 restituendi

1073 1312 128 51 ucrum
1158 1312 85 51 in
1201 1312 199 51 tesserarum
1357 1312 114 51 ludo
1428 1312 156 51 partum.
1542 1312 128 51 Licet
1628 1312 114 51 enim
1699 1312 85 51 in
1727 1312 114 51 schola

1070 1356 193 44 literatorum
1225 1356 142 44 ponatur
1328 1356 103 44 haec
1393 1356 181 44 conclusio:
1534 1356 116 44 tamen
1612 1356 103 44 ipsa
1676 1356 116 44 inter
1741 1356 90 44 vulga

1059 1400 105 57 res
1119 1400 105 57 non
1179 1400 195 57 spargenda
1329 1400 150 57 venit,
1434 1400 105 57 non
1493 1400 135 57 omnis
1583 1400 120 57 enim
1658 1400 165 57 veritas
1763 1400 75 57 est

1071 1444 147 56 populo
1174 1444 206 56 detegenda.
1337 1444 103 56 sed
1396 1444 133 56 cauta
1484 1444 251 56 sollicitudine
1676 1444 162 56 quaeratur

1067 1499 135 51 populi
1161 1499 135 51 salus,
1255 1499 67 51 &
1282 1499 148 51 dicatur
1390 1499 108 51 sola
1458 1499 108 51 illa
1525 1499 148 51 veritas
1633 1499 108 51 quae
1687 1499 148 51 auditori-

1060 1532 103 49 bus
1119 1532 177 49 prodesse
1252 1532 162 49 potest.
1370 1532 162 49 Prodest
1489 1532 133 49 tamen
1577 1532 177 49 veritate
1695 1532 148 49 cognosce

1060 1572 83 55 re
1102 1572 152 55 propter
1212 1572 125 55 casus
1295 1572 221 55 conscientiae
1475 1572 83 55 in
1517 1572 152 55 secreto
1627 1572 97 55 vbi
1683 1572 138 55 nolunt
1766 1572 69 55 re-

1059 1624 177 57 stituere
1192 1624 163 57 lucrum.
1311 1624 74 57 ⁋
1340 1624 89 57 Ad
1385 1624 133 57 aliud
1473 1624 207 57 argumentum
1636 1624 118 57 dico
1710 1624 118 57 quod
1769 1624 74 57 li-

1076 1663 91 49 cet
1128 1663 156 49 securius
1245 1663 91 49 sit
1297 1663 195 49 restituere:
1453 1663 91 49 non
1506 1663 117 49 tamen
1584 1663 156 49 securius
1701 1663 91 49 est
1740 1663 104 49 dicere

1065 1711 119 54 quod
1139 1711 119 54 homo
1214 1711 178 54 teneatur
1347 1711 104 54 sub
1407 1711 134 54 poena
1496 1711 163 54 peccati
1614 1711 178 54 mortalis
1733 1711 104 54 resti

1061 1756 145 51 tuere:
1162 1756 72 51 &
1191 1756 116 51 quod
1263 1756 101 51 non
1321 1756 173 51 acquirat
1451 1756 173 51 dominium
1581 1756 130 51 lucri
1668 1756 87 51 in
1711 1756 116 51 ludo
1769 1756 72 51 for

1061 1799 133 54 tuito.
1154 1799 119 54 Ratio
1233 1799 106 54 est:
1300 1799 106 54 quia
1366 1799 159 54 incautum
1486 1799 93 54 est
1539 1799 159 54 asserere
1658 1799 146 54 aliquem
1751 1799 93 54 actum

1065 1843 118 52 esse
1139 1843 177 52 mortalem
1271 1843 103 52 vbi
1330 1843 103 52 nec
1389 1843 133 52 illud
1478 1843 221 52 sufficienti
1640 1843 191 52 auctoritate

1061 1889 93 57 nec
1114 1889 160 57 euidenti
1234 1889 147 57 ratione
1341 1889 147 57 ostendi
1447 1889 147 57 potest.
1554 1889 107 57 quia
1621 1889 93 57 hoc
1674 1889 93 57 est
1714 1889 120 57 laqueum

1063 1933 166 55 ponere
1180 1933 182 55 pedibus
1312 1933 265 55 ambulantium,
1528 1933 83 55 &
1561 1933 199 55 inducere
1694 1933 149 55 mortale

1071 1978 131 59 certum
1162 1978 91 59 vbi
1215 1978 144 59 mortale
1319 1978 91 59 non
1371 1978 104 59 est,
1436 1978 91 59 vel
1489 1978 131 59 certum
1580 1978 91 59 non
1632 1978 104 59 est.
1697 1978 104 59 quia
1750 1978 91 59 istud

1074 2020 135 48 dictum
1168 2020 94 48 dum
1222 2020 189 48 acceptatur
1370 2020 67 48 a
1397 2020 229 48 concionatore,
1585 2020 108 48 quod
1653 2020 94 48 est
1706 2020 108 48 vero
1760 2020 81 48 simi

1075 2066 129 45 liter
1161 2066 115 45 mihi
1232 2066 186 45 erroneum:
1376 2066 129 45 facit
1462 2066 158 45 populum
1576 2066 186 45 assentiri
1719 2066 100 45 vel
1762 2066 72 45 ali

1074 2109 121 54 quos
1149 2109 76 54 e
1180 2109 151 54 populo
1285 2109 121 54 quod
1361 2109 196 54 teneantur
1512 2109 227 54 restituere.
1693 2109 76 54 &
1723 2109 106 54 cum
1769 2109 76 54 mul

1076 2164 97 47 tos
1132 2164 153 47 videant
1243 2164 97 47 non
1299 2164 223 47 restituentes
1480 2164 70 47 &
1508 2164 181 47 plerosque
1647 2164 167 47 dicentes
1758 2164 84 47 quod

1068 2197 184 48 restituere
1212 2197 92 48 non
1265 2197 184 48 teneantur,
1409 2197 92 48 non
1462 2197 197 48 restituunt:
1620 2197 66 48 &
1646 2197 145 48 propter
1738 2197 105 48 laesam

1073 2243 223 52 conscientiam
1254 2243 83 52 de
1296 2243 97 52 non
1351 2243 153 52 peccato
1463 2243 167 52 peccatum
1588 2243 167 52 faciunt.
1713 2243 83 52 Si
1741 2243 97 52 tamen

1072 2282 183 65 rationes
1209 2282 229 65 aequilibres
1392 2282 152 65 forent
1499 2282 107 65 vel
1560 2282 168 65 maiores
1682 2282 91 65 ad
1712 2282 122 65 partem

1065 2326 187 55 oppositam
1208 2326 101 55 qui
1266 2326 86 55 ad
1309 2326 144 55 istam:
1409 2326 129 55 maior
1495 2326 129 55 esset
1582 2326 129 55 color
1668 2326 86 55 in
1696 2326 144 55 argumen-

1066 2379 120 49 to.
1134 2379 120 49 Non
1203 2379 171 49 deduco
1323 2379 189 49 amplius
1460 2379 257 49 argumentum:
1666 2379 137 49 quia
1734 2379 103 49 eius

1075 2415 157 47 solutio
1189 2415 143 47 haberi
1289 2415 143 47 potest
1389 2415 86 47 ex
1432 2415 143 47 dictis
1532 2415 86 47 in
1575 2415 200 47 quaestione
1718 2415 114 47 secun-

1075 2459 89 68 da
1120 2459 179 68 Prologi.
1254 2459 104 68 vbi
1314 2459 119 68 dixi
1388 2459 119 68 quod
1463 2459 104 68 non
1522 2459 149 68 semper
1626 2459 179 68 securior
1746 2459 89 68 pars

1055 2506 113 55 est
1103 2506 177 55 imitanda.

1062 2553 133 88 ⁋
1116 2553 320 88 Summatim
1355 2553 320 88 medullam
1595 2553 240 88 huius
1728 2553 107 88 ma

1070 2628 143 62 teriae
1170 2628 143 62 paucis
1270 2628 172 62 reponam.
1399 2628 115 62 quia
1471 2628 115 62 ipsa
1543 2628 172 62 communis
1672 2628 115 62 est.
1744 2628 86 62 In
1772 2628 72 62 pri

1072 2678 101 46 mis
1129 2678 115 46 dico
1201 2678 101 46 non
1259 2678 115 46 esse
1331 2678 86 46 de
1374 2678 115 46 iure
1446 2678 144 46 nature
1547 2678 101 46 vel
1605 2678 144 46 diuino
1691 2678 144 46 restitue

1072 2721 88 70 re
1116 2721 147 70 lucrum
1220 2721 88 70 in
1264 2721 177 70 taxillis
1396 2721 206 70 acquisitum
1558 2721 162 70 dummodo
1676 2721 162 70 ludatur
1779 2721 74 70 cum
