2334 3318
440 311 153 58 potente
551 311 167 58 perdere,
677 311 70 58 &
704 311 97 58 non
760 311 167 58 peccetur
885 311 139 58 contra
982 311 125 58 artem
1066 311 125 58 ludi.
1135 311 70 58 Pro

445 362 142 56 batur.
544 362 113 56 quia
615 362 99 56 vel
672 362 99 56 hoc
728 362 128 56 esset
813 362 85 56 de
856 362 113 56 iure
927 362 156 56 naturae
1040 362 113 56 quia
1097 362 113 56 fortu-

438 405 92 54 nae
491 405 184 54 innititur:
635 405 92 54 vel
688 405 105 54 quia
754 405 184 54 contingunt
899 405 145 54 peccata
1004 405 119 54 inter
1070 405 132 54 ludendum

455 455 95 42 Sed
510 455 135 42 primum
604 455 68 42 /
632 455 95 42 non
686 455 176 42 sufficit:
821 455 81 42 vt
862 455 122 42 patet
943 455 81 42 de
984 455 122 42 iactu
1065 455 135 42 retis,
1146 455 68 42 cru

446 499 94 49 cis
499 499 161 49 denarii,
620 499 94 49 vel
674 499 134 49 partis
767 499 188 49 oppositae,
915 499 67 49 &
942 499 80 49 in
982 499 121 49 sorte
1049 499 161 49 diuisoria.

436 536 96 52 Nec
491 536 165 52 secundum
615 536 178 52 sufficit:
752 536 110 52 quod
820 536 123 52 patet
902 536 82 52 de
944 536 165 52 vendente
1067 536 137 52 merces
1149 536 55 52 in

441 584 102 51 die
500 584 146 51 festo,
602 584 73 51 &
632 584 88 51 de
675 584 161 51 pecunia
792 584 161 51 accepta
909 584 88 51 ex
953 584 132 51 opere
1026 584 176 51 meretricio

448 627 95 45 Vel
503 627 122 45 dicis
584 627 82 45 id
625 627 109 45 esse
693 627 177 45 propterea
829 627 109 45 quia
897 627 136 45 ludens
992 627 109 45 vnus
1060 627 122 45 alium
1128 627 82 45 tra-

443 670 95 54 hit
498 670 81 54 ad
538 670 176 54 ludendum,
673 670 189 54 cupiditate
822 670 122 54 lucri
903 670 149 54 ductus.
1011 670 95 54 sic
1065 670 108 54 enim
1119 670 95 54 tenet

454 719 133 55 sanctus
550 719 121 55 Thomas
635 719 133 55 secunda
731 719 157 55 secundae,
852 719 133 55 quaest.
949 719 121 55 xxxii.
1033 719 84 55 ar.
1081 719 97 55 vii.
1142 719 60 55 i
1154 719 48 55 so

445 761 152 54 lutione
556 761 83 54 ad
598 761 180 54 secundum.
736 761 97 54 Sed
791 761 97 54 hoc
847 761 97 54 non
902 761 139 54 valet.
999 761 97 54 tum
1055 761 125 54 primo
1124 761 83 54 quia

449 804 128 57 forte
534 804 142 57 neuter
633 804 156 57 alterum
746 804 85 57 ad
789 804 170 57 ludendum
916 804 170 57 inducit:
1044 804 99 57 sed
1086 804 128 57 vterque

442 853 105 43 est
502 853 180 43 assuetus
637 853 150 43 ludere
742 853 75 43 /
772 853 75 43 &
802 853 210 43 frequenter
967 853 210 43 colludunt.
1132 853 75 43 Tum

446 895 161 55 secundo.
566 895 121 55 licet
647 895 107 55 vnus
714 895 121 55 alium
795 895 161 55 inducat,
916 895 134 55 potest
1010 895 107 55 esse
1077 895 94 55 non
1117 895 94 55 causa

435 936 135 55 lucri
525 936 105 55 sed
585 936 135 55 causa
675 936 270 55 conversationis
899 936 75 55 &
929 936 180 55 habendae
1049 936 165 55 familiari

436 984 135 54 tatis:
531 984 68 54 &
558 984 108 54 quod
626 984 135 54 lucrum
720 984 81 54 de
761 984 95 54 per
815 984 162 54 accidens
937 984 162 54 accedat.
1058 984 95 54 Tum
1099 984 108 54 tertio

431 1022 164 51 sequitur
554 1022 82 51 ex
595 1022 123 51 dicto
677 1022 109 51 eius
745 1022 109 51 quod
813 1022 123 51 emens
895 1022 136 51 iactum
990 1022 123 51 retis
1072 1022 68 51 a
1085 1022 123 51 piscato

437 1073 86 53 re
480 1073 86 53 in
523 1073 158 53 sequana
637 1073 129 53 causa
723 1073 129 53 iucri
809 1073 158 53 ductus:
924 1073 186 53 teneretur
1067 1073 143 53 pisces
1153 1073 57 53 vl

432 1115 102 45 tra
491 1115 174 45 pecuniam
621 1115 131 45 datam
708 1115 174 45 valentes
839 1115 218 45 restituere.
1013 1115 73 45 &
1042 1115 116 45 quod
1100 1115 116 45 merca-

431 1158 89 56 tor
482 1158 140 56 fidelis
584 1158 114 56 causa
660 1158 114 56 lucri
736 1158 114 56 emens
812 1158 89 56 tam
863 1158 76 56 in
901 1158 89 56 die
951 1158 114 56 festo
1027 1158 89 56 qui
1078 1158 89 56 non
1116 1158 89 56 festo

443 1206 166 53 teneretur
571 1206 179 53 restituere
712 1206 128 53 lucrum
802 1206 179 53 acquisitum
942 1206 102 53 quod
1006 1206 115 53 causa
1083 1206 115 53 lucri
1147 1206 64 53 ac-

439 1247 181 67 quisiuit.
578 1247 97 67 sed
634 1247 97 67 hoc
689 1247 97 67 est
745 1247 153 67 falsum:
856 1247 111 67 ergo
926 1247 139 67 dictum
1023 1247 125 67 illud
1093 1247 111 67 nullum

446 1287 66 64 &
472 1287 119 64 estat
552 1287 106 64 ergo
618 1287 80 64 si
658 1287 146 64 lucrans
764 1287 159 64 teneatur
884 1287 186 64 restituere
1030 1287 146 64 lucrum:
1122 1287 80 64 quod

440 1333 99 53 hoc
496 1333 99 53 sit
553 1333 155 53 propter
665 1333 155 53 aliquod
778 1333 183 53 positiuum
918 1333 99 53 ius
975 1333 155 53 diuinum
1087 1333 99 53 vel
1130 1333 84 53 huma

434 1372 106 68 num.
500 1372 172 68 Positiuum
632 1372 119 68 autem
711 1372 93 68 ius
764 1372 145 68 diuinum
870 1372 132 68 nullum
963 1372 106 68 est.
1029 1372 79 68 de
1069 1372 132 68 humano
1148 1372 66 68 est

442 1427 114 51 patet:
521 1427 91 51 quia
578 1427 80 51 non
624 1427 80 51 est
669 1427 125 51 aliquod
761 1427 171 51 pontificium
897 1427 160 51 aequaliter
1023 1427 103 51 omnes
1080 1427 125 51 obligans.

429 1467 104 53 nec
489 1467 208 53 Caesareum,
652 1467 119 53 quia
726 1467 134 53 illud
815 1467 104 53 non
874 1467 163 53 obligat
993 1467 104 53 non
1038 1467 163 53 subiectos

446 1514 99 54 Nec
503 1514 128 54 valet
588 1514 142 54 dicere
687 1514 113 54 quod
758 1514 170 54 pontifex
885 1514 170 54 approbat
1013 1514 113 54 omne
1083 1514 99 54 ius
1126 1514 85 54 Cae-

432 1557 145 52 sareum.
537 1557 79 52 x.
577 1557 119 52 dist.
656 1557 92 52 ca.
709 1557 79 52 De
748 1557 185 52 capitulis.
893 1557 92 52 vbi
946 1557 79 52 ei
986 1557 92 52 non
1025 1557 185 52 contradicit.

435 1601 91 54 Nam
487 1601 143 54 quamuis
591 1601 117 54 illud
668 1601 117 54 esset
746 1601 130 54 verum,
837 1601 91 54 non
889 1601 194 54 sufficeret:
1044 1601 169 54 pontifex.
1161 1601 52 54 n.

431 1648 91 54 non
483 1648 117 54 habet
561 1648 157 54 dominium
679 1648 78 54 in
718 1648 209 54 temporalibus
888 1648 117 54 super
966 1648 131 54 reges.
1057 1648 157 54 Secundo,
1162 1648 52 54 ve

435 1687 106 62 ris
495 1687 76 62 &
526 1687 151 62 falsis
632 1687 136 62 simul
723 1687 182 62 admissis
859 1687 167 62 tanquim
980 1687 197 62 concessis
1116 1687 91 62 quae

437 1727 152 65 adducis:
551 1727 89 65 non
602 1727 139 65 habetur
703 1727 76 65 ex
741 1727 89 65 eis
792 1727 139 65 omnibus
893 1727 190 65 propositum.
1045 1727 63 65 &
1071 1727 114 65 ratio
1134 1727 76 65 est.

450 1783 101 49 quia
514 1783 101 49 stat
577 1783 139 49 aliquid
679 1783 101 49 esse
742 1783 203 49 restituendum
907 1783 101 49 post
970 1783 177 49 sententiam
1097 1783 114 49 iudicis

439 1827 73 49 &
469 1827 161 49 hominem
586 1827 88 49 ad
629 1827 102 49 hoc
688 1827 102 49 non
746 1827 175 49 obligari
878 1827 117 49 ante
951 1827 205 49 sententiam
1097 1827 117 49 datam.

443 1868 99 50 hoc
500 1868 113 50 enim
570 1868 85 50 de
613 1868 198 50 poenalibus
769 1868 184 50 vtrobique
910 1868 198 50 contingit.
1052 1868 156 50 Praeterea

448 1909 85 51 hoc
497 1909 110 51 solum
570 1909 110 51 omnia
643 1909 146 51 impedit:
753 1909 98 51 quod
814 1909 159 51 quaelibet
936 1909 85 51 lex
984 1909 122 51 humana
1070 1909 85 51 per
1106 1909 110 51 consue-

437 1956 157 53 tudinem
551 1956 185 53 oppositam
693 1956 100 53 est
750 1956 185 53 abrogata.
892 1956 114 53 Esto
964 1956 128 53 tamen
1049 1956 157 53 fuisset
1149 1956 71 53 lex

444 1998 105 59 lata
509 1998 66 59 &
536 1998 118 59 etiam
614 1998 79 59 ab
654 1998 144 59 omnibus
759 1998 144 59 recepta
864 1998 118 59 (quod
943 1998 118 59 tamen
1021 1998 131 59 falsum
1100 1998 105 59 iudico

435 2041 98 49 illa
496 2041 122 49 potest
581 2041 85 49 per
630 2041 159 49 oppositum
752 2041 122 49 tolli.
838 2041 85 49 sic
887 2041 85 49 est
935 2041 98 49 hic.
996 2041 134 49 igitur.
1106 2041 98 49 Beatus

436 2091 99 54 aut
493 2091 213 54 Bonauentura
663 2091 85 54 in
706 2091 99 54 hac
762 2091 227 54 distinctione
947 2091 128 54 dicit
1032 2091 142 54 lucrum
1118 2091 99 54 aleae

446 2137 221 53 restituendum:
628 2137 78 53 eo
667 2137 104 53 quod
732 2137 143 53 lucrans
836 2137 91 53 est
888 2137 117 53 malae
966 2137 117 53 fidei
1044 2137 182 53 possessor,
1174 2137 39 53 &

432 2181 163 48 iniusto
551 2181 178 48 possidet
684 2181 163 48 titulo:
803 2181 74 48 &
833 2181 134 48 ludus
922 2181 104 48 est
981 2181 148 48 turpis
1085 2181 74 48 &
1100 2181 104 48 repro

437 2222 127 50 batus.
526 2222 89 50 Sed
577 2222 114 50 salua
653 2222 101 50 eius
716 2222 177 50 reuerentia
856 2222 152 50 rationes
970 2222 114 50 istae
1046 2222 127 50 nullae
1122 2222 76 50 sunt

439 2266 88 54 Si
483 2266 117 54 enim
556 2266 146 54 habeat
659 2266 234 54 conscientiam
849 2266 234 54 scrupulosam:
1039 2266 132 54 nihil
1112 2266 102 54 facit

433 2311 96 45 hoc
488 2311 82 45 ad
529 2311 123 45 casum
611 2311 232 45 conclusionis:
802 2311 109 45 plus
870 2311 109 45 quam
938 2311 82 45 si
979 2311 150 45 haberet
1088 2311 82 45 in
1116 2311 96 45 aliis

434 2356 205 48 contractibus
601 2356 141 48 licitis
704 2356 205 48 conscientiam
870 2356 167 48 erroneam.
999 2356 64 48 &
1024 2356 90 48 est
1076 2356 115 48 eadem
1140 2356 64 48 dis

447 2398 174 48 ficultas.
581 2398 94 48 Sed
634 2398 107 48 nego
701 2398 107 48 quod
768 2398 94 48 non
822 2398 134 48 habeat
915 2398 134 48 iustum
1009 2398 147 48 titulum
1103 2398 107 48 illius

444 2438 132 64 lucri:
536 2438 106 64 quia
603 2438 132 64 titulo
695 2438 146 64 codicti
801 2438 93 64 vel
854 2438 212 64 conventionis
1026 2438 132 64 ludens
1105 2438 106 64 lucrum

436 2491 124 53 capit.
522 2491 124 53 sicut.
609 2491 74 53 n.
646 2491 74 53 in
684 2491 112 53 iactu
758 2491 112 53 retis
833 2491 87 53 est
882 2491 174 53 conventio:
1019 2491 87 53 sic
1068 2491 87 53 hic
1118 2491 87 53 est
1155 2491 62 53 ta-

452 2531 112 46 rita
522 2531 84 46 ab
564 2531 168 46 hominium
690 2531 224 46 consuetudine
872 2531 140 46 quando
970 2531 140 46 ponunt
1054 2531 154 46 pecuniam.

445 2573 136 52 Video
536 2573 166 52 aliquos
657 2573 197 52 Summistas
808 2573 151 52 aliter
914 2573 181 52 sentire.
1050 2573 106 52 sed
1110 2573 91 52 hi
1141 2573 60 52 ni

435 2619 103 48 hil
494 2619 206 48 examinant,
656 2619 73 48 &
685 2619 206 48 defaecatum
847 2619 176 48 afferunt
979 2619 147 48 nihil:
1082 2619 132 48 quare
1155 2619 59 48 de

429 2671 105 48 eis
489 2671 105 48 non
549 2671 105 48 est
609 2671 105 48 vis
669 2671 195 48 facienda.
819 2671 135 48 Vnius
908 2671 165 48 loannis
1028 2671 135 48 Nider
1103 2671 105 48 verba

439 2711 124 65 aliqua
526 2711 149 65 afferam.
637 2711 112 65 dicit
712 2711 99 65 iste
774 2711 75 65 in
811 2711 162 65 praecepto
936 2711 149 65 septimo.
1047 2711 87 65 ca.
1097 2711 87 65 vi.
1134 2711 75 65 quod

1286 324 138 61 vterque
1387 324 138 61 lusorum
1487 324 100 61 vult
1550 324 100 61 deum
1613 324 100 61 esse
1676 324 100 61 sibi
1739 324 176 61 propitium,
1877 324 63 61 &
1902 324 100 61 quod
1952 324 88 61 lucre

1280 370 106 48 tur:
1346 370 106 48 quod
1412 370 93 48 est
1465 370 212 48 impossibile.
1638 370 66 48 &
1664 370 93 48 sic
1717 370 133 48 volunt
1810 370 159 48 deducere
1930 370 106 48 deum
1996 370 80 48 ad

1277 410 215 52 impossibile.
1451 410 148 52 Secundo
1558 410 121 52 dicit
1639 410 107 52 quod
1706 410 148 52 lucrans
1813 410 94 52 non
1867 410 161 52 acquirit
1974 410 67 52 lu-

1274 463 127 53 crum:
1358 463 113 53 quia
1429 463 113 53 nemo
1499 463 85 53 ex
1542 463 155 53 iniusto
1654 463 197 53 fundamento
1809 463 169 53 acquirit
1922 463 127 53 lucrum.

1269 501 120 52 modo
1344 501 226 52 fundamentum
1525 501 105 52 est
1585 501 196 52 iniustum.
1735 501 150 52 Primum
1840 501 150 52 dictum
1931 501 120 52 nullam

1282 551 119 48 habet
1361 551 211 48 apparentiam,
1532 551 79 48 vt
1572 551 119 48 patet
1651 551 79 48 in
1691 551 119 48 iactu
1770 551 132 48 retis:
1862 551 79 48 in
1889 551 158 48 venditione

1269 593 79 47 &
1301 593 207 47 emptione:
1460 593 95 47 de
1508 593 159 47 duobus
1619 593 238 47 exercitibus
1810 593 238 47 Christianis
1984 593 64 47 op

1282 641 166 43 positis.
1407 641 125 43 Bonus
1490 641 111 43 enim
1559 641 138 43 filius
1656 641 111 43 vult
1725 641 138 43 patrem
1822 641 138 43 viuere
1919 641 83 43 vt
1946 641 97 43 dicit

1280 679 175 47 Augustinu
1414 679 108 47 quem
1482 679 108 47 deus
1549 679 108 47 vult
1616 679 121 47 mori.
1697 679 67 47 &
1724 679 94 47 hoc
1778 679 94 47 est
1832 679 121 47 notum
1912 679 162 47 secundum

1283 722 126 49 omnem
1367 722 126 49 viam,
1450 722 167 49 quousque
1576 722 84 49 de
1618 722 181 49 voluntate
1757 722 98 49 dei
1813 722 223 49 constiterit.
1980 722 70 49 Pos

1273 765 131 52 sumus
1361 765 117 52 enim
1434 765 234 52 contrauenire
1624 765 146 52 licite
1726 765 190 52 voluntati
1872 765 102 52 dei
1916 765 131 52 benepla

1273 814 130 47 citi.
1359 814 115 47 modo
1431 814 86 47 in
1474 814 187 47 proposito
1619 814 101 47 non
1676 814 159 47 constat
1792 814 86 47 de
1835 814 187 47 voluntate
1965 814 86 47 dei.

1277 855 124 50 Quid
1355 855 140 50 dicit
1448 855 93 50 de
1495 855 171 50 iniusto
1619 855 233 50 fundamento:
1806 855 186 50 relinquo
1930 855 124 50 insolu

1278 895 91 61 tum
1330 895 78 61 in
1369 895 130 61 forma:
1460 895 104 61 quia
1525 895 91 61 iam
1577 895 156 61 soluimus
1693 895 143 61 similia
1797 895 78 61 in
1836 895 91 61 hac
1875 895 169 61 quaestione.

1314 946 111 47 Ecce
1383 946 111 47 quid
1453 946 83 47 de
1495 946 125 47 lucro
1578 946 153 47 alearum
1689 946 153 47 censeo:
1801 946 97 47 nec
1856 946 125 47 tamen
1940 946 111 47 haec
1995 946 56 47 po

1283 989 103 52 pulo
1348 989 206 52 praedicarem:
1515 989 90 52 sed
1567 989 142 52 dicerem
1670 989 232 52 inconvenientia
1863 989 103 52 quae
1927 989 77 52 ex
1953 989 103 52 taxil-

1279 1028 128 50 lorum
1364 1028 113 50 ludo
1435 1028 213 50 contingunt:
1605 1028 71 50 &
1633 1028 113 50 quod
1704 1028 113 50 male
1775 1028 128 50 agunt
1860 1028 184 50 ludentes.
1987 1028 57 50 In

1285 1074 220 54 confessione
1461 1074 117 54 vero
1535 1074 147 54 quando
1637 1074 147 54 lucrum
1740 1074 147 54 habens
1843 1074 88 54 in
1887 1074 103 54 hoc
1931 1074 117 54 genete

1285 1117 109 55 ludi
1353 1117 109 55 mihi
1421 1117 231 55 confiteretur:
1611 1117 163 55 suaderem
1734 1117 81 55 ei
1774 1117 136 55 largas
1869 1117 136 55 facere
1951 1117 95 55 elee-

1277 1168 187 54 mosynas:
1418 1168 78 54 &
1449 1168 202 54 inducerem
1604 1168 109 54 eum
1667 1168 93 54 ad
1713 1168 187 54 cauendum
1853 1168 93 54 in
1884 1168 156 54 posterum

1270 1210 213 46 absoluturus
1440 1210 128 46 tamen
1526 1210 100 46 eum
1583 1210 100 46 vbi
1640 1210 142 46 lucrum
1739 1210 199 46 restituere
1882 1210 156 46 noluerit.

1272 1254 167 58 studemo
1393 1254 122 58 enim
1469 1254 152 58 semper
1576 1254 167 58 quantum
1697 1254 152 58 possum
1804 1254 167 58 peccata
1925 1254 76 58 &
1941 1254 106 58 pecca

1274 1299 119 51 torum
1353 1299 185 51 occasiones
1498 1299 66 51 e
1525 1299 119 51 medio
1604 1299 158 51 tollere:
1723 1299 106 51 viis
1789 1299 119 51 tamen
1868 1299 158 51 licitis.
1987 1299 92 51 sed

1281 1346 170 52 nullius
1404 1346 201 52 prudentis
1559 1346 108 52 est
1621 1346 201 52 mendaciis
1776 1346 77 52 &
1806 1346 248 52 positionibus
1992 1346 62 52 de

1269 1385 199 50 falsitate
1422 1385 199 50 suspectis
1575 1385 199 50 elaborare
1728 1385 138 50 vitia
1820 1385 230 50 extinguere:
1989 1385 61 50 po

1272 1436 176 60 tissimum
1404 1436 88 60 in
1448 1436 117 60 caut
1521 1436 117 60 erio
1594 1436 117 60 illo
1668 1436 190 60 adhibendo
1814 1436 73 60 &
1843 1436 161 60 laqueum
1946 1436 102 60 pedi-

1268 1471 133 66 bus
1344 1471 284 66 ambulantium
1571 1471 265 66 imponendo.

1569 1671 200 81 Dhuc
1694 1671 150 81 de
1769 1671 225 81 ludis
1894 1671 150 81 Quae

1568 1733 143 53 ratio
1663 1733 95 53 an
1711 1733 159 53 ludere
1822 1733 111 53 sit
1870 1733 175 53 honestum.

1590 1781 161 60 suppono
1707 1781 102 60 pro
1766 1781 190 60 solutione
1898 1781 146 60 quaestio

1588 1825 101 60 nis
1645 1825 116 60 quod
1718 1825 130 60 licet
1804 1825 130 60 ludus
1891 1825 159 60 dicatur
1992 1825 58 60 in

1574 1868 164 61 factis:
1693 1868 74 61 &
1723 1868 134 61 iocus
1812 1868 89 61 in
1857 1868 164 61 verbis:
1961 1868 89 61 pro-

1584 1915 180 54 miscue
1710 1915 162 54 tamen
1818 1915 144 54 vtar
1891 1915 162 54 vocabu-

1587 1951 100 66 lis.
1650 1951 163 66 Similiter
1775 1951 138 66 quamuis
1875 1951 113 66 ludus
1938 1951 100 66 inter-

1276 2003 119 48 dum
1344 2003 119 48 pro
1412 2003 290 48 exercitatione
1651 2003 256 48 gymnastica,
1856 2003 85 48 &
1890 2003 119 48 pro
1942 2003 102 48 loco

1270 2055 196 53 accipiatur
1424 2055 84 53 in
1466 2055 98 53 quo
1522 2055 252 53 exercitationes
1733 2055 280 53 institutionesque
1957 2055 98 53 fiunt

1281 2096 87 46 vt
1325 2096 102 46 pro
1383 2096 116 46 ludo
1456 2096 233 46 gladiatorio:
1645 2096 116 46 ludo
1718 2096 189 46 literario
1863 2096 73 46 /
1892 2096 73 46 &
1907 2096 145 46 eiusmodi

1274 2136 253 47 impsentiarum
1480 2136 190 47 duntaxat
1622 2136 174 47 accipio
1748 2136 111 47 pro
1811 2136 253 47 oblectamento
2001 2136 47 47 &

1269 2182 232 49 recreatione.
1458 2182 73 49 &
1487 2182 102 49 sub
1545 2182 116 49 ludo
1618 2182 218 49 coprhedimus
1792 2182 116 49 omne
1864 2182 116 49 quod
1937 2182 102 49 est
1980 2182 73 49 re-

1285 2225 191 50 creatiuum
1432 2225 88 50 de
1476 2225 88 50 se
1521 2225 88 50 vt
1565 2225 191 50 plurimum.
1712 2225 103 50 Nam
1771 2225 176 50 agricola
1903 2225 74 50 &
1918 2225 132 50 vinitor

1273 2270 87 44 in
1316 2270 145 44 quibus
1417 2270 159 44 genitus
1533 2270 101 44 est
1591 2270 159 44 habitus
1706 2270 173 44 laboris:
1836 2270 145 44 sumunt
1923 2270 130 44 recrea-

1274 2314 131 52 tionem
1366 2314 79 52 in
1405 2314 105 52 suis
1470 2314 183 52 laboribus:
1615 2314 105 52 moti
1680 2314 92 52 spe
1733 2314 131 52 lucri.
1824 2314 118 52 prout
1903 2314 105 52 dici
1955 2314 92 52 solet

1283 2357 119 51 Omnis
1362 2357 79 51 in
1402 2357 106 51 orbe
1468 2357 119 51 labor
1547 2357 79 51 si
1587 2357 198 51 compensetur
1746 2357 132 51 honori
1838 2357 93 51 Eit
1891 2357 132 51 leuis:
1984 2357 66 51 &
1997 2357 53 51 lu

1286 2401 114 46 crum
1357 2401 157 46 mitigat
1471 2401 114 46 omne
1542 2401 143 46 malum.
1642 2401 128 46 Licet
1728 2401 128 46 autem
1813 2401 143 46 aliqui
1913 2401 114 46 boni
1970 2401 71 46 gau

1283 2447 127 46 deant
1367 2447 84 46 de
1409 2447 225 46 aegritudine:
1592 2447 70 46 &
1620 2447 225 46 aequanimiter
1803 2447 127 46 ferat
1887 2447 155 46 patiens
1986 2447 56 46 ad

1274 2490 117 54 uersa
1352 2490 117 54 sicut
1431 2490 157 54 prospera
1548 2490 91 54 per
1600 2490 104 54 suum
1665 2490 144 54 habitum
1770 2490 196 54 patientiae:
1926 2490 91 54 non
1966 2490 91 54 tamen

1275 2538 167 50 vocamus
1397 2538 244 50 aegritudines
1594 2538 152 50 ludos,
1701 2538 122 50 quia
1777 2538 107 50 non
1838 2538 122 50 sunt
1899 2538 152 50 recreati

1270 2579 100 54 uae
1327 2579 86 54 de
1370 2579 100 54 se:
1427 2579 129 54 licet
1513 2579 114 54 bene
1584 2579 86 54 ab
1627 2579 214 54 extrinseco.
1798 2579 186 54 Similiter
1927 2579 114 54 habens

1270 2623 136 48 suram
1361 2623 166 48 fractam
1482 2623 91 48 in
1527 2623 121 48 pila
1603 2623 151 48 pedali
1708 2623 106 48 non
1769 2623 151 48 multum
1860 2623 181 48 recreatur.

1275 2671 92 53 sed
1328 2671 92 53 hoc
1380 2671 92 53 est
1433 2671 92 53 per
1486 2671 172 53 accidens:
1618 2671 66 53 &
1645 2671 92 53 non
1697 2671 79 53 ex
1737 2671 119 53 parte
1816 2671 106 53 ludi
1882 2671 79 53 de
1922 2671 92 53 se.
1962 2671 92 53 circa

1274 2711 132 74 quod
1357 2711 116 74 non
1423 2711 116 74 est
1489 2711 165 74 multum
1589 2711 231 74 insistendum.
