2297 3318
198 315 107 87 â‹
240 315 150 87 lam
326 315 172 87 pono
434 315 344 87 conclusiones
713 315 215 87 titulo
842 315 129 87 quae

198 392 166 52 stionis
319 392 241 52 responsiuas.
515 392 151 52 Quarum
620 392 136 52 prima
711 392 121 52 est.
786 392 166 52 honestu
892 392 75 52 est

203 423 148 57 ludere.
310 423 175 57 probatur.
445 423 148 57 aliquis
553 423 135 57 potest
647 423 162 57 excedere
769 423 162 57 iocando,
890 423 81 57 vt
917 423 54 57 fa

206 479 142 48 ciunt
301 479 190 48 verborum
443 479 190 48 prodigi:
585 479 190 48 loquendo
727 479 158 48 quando
838 479 111 48 non
885 479 95 48 opor

212 521 109 49 tet,
281 521 96 49 vel
335 521 109 49 plus
404 521 109 49 quam
472 521 137 49 licet:
567 521 96 49 vel
622 521 96 49 vbi
677 521 96 49 non
731 521 164 49 oportet.
854 521 82 49 vt
881 521 96 49 Ther-

204 565 135 48 sites
294 565 195 48 Homericus
444 565 165 48 secundo
564 565 180 48 lliados.
700 565 210 48 detrahendo
850 565 120 48 aliis:

204 603 121 53 alios
284 603 188 53 irridendo:
432 603 94 53 vel
486 603 202 53 contentiose
647 603 81 53 in
687 603 175 53 societate
808 603 175 53 contradicen

225 650 88 55 do.
276 650 163 55 aliquorum
401 650 100 55 enim
463 650 88 55 est
514 650 75 55 ea
551 650 125 55 natura
639 650 88 55 tam
689 650 75 55 in
726 650 113 55 mensa
802 650 100 55 quam
864 650 75 55 in
889 650 88 55 aliis

211 693 234 64 congressibus:
404 693 193 64 caeterorum
556 693 248 64 rationabilibus
762 693 138 64 dictis
859 693 96 64 vel
900 693 83 64 deli

206 739 238 49 berationibus
399 739 163 49 improbe
518 739 208 49 contraire.
682 739 89 49 hi
726 739 119 49 male
801 739 119 49 nati
875 739 119 49 sunt
934 739 45 49 &

205 782 167 63 inflati,
330 782 111 63 quam
400 782 195 63 singulares
553 782 153 63 cupiunt
665 782 153 63 videri,
776 782 70 63 &
804 782 167 63 extranea
915 782 56 63 si

218 826 76 52 ne
256 826 140 52 ratione
358 826 140 52 fouere.
460 826 115 52 Alius
537 826 153 52 quispiam
651 826 89 52 non
702 826 153 52 loquitur
817 826 127 52 quando
906 826 64 52 &
919 826 51 52 vb

222 866 153 59 oportet,
337 866 76 59 vt
375 866 153 59 Crassus,
490 866 89 59 qua
541 866 115 59 nuqui
617 866 76 59 in
655 866 102 59 vita
719 866 140 59 risisse
821 866 140 59 fertur,
910 866 64 59 vel

217 915 99 51 non
274 915 156 51 amplius
387 915 114 51 quam
458 915 142 51 semel,
558 915 71 51 &
586 915 85 51 ob
629 915 85 51 id
672 915 185 51 Agelastus
814 915 142 51 dictus
899 915 71 51 est

216 958 97 55 Sed
272 958 153 55 vtrique
383 958 153 55 istorum
495 958 209 55 exorbitant.
662 958 111 55 ergo
731 958 181 55 contingit
871 958 111 55 dare
926 958 56 55 me

213 1001 116 50 dium
286 1001 102 50 per
344 1001 189 50 doctrinam
489 1001 145 50 Arist.
591 1001 102 50 ii.
649 1001 145 50 Ethic.
751 1001 189 50 Propterea
881 1001 102 50 Eutra

231 1048 108 55 pelia
303 1048 84 55 in.
351 1048 108 55 iiii.
423 1048 168 55 Ethicorum.
554 1048 84 55 vi.
602 1048 84 55 ca.
650 1048 132 55 ponitur
746 1048 132 55 virtus.
841 1048 60 55 &
853 1048 120 55 Eutrapel

214 1089 90 52 in
259 1089 105 52 hoc
319 1089 105 52 est
379 1089 195 52 studiosus
529 1089 165 52 tenendo
650 1089 150 52 medium
755 1089 165 52 ludendo
875 1089 105 52 vel
920 1089 60 52 io

216 1134 149 50 cando.
320 1134 89 50 In
365 1134 134 50 super
454 1134 134 50 seria
543 1134 134 50 magna
632 1134 163 50 nostrum
751 1134 178 50 ingenium
870 1134 119 50 obtun-

215 1178 117 58 dunt
288 1178 73 58 &
317 1178 190 58 hebetant.
463 1178 117 58 ergo
536 1178 175 58 interdum
667 1178 117 58 opus
740 1178 102 58 est
784 1178 204 58 recreatione:

213 1225 98 64 quae
274 1225 86 64 non
323 1225 86 64 fit
372 1225 98 64 nisi
433 1225 86 64 per
482 1225 122 64 ludum.
567 1225 134 64 igitur.
665 1225 98 64 Quia
726 1225 110 64 autem
800 1225 122 64 magnum
873 1225 110 64 studium

225 1273 145 56 noceat,
330 1273 132 56 patet.
422 1273 92 56 hic
475 1273 105 56 enim
541 1273 92 56 est
593 1273 79 56 vt
633 1273 132 56 dicunt
725 1273 197 56 naturaliter
870 1273 118 56 loquen-

230 1311 108 53 tes:
298 1311 68 53 &
325 1311 95 53 cum
380 1311 136 53 primis
474 1311 217 53 Aristoteles,
651 1311 108 53 quod
718 1311 136 53 multum
800 1311 176 53 incumbentes

216 1356 153 55 studio
323 1356 199 55 quacumque
476 1356 229 55 complexione
659 1356 122 55 nati
735 1356 183 55 fuerint,
858 1356 122 55 melan-

233 1400 157 50 cholici
347 1400 172 50 euadunt.
476 1400 186 50 praeterea
619 1400 186 50 stomachos
762 1400 143 50 habent
848 1400 129 50 debiles

217 1443 110 53 hinc
286 1443 96 53 eis
341 1443 192 53 consulitur
491 1443 110 53 post
560 1443 178 53 assumptum
697 1443 123 53 cibum
779 1443 96 53 non
834 1443 137 53 vacare
916 1443 69 53 li-

223 1488 145 50 teris:
325 1488 87 50 vt
369 1488 145 50 natura
470 1488 116 50 sibi
543 1488 160 50 relicta
659 1488 131 50 cibum
747 1488 189 50 assumptum
877 1488 102 50 conco

223 1532 127 57 quat.
307 1532 141 57 quando
406 1532 113 57 enim
476 1532 99 57 vna
533 1532 169 57 potentia
659 1532 99 57 est
716 1532 155 57 intenta
828 1532 127 57 circa
899 1532 84 57 suum

222 1578 129 55 actum:
312 1578 116 55 alias
390 1578 168 55 potentias
519 1578 77 55 ab
557 1578 116 55 earum
635 1578 142 55 actibus
738 1578 155 55 impedit.
854 1578 77 55 vt
880 1578 103 55 quando

218 1622 188 58 intellectus
369 1622 100 58 quae
431 1622 88 58 est
481 1622 150 58 potentia
594 1622 150 58 superior
707 1622 150 58 profunde
807 1622 175 58 contemplatur

230 1663 183 51 digestiua
371 1663 112 51 male
441 1663 169 51 digerit,
567 1663 98 51 nec
624 1663 127 51 talis
708 1663 155 51 protunc
820 1663 112 51 bene
877 1663 112 51 audit,

236 1712 96 49 vel
291 1712 110 49 bene
360 1712 138 49 videt,
456 1712 96 49 nec
511 1712 110 49 tunc
580 1712 83 49 vt
621 1712 96 49 in.
676 1712 110 49 xii.
745 1712 220 49 distinctione
910 1712 69 49 dix

222 1753 128 60 mus,
302 1753 128 60 bene
382 1753 144 60 dicit
478 1753 144 60 horas
574 1753 224 60 memoriter:
749 1753 160 60 quarum
845 1753 144 60 habitum

231 1797 134 59 tenet.
324 1797 107 59 ergo
391 1797 120 59 istis
471 1797 94 59 est
525 1797 200 59 necessarium
685 1797 174 59 retrahere
818 1797 80 59 se
858 1797 67 59 a
872 1797 120 59 specula

223 1841 108 53 tione
295 1841 84 53 pro
343 1841 144 53 tempore.
451 1841 84 53 cum
499 1841 96 53 enim
559 1841 144 53 ingenium
668 1841 132 53 hominis
764 1841 108 53 velut
836 1841 84 53 ala
872 1841 120 53 molendi-

228 1885 93 51 ni,
281 1885 79 51 in
320 1885 146 51 vigilia
426 1885 172 51 voluatur:
558 1885 93 51 non
611 1885 132 51 potest
704 1885 106 51 esse
770 1885 159 51 remissio
889 1885 106 51 nisi
942 1885 53 51 ad

226 1932 150 54 aliquid
335 1932 82 54 no
376 1932 177 54 profundae
512 1932 231 54 speculationis
702 1932 82 54 se
743 1932 177 54 diuertat.
879 1932 68 54 &
906 1932 82 54 si
934 1932 54 54 ir

228 1979 163 42 aliquam
347 1979 193 42 theoricam
495 1979 89 42 se
540 1979 178 42 ingerat:
673 1979 163 42 augetur
792 1979 148 42 morbus
896 1979 74 42 &
911 1979 74 42 nor

235 2017 206 50 antidotum.
397 2017 118 50 ergo
471 2017 162 50 oportet
588 2017 88 50 vt
632 2017 118 50 homo
706 2017 221 50 convertatur
882 2017 88 50 ad
912 2017 74 50 ali

227 2068 113 48 quam
298 2068 227 48 recreationem
482 2068 184 48 honestam,
624 2068 113 48 quem
694 2068 128 48 iocum
779 2068 99 48 vel
836 2068 128 48 ludum
907 2068 85 48 voca

221 2105 127 54 mus.
300 2105 127 54 Hinc
380 2105 159 54 schola
491 2105 175 54 Salerni
618 2105 190 54 Anglorum
761 2105 127 54 regi
824 2105 159 54 scriben-

226 2150 136 58 dicit.
322 2150 82 58 Si
362 2150 109 58 tibi
430 2150 177 58 deficiant
566 2150 150 58 medici:
675 2150 136 58 medici
770 2150 109 58 tibi
838 2150 122 58 fiunt
906 2150 82 58 Haec

229 2197 128 55 tria,
314 2197 113 55 mens
385 2197 142 55 laeta,
484 2197 170 55 requies,
611 2197 170 55 moderata
739 2197 156 55 diaeta.
852 2197 99 55 duo
895 2197 99 55 prima

222 2244 181 46 spectant
357 2244 90 46 ad
403 2244 211 46 propositum
568 2244 181 46 nostrum.
704 2244 90 46 Et
749 2244 136 46 Cato.
824 2244 166 46 Interpone

223 2288 117 47 tuis
296 2288 175 47 interdum
428 2288 146 47 gaudia
530 2288 146 47 curis.
632 2288 73 47 &
662 2288 175 47 Ouidius.
793 2288 117 47 Quod
866 2288 131 47 caret
939 2288 44 47 a

222 2328 133 57 terna
311 2328 163 57 requie,
429 2328 178 57 durabile
563 2328 104 57 non
622 2328 118 57 est.
696 2328 222 57 Quemadmodum
874 2328 118 57 enim
933 2328 59 57 ai

236 2375 94 55 cus
289 2375 94 55 diu
343 2375 148 55 tensus:
451 2375 94 55 non
505 2375 94 55 sic
559 2375 175 55 impetuose
694 2375 162 55 impellit
816 2375 175 55 sagittam:
937 2375 54 55 vi

231 2424 115 46 alius
308 2424 128 46 statim
398 2424 90 46 eam
449 2424 167 46 emittens:
578 2424 64 46 &
603 2424 167 46 propterea
731 2424 192 46 relinquitur
885 2424 77 46 in
911 2424 77 46 fini

236 2464 100 53 suae
299 2464 188 53 rectitudini
449 2464 163 53 naturali:
575 2464 88 53 sic
625 2464 88 53 est
675 2464 75 53 de
712 2464 138 53 hominis
813 2464 150 53 ingenio:
913 2464 75 53 quod

229 2507 173 54 postquam
358 2507 86 54 se
401 2507 201 54 aliquamdiu
559 2507 86 54 in
603 2507 144 54 aliqua
703 2507 173 54 theorica
818 2507 173 54 immerserit

233 2558 173 48 oportet
359 2558 236 48 retrahatur.
547 2558 204 48 Propterea
705 2558 204 48 iuuenibus
862 2558 126 48 dies
924 2558 79 48 cam

242 2591 171 58 pestrales
373 2591 79 58 vt
413 2591 105 58 ipsi
479 2591 145 58 dicunt,
584 2591 211 58 conceduntur:
755 2591 79 58 vt
795 2591 132 58 melius
874 2591 118 58 studean

229 2633 120 57 quos
304 2633 120 57 dies
378 2633 149 57 aliqui
483 2633 254 57 Aristotelicos
692 2633 164 57 vocant.
812 2633 164 57 Aristo.
916 2633 90 57 for-

229 2690 131 53 tasse
317 2690 102 53 ita
375 2690 146 53 ludere
478 2690 234 53 consueuerat,
667 2690 102 53 vel
726 2690 117 53 suos
799 2690 146 53 ludere
886 2690 117 53 fecit.

1044 305 115 61 Hinc
1115 305 158 61 inuenta
1230 305 101 61 est
1288 305 158 61 musica:
1403 305 115 61 quam
1475 305 144 61 Arist.
1575 305 129 61 viii.
1661 305 129 61 poli.
1733 305 72 61 lau

1042 364 123 48 dat.
1119 364 93 48 Et
1165 364 154 48 Aeneas
1273 364 108 48 pro
1335 364 170 48 Anchise
1458 364 139 48 patre
1551 364 154 48 mortuo
1643 364 170 48 instituit

1039 407 139 50 ludos.
1136 407 83 50 v.
1178 407 180 50 Aeneidos.
1316 407 125 50 dando
1399 407 180 50 laetitiam
1538 407 111 50 post
1607 407 180 50 moerorem.
1732 407 69 50 sic

1037 452 194 53 Achilles
1182 452 113 53 pro
1247 452 194 53 Patroclo
1393 452 97 53 ab
1441 452 178 53 Hectore
1570 452 243 53 interempto.
1748 452 65 53 vt

1033 500 142 44 apud
1122 500 213 44 Darhetem
1282 500 89 44 &
1317 500 195 44 Homerum
1459 500 213 44 legimus.
1619 500 124 44 Sed
1690 500 89 44 &
1708 500 106 44 loan

1033 543 99 53 nes
1089 543 226 53 Euangelista,
1273 543 85 53 vt
1316 543 198 53 perhibent,
1471 543 99 53 aue
1528 543 85 53 se
1570 543 212 53 oblectabat.
1740 543 71 53 &
1754 543 57 53 be

1047 584 120 57 atus
1122 584 179 57 Antonius
1256 584 179 57 gaudebat
1391 584 105 57 cum
1450 584 209 57 fratribus.
1615 584 194 57 Similiter
1749 584 60 57 re

1046 634 140 49 creare
1144 634 126 49 alios
1228 634 84 49 in
1271 634 126 49 mensa
1355 634 98 49 vel
1411 634 126 49 alibi
1495 634 140 49 verbis
1593 634 98 49 vel
1650 634 126 49 rebus
1720 634 84 49 hone

1049 674 130 47 stis,
1135 674 101 47 vbi
1193 674 101 47 nec
1250 674 115 47 deus
1322 674 101 47 nec
1380 674 173 47 proximus
1509 674 216 47 offenditur,
1682 674 101 47 est
1725 674 101 47 lauda

1043 713 144 51 bile.
1139 713 128 51 Hinc
1219 713 176 51 Pyrrhus
1347 713 224 51 Epirotarum
1522 713 112 51 rex
1570 713 240 51 pugnacissimus

1041 764 150 50 dicere
1146 764 165 50 solitus
1267 764 120 50 erat
1342 764 150 50 plures
1447 764 75 50 a
1477 764 135 50 Cynea
1567 764 135 50 vrbes
1658 764 135 50 suaui
1733 764 90 50 elo-

1044 811 120 50 quio
1119 811 90 50 ac
1164 811 165 50 facunda
1284 811 180 50 oratione
1419 811 150 50 captas
1525 811 120 50 quam
1600 811 90 50 ab
1645 811 90 50 se
1690 811 135 50 armis
1765 811 60 50 vi

1041 850 112 45 ctas
1111 850 126 45 esse.
1195 850 126 45 Dulci
1278 850 140 45 namque
1376 850 154 45 eloquio
1488 850 126 45 multi
1572 850 182 45 trahuntur
1711 850 84 45 ad
1739 850 84 45 vir-

1049 896 134 45 tutem.
1143 896 107 45 Vnde
1210 896 161 45 Horatius
1331 896 81 45 in
1371 896 107 45 arte
1438 896 161 45 poetica.
1559 896 188 45 Syluestres
1693 896 121 45 homines

1038 940 138 48 sacer
1130 940 230 48 interprsque
1314 940 153 48 deorum
1421 940 184 48 Caedibus
1559 940 77 48 &
1590 940 138 48 victu
1682 940 138 48 foedo
1759 940 61 48 de

1037 984 176 50 terruit
1165 984 192 50 Orpheus,
1309 984 160 50 Dictus
1421 984 96 50 ob
1468 984 112 50 hoc
1532 984 160 50 lenire
1644 984 160 50 tigres
1740 984 80 50 ra-

1040 1023 217 59 pidosque
1202 1023 199 59 leones.
1347 1023 180 59 Dictus
1473 1023 90 59 &
1509 1023 199 59 Amphion
1636 1023 180 59 Thebanae

1050 1065 184 57 conditor
1188 1065 138 57 arcis
1280 1065 123 57 Saxa
1357 1065 154 57 mouere
1465 1065 123 57 sono
1541 1065 215 57 testudinis
1710 1065 77 57 &
1726 1065 92 57 prae

1051 1112 99 62 ce
1100 1112 165 62 blanda
1215 1112 165 62 Ducere
1331 1112 115 62 quo
1380 1112 132 62 vellet

1046 1169 111 59 â‹
1090 1169 244 59 Secunda
1268 1169 310 59 conclusio.
1512 1169 177 59 vnus
1622 1169 200 59 modus
1733 1169 89 59 lu

1046 1222 76 53 di
1084 1222 126 53 alicui
1173 1222 126 53 statui
1261 1222 88 53 est
1312 1222 177 53 conveniens
1451 1222 88 53 qui
1501 1222 114 53 alium
1577 1222 152 53 dedecet.
1678 1222 139 53 probatur.

1050 1263 133 54 trocho
1143 1263 147 54 ludere,
1250 1263 173 54 proiicere
1383 1263 133 54 nuces,
1476 1263 160 54 equitare
1596 1263 120 54 super
1663 1263 160 54 arundinem,

1044 1304 160 57 trahere
1161 1304 145 57 capita
1262 1304 160 57 equorum
1378 1304 189 57 mortuorum
1524 1304 87 57 in
1567 1304 131 57 fune,
1654 1304 102 57 vel
1698 1304 116 57 currum

1053 1351 127 59 culos,
1142 1351 89 59 vel
1193 1351 127 59 facere
1282 1351 165 59 molendina
1409 1351 76 59 in
1447 1351 153 59 antiquis
1562 1351 127 59 mutis,
1651 1351 64 59 &
1663 1351 153 59 huiusmodi,

1057 1394 127 52 decent
1146 1394 165 52 paruulos:
1273 1394 89 52 non
1324 1394 114 52 autem
1401 1394 127 52 passim
1489 1394 127 52 senes.
1578 1394 76 52 De
1617 1394 153 52 paruulis
1718 1394 102 52 patet.

1044 1441 111 46 Nam
1107 1441 174 46 videmus
1234 1441 190 46 catulos,
1377 1441 174 46 iuuenes
1503 1441 158 46 catos,
1614 1441 222 46 agniculos,
1773 1441 48 46 &

1045 1484 180 54 huiusmodi
1184 1484 125 54 bruta
1267 1484 83 54 in
1308 1484 125 54 prima
1391 1484 125 54 etate
1474 1484 138 54 multum
1571 1484 138 54 ludere
1668 1484 97 54 ita
1723 1484 83 54 vt
1751 1484 69 54 vi-

1055 1529 148 48 dentibus
1166 1529 160 48 laetitiam
1289 1529 160 48 afferant.
1413 1529 111 48 Fodem
1487 1529 99 48 modo
1548 1529 99 48 illd
1610 1529 86 48 est
1660 1529 148 48 naturale
1758 1529 62 48 pue

1046 1571 99 53 ris
1102 1571 84 53 ad
1144 1571 99 53 hoc
1201 1571 84 53 vt
1243 1571 113 53 bene
1313 1571 169 53 alantur,
1440 1571 70 53 &
1468 1571 84 53 in
1510 1571 141 53 suorum
1609 1571 183 53 membrorum
1736 1571 84 53 exer

1057 1615 222 60 citationem.
1235 1615 89 60 Et
1279 1615 118 60 Cato
1353 1615 148 60 dicit.
1456 1615 148 60 Trocho
1560 1615 133 60 lude:
1649 1615 133 60 aleas
1723 1615 103 60 fuge.

1052 1661 101 54 ergo
1116 1661 101 54 plus
1179 1661 101 54 ludi
1242 1661 88 54 est
1292 1661 88 54 eis
1343 1661 190 54 admittendum
1495 1661 101 54 quam
1558 1661 190 54 senioribus.
1709 1661 114 54 sicut
1772 1661 51 54 ca

1049 1700 98 61 tuii
1110 1700 61 61 &
1134 1700 110 61 bruta
1208 1700 73 61 in
1245 1700 135 61 tenella
1343 1700 122 61 aetate
1428 1700 98 61 plus
1489 1700 122 61 ludunt
1575 1700 98 61 quae
1636 1700 73 61 in
1673 1700 122 61 senio.
1747 1700 73 61 Ista

1054 1752 110 54 enim
1123 1752 123 54 senes
1205 1752 178 54 dedecent:
1342 1752 123 54 prout
1424 1752 123 54 vulgo
1507 1752 165 54 dicitur.
1630 1752 96 54 Nam
1685 1752 123 54 turpe
1753 1752 69 54 est

1054 1794 131 55 cano
1136 1794 115 55 cui
1201 1794 181 55 surgunt
1333 1794 181 55 vellera
1464 1794 131 55 meto
1547 1794 99 55 Si
1596 1794 164 55 pueris
1695 1794 131 55 mixtus

1050 1842 155 46 iactet
1159 1842 78 46 &
1190 1842 124 46 ipse
1268 1842 155 46 nuces.
1376 1842 124 46 Dixi
1454 1842 186 46 passim).
1593 1842 109 46 nam
1655 1842 93 46 de
1686 1842 140 46 Socrate

1058 1888 161 51 legimus:
1178 1888 94 51 cum
1232 1888 121 51 omnes
1312 1888 148 51 Athenis
1420 1888 148 51 tempore
1527 1888 134 51 pestis
1621 1888 174 51 abiissent
1742 1888 80 51 ipse

1058 1930 131 53 mansit
1150 1930 79 53 in
1189 1930 105 53 vrbe
1255 1930 171 53 equitando
1386 1930 118 53 super
1465 1930 157 53 arudinem
1583 1930 92 53 cum
1635 1930 171 53 paruulis,
1767 1930 66 53 &
1780 1930 39 53 i

1057 1979 178 43 moderata
1191 1979 119 43 vita
1265 1979 74 43 &
1295 1979 267 43 exercitatione,
1517 1979 134 43 aliis
1606 1979 119 43 dira
1681 1979 134 43 peste
1755 1979 74 43 con

1062 2014 148 58 sumptis
1169 2014 175 58 incolumis
1304 2014 148 58 euasit.
1411 2014 121 58 illic
1492 2014 108 58 enim
1559 2014 94 58 non
1599 2014 229 58 deprehendebatur

1057 2061 87 53 ab
1100 2061 173 53 adultis:
1230 2061 116 53 quia
1302 2061 202 53 aufugerant
1461 2061 87 53 ab
1505 2061 130 53 vrbe:
1591 2061 72 53 &
1620 2061 159 53 paruuli
1736 2061 87 53 in
1765 2061 72 53 hoc

1062 2114 102 46 non
1121 2114 307 46 scandalizabantur.
1384 2114 102 46 Sic
1442 2114 131 46 docti
1530 2114 73 46 &
1559 2114 161 46 honesti
1676 2114 117 46 viri
1734 2114 88 46 sepa

1063 2148 98 56 rati
1124 2148 61 56 a
1148 2148 122 56 plebe,
1234 2148 110 56 inter
1307 2148 98 56 sese
1368 2148 73 56 ad
1404 2148 110 56 pilam
1477 2148 61 56 /
1502 2148 85 56 vel
1551 2148 122 56 discum
1636 2148 61 56 /
1660 2148 85 56 vel
1709 2148 110 56 alium
1770 2148 49 56 lu

1064 2196 91 50 dum
1116 2196 65 50 /
1142 2196 234 50 exercitationis
1337 2196 65 50 &
1363 2196 169 50 laetitiae
1494 2196 130 50 gratia
1585 2196 143 50 ludunt.
1676 2196 143 50 Similiter

1065 2238 127 57 laici
1150 2238 198 57 luctantur:
1305 2238 170 57 venantur
1433 2238 142 57 feras:
1532 2238 198 57 aucupantur
1687 2238 127 57 aues:
1758 2238 71 57 cur

1062 2280 105 55 runt:
1132 2280 140 55 saltant:
1238 2280 140 55 ballista
1343 2280 58 55 &
1366 2280 105 55 arcum
1436 2280 140 55 vtuntur.
1542 2280 105 55 Omnes
1612 2280 94 55 isti
1670 2280 105 55 tamen
1729 2280 94 55 tenent

1065 2329 144 48 cauere
1166 2329 87 48 ne
1209 2329 188 48 destruant
1353 2329 173 48 segentes
1483 2329 173 48 aliorum:
1613 2329 101 48 vel
1670 2329 87 48 ne
1699 2329 130 48 noceant

1056 2374 174 52 proximis.
1189 2374 107 52 quia
1256 2374 94 52 hoc
1310 2374 94 52 est
1363 2374 80 52 de
1403 2374 107 52 iure
1470 2374 160 52 naturae.
1590 2374 107 52 Haec
1657 2374 120 52 autem
1737 2374 94 52 non
1778 2374 53 52 de

1057 2416 115 53 cent
1129 2416 216 53 religiosos:
1301 2416 72 53 &
1330 2416 129 53 multa
1416 2416 129 53 eorum
1503 2416 173 53 clericos
1632 2416 187 53 dedecent.
1761 2416 58 53 di

1059 2457 150 55 clerico
1168 2457 122 55 vena.
1250 2457 82 55 c.
1291 2457 191 55 Episcopum.
1440 2457 95 55 vbi
1495 2457 163 55 dicitur.
1617 2457 177 55 Episcopum
1740 2457 95 55 praes

1062 2502 163 56 byterum
1181 2502 89 56 ac
1225 2502 178 56 diaconum
1359 2502 134 56 canes
1448 2502 89 56 ac
1493 2502 208 56 accipitres
1656 2502 74 56 /
1686 2502 104 56 aut
1730 2502 104 56 huius

1055 2545 126 51 modi
1134 2545 94 51 ad
1181 2545 189 51 venandum
1323 2545 157 51 habere
1433 2545 110 51 non
1496 2545 157 51 licet.
1606 2545 173 51 Venatio
1716 2545 110 51 tamen

1059 2587 114 58 non
1124 2587 114 58 est
1189 2587 227 58 interdicta
1367 2587 211 58 episcopis
1530 2587 81 58 &
1562 2587 260 58 sacerdotibus
1757 2587 65 58 de

1061 2634 120 54 iure
1136 2634 164 54 naturae
1255 2634 105 54 vel
1315 2634 149 54 diuino
1420 2634 105 54 sed
1479 2634 90 54 de
1524 2634 120 54 iure
1599 2634 224 54 pontificio.
1763 2634 75 54 vbi

1059 2681 134 68 autem
1149 2681 209 68 seruaretur
1312 2681 179 68 intentio
1447 2681 238 68 legissatoris
1640 2681 75 68 &
1670 2681 104 68 non
1715 2681 119 68 verba:
