2315 3325
783 164 754 155 istinctionis
1349 164 424 155 atiniae

457 307 116 67 leus
529 307 87 67 in
572 307 174 67 tractatu
703 307 87 67 de
746 307 217 67 intensione:
920 307 116 67 quod
992 307 101 67 hoc
1050 307 101 67 est
1108 307 101 67 per
1152 307 72 67 ac-

1284 307 82 79 in
1325 307 151 79 hostia:
1435 307 110 79 ergo
1504 307 124 79 illud
1586 307 137 79 frigus
1683 307 233 79 perpetuabitur
1875 307 82 79 si
1916 307 110 79 deus
1971 307 96 79 illud

459 367 145 56 cidens
560 367 87 56 ad
603 367 130 56 motum
690 367 188 56 alterius:
835 367 116 56 quia
907 367 87 56 si
951 367 130 56 esset
1038 367 87 56 in
1081 367 145 56 duobus
1168 367 58 56 lo

1285 378 107 50 non
1346 378 214 50 annihilet.
1514 378 92 50 Ad
1559 378 107 50 hoc
1620 378 214 50 respodetur
1788 378 214 50 concedendo
1941 378 137 50 illatum

468 414 101 51 cis
525 414 188 51 separata,
670 414 116 51 idem
742 414 231 51 contingeret.
930 414 116 51 ergo
1002 414 116 51 dato
1074 414 116 51 quod
1132 414 101 51 forma

1290 425 84 60 ex
1332 425 98 60 quo
1388 425 98 60 est
1444 425 182 60 conclusio
1584 425 168 60 sequens,
1711 425 98 60 nec
1767 425 84 60 ex
1809 425 98 60 hoc
1865 425 168 60 sequitur
1977 425 84 60 quod

463 455 234 59 substantialis
656 455 96 59 vel
711 455 220 59 accidentalis
889 455 96 59 sit
944 455 124 59 extra
1027 455 192 59 subiectum:
1164 455 69 59 de-

1297 460 131 68 frigus
1389 460 92 68 est
1441 460 144 68 maioris
1546 460 209 68 resistentiae
1716 460 118 68 extra
1794 460 170 68 subiectum
1925 460 92 68 qui
1977 460 79 68 in
2004 460 65 68 sub

451 498 136 48 bemus
541 498 151 48 tenere
647 498 121 48 quod
723 498 136 48 inter
813 498 136 48 ipsam
904 498 75 48 &
934 498 121 48 ipsi
1010 498 211 48 contrariam
1161 498 75 48 sit

1288 508 125 69 iecto:
1375 508 87 69 sed
1425 508 112 69 solum
1499 508 87 69 hoc
1549 508 162 69 prouenit:
1674 508 100 69 quia
1736 508 125 69 natura
1824 508 87 69 nen
1874 508 125 69 potest
1961 508 137 69 aliquid

465 544 137 51 actio
556 544 76 51 &
587 544 168 51 passio:
709 544 76 51 &
739 544 107 51 cum
800 544 244 51 contrarietas
998 544 76 51 &
1029 544 137 51 actio
1120 544 76 51 a
1136 544 91 51 for-

1297 549 185 62 destruere
1439 549 114 62 nisi
1511 549 100 62 sit
1568 549 200 62 subiectum.
1725 549 128 62 Forte
1810 549 143 62 dicis.
1910 549 143 62 hostia
1996 549 71 62 co-

452 589 93 66 ma
498 589 216 66 procedant:
668 589 77 66 &
699 589 170 66 materia
822 589 139 66 nihil
915 589 139 66 agat:
1008 589 185 66 sequitur
1131 589 93 66 quod

1291 591 156 59 secrata
1404 591 142 59 citius
1503 591 184 59 putrescit
1645 591 85 59 in
1688 591 113 59 loco
1758 591 170 59 immundo.
1886 591 71 59 &
1914 591 99 59 hoc
1971 591 99 59 non
2013 591 57 59 ni

459 630 186 65 creatura
598 630 155 65 potest
691 630 139 65 creare.

1296 636 73 66 si
1332 636 134 66 propter
1429 636 146 66 actionem
1539 636 146 66 corporis
1648 636 219 66 circunstantis.
1830 636 134 66 igitur.
1915 636 158 66 Respondetur

1290 686 144 65 corpus
1390 686 216 65 circunstans
1563 686 130 65 nihil
1650 686 130 65 facit
1736 686 86 65 ad
1780 686 130 65 illam
1852 686 216 65 corruptionem:

444 679 119 93 â‹
492 679 143 93 Ad
563 679 238 93 primum
730 679 238 93 aliqui
897 679 333 93 concedunt:
1135 679 95 93 vt

1293 725 95 69 sed
1348 725 109 69 deus
1416 725 95 69 sic
1470 725 122 69 facit
1552 725 82 69 ac
1593 725 82 69 si
1633 725 136 69 causae
1729 725 163 69 secundae
1851 725 136 69 ageret
1933 725 122 69 propter

466 760 211 51 Aliacensis:
634 760 112 51 quod
705 760 84 51 in
747 760 112 51 illo
817 760 112 51 casu
887 760 168 51 creatura
1013 760 140 51 creat.
1112 760 98 51 sed
1154 760 70 51 hoc

1293 772 153 67 meritum
1404 772 125 67 fidei
1488 772 70 67 &
1516 772 125 67 alias
1599 772 139 67 causas
1696 772 111 67 quas
1766 772 111 67 ipse
1835 772 139 67 nouit.
1933 772 125 67 Illud
2002 772 56 67 co

461 804 91 52 non
513 804 130 52 placet
604 804 143 52 propter
708 804 143 52 dicenda
812 804 169 52 propterea
941 804 104 52 nego
1006 804 104 52 quod
1071 804 143 52 aliquam
1162 804 65 52 cre

1291 816 113 66 lorat
1367 816 138 66 nostram
1467 816 151 66 regulam:
1580 816 126 66 quando
1668 816 138 66 aliquae
1768 816 126 66 causae
1856 816 151 66 secundae
1957 816 100 66 citius

455 857 118 51 atura
534 857 131 51 potest
625 857 170 51 producere
756 857 131 51 calore
848 857 79 51 in
887 857 144 51 hostiam
992 857 210 51 consecratam:
1149 857 79 51 quia

1292 868 208 52 corrumperent
1461 868 104 52 quam
1526 868 130 52 aliae:
1617 868 104 52 tunc
1682 868 130 52 citius
1772 868 130 52 corpus
1863 868 143 52 Curisti
1954 868 117 52 desinit

459 889 111 59 ille
528 889 125 59 calor
611 889 125 59 esset
694 889 125 59 extra
777 889 194 59 subiectum:
929 889 97 59 non
985 889 152 59 ponendo
1082 889 138 59 quantita

1282 909 122 62 illic
1364 909 109 62 ese.
1432 909 122 62 etiam
1513 909 81 62 ad
1554 909 217 62 alterationem
1731 909 149 62 totalem
1839 909 177 62 specierum
1961 909 109 62 corpus

448 945 99 53 tem
504 945 183 53 distingui
645 945 71 53 a
674 945 212 53 substantia:
843 945 113 53 quae
914 945 99 53 est
970 945 198 53 susceptiua
1111 945 113 53 quali-

1296 946 156 65 Curisti
1409 946 156 65 desinit
1522 946 113 65 esse
1593 946 99 65 sub
1650 946 127 65 illis
1735 946 198 65 speciebus.
1890 946 71 65 â‹
1918 946 85 65 Ad
1947 946 113 65 confir

462 983 125 50 tatum.
549 983 112 50 Etiam
623 983 75 50 eo
661 983 149 50 inficias
773 983 100 50 quod
835 983 112 50 ignis
910 983 125 50 potest
997 983 174 50 corrumpere
1121 983 100 50 frigus

1287 997 174 63 mationem
1418 997 174 63 concesso
1549 997 218 63 antecedente
1723 997 160 63 negatur
1839 997 247 63 consequentia.
2027 997 44 63 &

455 1026 77 56 in
494 1026 129 56 hostia
584 1026 155 56 frigida:
700 1026 103 56 quia
765 1026 103 56 tunc
830 1026 207 56 annihilaret.
998 1026 116 56 licet
1075 1026 129 56 aliqui
1153 1026 77 56 com-

1292 1045 119 49 ratio
1371 1045 212 49 diuersitatis
1544 1045 106 49 est:
1610 1045 106 49 quia
1676 1045 80 49 ex
1716 1045 119 49 primo
1796 1045 119 49 nihil
1875 1045 159 49 sequitur
1981 1045 80 49 repu

452 1070 128 58 cedant
542 1070 103 58 quod
606 1070 154 58 creatura
721 1070 128 58 potest
811 1070 192 58 annihilare:
965 1070 103 58 quia
1029 1070 90 58 hoc
1080 1070 90 58 non
1131 1070 90 58 est
1170 1070 51 58 ni

1286 1091 114 56 gnans
1362 1091 127 56 dictis
1451 1091 177 56 sanctorum:
1590 1091 76 56 ex
1628 1091 139 56 secundo
1730 1091 101 56 vero
1793 1091 101 56 sic:
1856 1091 76 56 vt
1894 1091 139 56 oniesus
1983 1091 76 56 est.

448 1107 85 67 si
490 1107 184 67 destruere
632 1107 155 67 effectu
745 1107 99 67 iam
801 1107 113 67 actu
872 1107 198 67 existentem
1027 1107 127 67 extra
1098 1107 113 67 passum

449 1161 90 60 sed
501 1161 77 60 no
539 1161 129 60 potest
629 1161 142 60 creare:
733 1161 103 60 quia
797 1161 180 60 aequaliter
939 1161 77 60 se
977 1161 116 60 habet
1055 1161 77 60 ad
1093 1161 116 60 omnia
1158 1161 64 60 pro

1283 1145 97 79 â‹
1321 1145 213 79 Secundo
1476 1145 194 79 contra
1612 1145 310 79 conclusionem
1845 1145 213 79 arguitur.

457 1205 199 57 ducibilia:
613 1205 114 57 ergo
684 1205 99 57 vel
741 1205 170 57 infinita
869 1205 170 57 producit
997 1205 85 57 si
1039 1205 99 57 sit
1096 1205 128 57 agens
1167 1205 57 57 na

1295 1215 161 48 creatura
1416 1215 175 48 corrumpit
1550 1215 134 48 aliam:
1644 1215 81 48 vt
1684 1215 108 48 puta
1752 1215 148 48 formam:
1859 1215 94 48 sic
1913 1215 108 48 quod
1967 1215 94 48 nihil

454 1251 153 47 turale:
565 1251 97 47 vel
621 1251 153 47 nullum.
732 1251 97 47 Sed
787 1251 167 47 superius
912 1251 111 47 hanc
982 1251 167 47 rationem
1093 1251 125 47 reproba

1283 1260 106 52 eius
1349 1260 133 52 manet:
1442 1260 106 52 ergo
1509 1260 186 52 annihilat.
1655 1260 120 52 tenet
1735 1260 226 52 consequantia:
1921 1260 106 52 quia
1974 1260 80 52 amni

449 1295 147 55 uimus.
552 1295 117 55 Dico
625 1295 147 55 igitur
728 1295 117 55 quod
801 1295 103 55 nec
860 1295 176 55 creatura
992 1295 132 55 creat
1080 1295 103 55 nec
1124 1295 103 55 anni-

1294 1294 127 72 hilare
1383 1294 114 72 nihil
1459 1294 114 72 aliud
1535 1294 165 72 importare
1662 1294 139 72 videtur
1763 1294 101 72 nisi
1826 1294 101 72 quod
1889 1294 76 72 id
1927 1294 101 72 quod
1978 1294 76 72 nunc

445 1333 136 64 hilat:
540 1333 95 64 sed
595 1333 108 64 deus
662 1333 95 64 hoc
717 1333 122 64 facit
798 1333 81 64 ad
838 1333 203 64 praesentiam
1001 1333 136 64 causae
1082 1333 136 64 secundae

1284 1340 95 60 est
1339 1340 95 60 ens
1393 1340 149 60 desinit
1501 1340 163 60 secundum
1623 1340 81 60 se
1664 1340 68 60 &
1691 1340 176 60 quidlibet
1827 1340 108 60 sui.
1894 1340 68 60 &
1921 1340 122 60 eodem
1989 1340 68 60 mo-

447 1384 83 61 ne
489 1384 180 61 euacuetur
627 1384 152 61 meritum
738 1384 139 61 fidei,
835 1384 97 61 nec
890 1384 125 61 etiam
974 1384 125 61 ignis
1057 1384 139 61 potest
1140 1384 83 61 ser-

1289 1384 95 66 do
1337 1384 95 66 de
1384 1384 158 66 creari
1494 1384 189 66 deducere
1636 1384 205 66 possumus:
1794 1384 95 66 vt
1841 1384 95 66 de
1889 1384 142 66 forma
1967 1384 95 66 quae

450 1424 118 64 uare
524 1424 163 64 calorem
643 1424 192 64 productum
791 1424 89 64 in
835 1424 163 64 hostia.
954 1424 118 64 Vnde
1028 1424 118 64 pono
1087 1424 133 64 regulam

1279 1431 85 64 de
1321 1431 114 64 nouo
1393 1431 214 64 producitur.
1564 1431 85 64 Et
1606 1431 199 64 cofirmatur
1763 1431 171 64 capiatur
1891 1431 128 64 lumen
1963 1431 85 64 pro-

448 1472 142 52 talem.
547 1472 85 52 Ad
590 1472 242 52 applicationem
790 1472 171 52 causarum
918 1472 199 52 secundarum
1075 1472 85 52 in
1103 1472 114 52 sacra-

1284 1470 152 63 ductum
1390 1470 76 63 a
1420 1470 121 63 sole
1496 1470 91 63 in
1542 1470 106 63 hoc
1603 1470 137 63 aere:
1694 1470 76 63 &
1724 1470 197 63 corrumpat
1876 1470 121 63 deus
1952 1470 91 63 in
1982 1470 76 63 hoc

451 1521 125 53 mento
535 1521 223 53 Eucharistiae
716 1521 139 53 semper
813 1521 111 53 deus
883 1521 125 53 facit
966 1521 111 53 illd
1036 1521 111 53 quod
1092 1521 125 53 apparet

1279 1524 170 62 instanti
1406 1524 142 62 aerem:
1506 1524 128 62 adhuc
1591 1524 99 62 sol
1647 1524 213 62 conseruabit
1817 1524 113 62 suum
1888 1524 142 62 lumen:
1973 1524 85 62 quia

450 1562 112 53 esse
520 1562 98 53 per
576 1562 140 53 causas
675 1562 168 53 secundas
801 1562 84 53 ac
843 1562 84 53 si
885 1562 140 53 essent
983 1562 126 53 panis
1068 1562 70 53 &
1096 1562 140 53 vinum:
1180 1562 42 53 &

1288 1569 90 57 non
1339 1569 141 57 desinit
1442 1569 115 57 lumen
1519 1569 90 57 per
1570 1569 141 57 vltimum
1673 1569 141 57 instans
1776 1569 90 57 sui
1827 1569 115 57 esse:
1904 1569 90 57 sed
1955 1569 90 57 per
1994 1569 64 57 pri

450 1601 106 62 hoc
511 1601 182 62 secundum
647 1601 137 62 legem
738 1601 197 62 communem.
890 1601 167 62 Solutio
1011 1601 197 62 argumenti
1148 1601 76 62 se-

1288 1613 102 51 mum
1347 1613 102 51 non
1405 1613 131 51 esse.
1492 1613 117 51 ergo
1565 1613 219 51 conseruabit
1740 1613 131 51 lumen
1827 1613 117 51 sine
1886 1613 160 51 subiectos

448 1652 143 53 quentis
552 1652 91 53 est
604 1652 156 53 probatio
722 1652 156 53 regulae.
839 1652 78 53 Et
878 1652 104 53 nego
943 1652 104 53 quod
1008 1652 91 53 sit
1061 1652 104 53 idem
1126 1652 78 53 de
1152 1652 65 53 so-

1287 1654 72 58 &
1315 1654 202 58 conseruare
1474 1654 101 58 est
1532 1654 173 58 causare:
1662 1654 116 58 ergo
1734 1654 144 58 causat
1835 1654 130 58 lumen
1922 1654 116 58 sine
1980 1654 72 58 sub

457 1698 85 51 le
499 1698 85 51 in
542 1698 156 51 obliquo
655 1698 170 51 circulo:
782 1698 113 51 quia
853 1698 99 51 sol
910 1698 85 51 ex
952 1698 142 51 natura
1051 1698 99 51 rei
1094 1698 127 51 germina

1273 1693 141 57 iecto:
1372 1693 113 57 ergo
1443 1693 141 57 creat.
1542 1693 71 57 â‹
1570 1693 85 57 Ad
1612 1693 170 57 secundum
1740 1693 212 57 respondetur
1895 1693 156 57 conceden-

449 1742 89 46 re
494 1742 149 46 facit:
598 1742 149 46 quando
702 1742 179 46 comminus
837 1742 164 46 accedit
956 1742 89 46 ad
1000 1742 119 46 nos.
1075 1742 134 46 secus
1149 1742 75 46 est

1277 1735 85 66 do
1319 1735 211 66 antecedens:
1488 1735 99 66 sed
1545 1735 113 66 nego
1615 1735 254 66 consequentiam.
1827 1735 197 66 annihilare
1967 1735 85 66 enim

439 1775 114 68 hic.
510 1775 128 68 ratio
595 1775 128 68 autem
681 1775 213 68 discriminis
851 1775 156 68 patebit
965 1775 100 68 per
1022 1775 199 68 sequentia.
1164 1775 57 68 Ad

1291 1794 82 54 vt
1332 1794 165 54 doctores
1456 1794 151 54 vtuntur
1566 1794 165 54 connotat
1689 1794 110 54 quod
1758 1794 96 54 non
1813 1794 192 54 requiritur
1950 1794 96 54 mate-

439 1836 154 54 aliquo:
551 1836 112 54 puta
621 1836 98 54 non
676 1836 126 54 alter
760 1836 168 54 probauit
886 1836 209 54 Aristoteles
1053 1836 98 54 &c.
1109 1836 140 54 quando

1276 1837 96 52 ria
1331 1837 192 52 (loquendum
1482 1837 110 52 enim
1551 1837 96 52 est
1605 1837 82 52 vt
1647 1837 151 52 plures,
1756 1837 151 52 secundo
1866 1837 82 52 de
1907 1837 137 52 caelo)
2003 1837 82 52 ad

452 1876 119 55 omnia
531 1876 92 55 sic
584 1876 145 55 possent
689 1876 158 55 saluari,
808 1876 106 55 bene
874 1876 132 55 quidem
966 1876 132 55 esset.
1059 1876 92 55 sed
1111 1876 92 55 hoc
1151 1876 66 55 est

1279 1876 105 62 hoc
1339 1876 90 62 vt
1384 1876 240 62 corrumpatur.
1579 1876 120 62 modo
1654 1876 135 62 licet
1744 1876 135 62 ignis
1834 1876 150 62 formam
1924 1876 135 62 stuppae

439 1919 149 61 falsus.
548 1919 149 61 Videmus
656 1919 108 61 enim
723 1919 108 61 quod
791 1919 81 61 si
831 1919 135 61 hostia
926 1919 95 61 diu
980 1919 203 61 conseruetur
1128 1919 95 61 genae

1280 1925 152 53 secundum
1394 1925 76 53 se
1433 1925 63 53 &
1458 1925 165 53 quidlibet
1585 1925 89 53 sui
1635 1925 178 53 corrumpat:
1775 1925 101 53 quia
1838 1925 114 53 tamen
1914 1925 101 53 agit
1978 1925 76 53 in
2003 1925 51 53 ma

450 1960 154 51 rantur
558 1960 170 51 vermes:
681 1960 77 51 &
712 1960 170 51 oportet
835 1960 123 51 quod
912 1960 123 51 deus
990 1960 185 51 producat
1113 1960 108 51 nouam

1281 1965 137 59 teriam:
1380 1965 62 59 &
1405 1965 112 59 extra
1480 1965 87 59 eam
1530 1965 112 59 agere
1605 1965 87 59 non
1655 1965 137 59 potest,
1755 1965 87 59 non
1804 1965 137 59 dicitur
1892 1965 162 59 annihilare.

455 2008 173 50 materiam:
588 2008 93 50 vel
641 2008 160 50 materiam
761 2008 120 50 panis
840 2008 106 50 quae
907 2008 120 50 prius
987 2008 120 50 erat,
1066 2008 80 50 ac
1106 2008 80 50 si
1133 2008 93 50 reali

1291 2007 86 65 Et
1334 2007 130 65 eodem
1420 2007 115 65 modo
1492 2007 159 65 dicatur
1608 2007 86 65 de
1651 2007 159 65 creare.
1766 2007 130 65 Etiam
1853 2007 159 65 oportet
1954 2007 86 65 quod

439 2050 101 53 ter
496 2050 129 53 panis
582 2050 144 53 semper
683 2050 201 53 existeret:
841 2050 101 53 sed
898 2050 86 53 si
941 2050 158 53 materia
1042 2050 172 53 producatui

1280 2060 137 44 nihil
1371 2060 182 44 succedat
1508 2060 121 44 loco
1583 2060 152 44 formae
1690 2060 213 44 corruptae:
1857 2060 137 44 quare
1948 2060 137 44 quan-

449 2097 91 48 non
501 2097 182 48 inconvenit
644 2097 104 48 quod
709 2097 117 48 agens
787 2097 156 48 naturale
905 2097 104 48 suam
970 2097 169 48 partialem
1087 2097 130 48 actionem

1283 2101 95 54 do
1331 2101 142 54 panis
1426 2101 332 54 transubstantiatur
1710 2101 95 54 in
1758 2101 158 54 corpus
1868 2101 174 54 Christi
1979 2101 79 54 non

438 2142 169 58 habeat.
561 2142 108 58 sed
622 2142 123 58 post
699 2142 108 58 hac
761 2142 231 58 locupletior
946 2142 123 58 erit
1023 2142 139 58 sermo
1115 2142 92 58 de
1146 2142 77 58 hac

1281 2153 259 47 annihilatur.
1491 2153 81 47 â‹
1524 2153 113 47 Sed
1588 2153 162 47 contra
1702 2153 113 47 hoc
1767 2153 210 47 arguitur.
1912 2153 146 47 ponatur

438 2187 167 47 materia
559 2187 91 47 in
605 2187 213 47 sacramento
772 2187 258 47 Eucharistiae.
984 2187 152 47 vermes
1091 2187 121 47 enim
1151 2187 61 47 ex

1279 2195 177 49 minimum
1408 2195 194 49 naturale
1553 2195 177 49 stuppae
1682 2195 145 49 prope
1779 2195 145 49 ignem
1859 2195 194 49 (supposita

451 2232 184 55 accidente
592 2232 155 55 geneati
705 2232 99 55 non
762 2232 170 55 possunt:
889 2232 99 55 nec
945 2232 198 55 accidentia
1087 2232 127 55 nutrite

1286 2232 120 48 illa
1361 2232 194 48 opinione)
1510 2232 224 48 corrumpatur
1690 2232 120 48 ista
1765 2232 135 48 forma
1855 2232 90 48 in
1884 2232 165 48 instanti:

456 2278 153 50 valent:
567 2278 125 50 licet
651 2278 195 50 Argentina(
804 2278 70 50 &
832 2278 125 50 male)
915 2278 125 50 illud
998 2278 83 50 de
1040 2278 167 50 potentia
1151 2278 70 50 dei

1277 2273 73 62 &
1307 2273 161 62 ponatur
1424 2273 117 62 quod
1497 2273 117 62 deus
1571 2273 88 62 in
1615 2273 132 62 eodem
1703 2273 176 62 instanti
1835 2273 191 62 annihilet
1982 2273 103 62 ma-

441 2328 209 41 existimet.
605 2328 75 41 &
635 2328 149 41 opinor
740 2328 119 41 quod
814 2328 179 41 comedens
948 2328 164 41 hostias
1053 2328 164 41 consecra-

1276 2328 151 54 teriam:
1386 2328 110 54 tunc
1455 2328 124 54 ignis
1538 2328 179 54 annihilat
1675 2328 138 54 formam
1772 2328 124 54 illam
1854 2328 138 54 paruam
1937 2328 110 54 stuper

447 2365 103 54 tas
506 2365 103 54 ita
565 2365 103 54 diu
623 2365 161 54 viueret
740 2365 132 54 sicut
828 2365 176 54 comedens
960 2365 161 54 hostias
1077 2365 103 54 non
1121 2365 103 54 conse

1285 2363 116 51 pae.
1357 2363 87 51 Ad
1400 2363 101 51 hoc
1458 2363 232 51 respondetur:
1647 2363 87 51 si
1690 2363 116 51 deus
1762 2363 87 51 in
1806 2363 116 51 illo
1878 2363 174 51 instanti
1994 2363 58 51 de

446 2410 146 52 cratas:
552 2410 66 52 &
578 2410 93 52 per
631 2410 93 52 rem
684 2410 133 52 gestam
777 2410 80 52 in
817 2410 186 52 sacramento
963 2410 212 52 Eucharistiae
1122 2410 93 52 decla

1284 2413 140 52 struat
1382 2413 168 52 materiam
1508 2413 168 52 stuppae:
1634 2413 126 52 forma
1718 2413 126 52 ignis
1802 2413 98 52 non
1858 2413 112 52 agit
1928 2413 84 52 in
1956 2413 98 52 illam

445 2452 163 50 rabitur.
567 2452 108 50 ltem
635 2452 135 50 hostia
730 2452 190 50 consecrata
879 2452 95 50 ita
933 2452 108 50 cito
1001 2452 176 50 descendit
1123 2452 81 50 sicu

1276 2453 172 51 formam:
1401 2453 125 51 immo
1480 2453 94 51 si
1526 2453 141 51 forma
1620 2453 172 51 stuppae
1745 2453 141 51 esset
1839 2453 94 51 in
1886 2453 125 51 igne
1949 2453 109 51 perpe

440 2496 91 48 non
492 2496 194 48 consecrata.
647 2496 207 48 Bespondictus
816 2496 104 48 deus
880 2496 78 48 in
919 2496 142 48 saecula
1023 2496 104 48 haec
1088 2496 117 48 facit
1165 2496 78 48 ad

1275 2503 115 54 tuo,
1346 2503 100 54 non
1404 2503 244 54 corrumperetur
1604 2503 86 54 ab
1647 2503 129 54 igne.
1734 2503 172 54 alioquin
1863 2503 129 54 esset
1934 2503 115 54 annihi

450 2544 137 51 meritum
549 2544 125 51 fidei.
637 2544 75 51 Et
674 2544 100 51 ista
737 2544 87 51 est
787 2544 150 51 probatio
899 2544 150 51 regulae.
1012 2544 100 51 quia
1074 2544 100 51 enim
1137 2544 75 51 in
1162 2544 62 51 ali

1278 2542 141 65 latio.
1377 2542 70 65 â‹
1405 2542 85 65 Ad
1447 2542 254 65 confirmationem
1658 2542 155 65 admisso
1771 2542 113 65 casu
1842 2542 169 65 dicitur:
1954 2542 85 65 quod

452 2585 130 53 quibus
543 2585 130 53 facit:
634 2585 91 53 ita
687 2585 143 53 videtur
791 2585 156 53 dicendum
908 2585 78 53 in
947 2585 130 53 aliis.
1039 2585 65 53 â‹
1065 2585 91 53 Sed
1104 2585 104 53 contra

1278 2584 82 59 si
1319 2584 95 59 aer
1374 2584 204 59 corrumpatur
1537 2584 82 59 in
1578 2584 136 59 aliquo
1674 2584 164 59 instanti
1796 2584 123 59 dato:
1878 2584 95 59 cum
1919 2584 136 59 accidens

434 2631 133 47 illud
523 2631 192 47 arguitur.
670 2631 162 47 ponatur
788 2631 147 47 hostia
891 2631 162 47 frigida
1009 2631 133 47 (voco
1082 2631 133 47 hostiam

1279 2634 96 43 non
1334 2634 137 43 possit
1430 2634 110 43 esse
1499 2634 110 43 sine
1568 2634 165 43 subiecto
1691 2634 220 43 naturaliter:
1870 2634 96 43 sol
1924 2634 96 43 non
1966 2634 82 43 con-

438 2673 169 56 frigidam
565 2673 99 56 cui
621 2673 183 56 coexistit
762 2673 198 56 frigidita)
918 2673 71 56 &
946 2673 198 56 applicetur
1101 2673 141 56 ignis:

1280 2677 142 46 seruat
1379 2677 156 46 amplius
1493 2677 128 46 illud
1579 2677 142 46 lumen.
1678 2677 85 46 Et
1721 2677 156 46 quaeuis
1835 2677 100 46 per
1892 2677 128 46 breue
1963 2677 85 46 ten-

443 2719 94 59 sed
496 2719 201 59 naturaliter
657 2719 94 59 per
710 2719 80 59 te
750 2719 120 59 ignis
830 2719 94 59 non
884 2719 134 59 potest
977 2719 187 59 corrumpere
1111 2719 107 59 frigus

1270 2721 114 74 pus
1335 2721 260 74 conseruaret:
1546 2721 114 74 non
1611 2721 146 74 tamen
1709 2721 163 74 posset
1822 2721 211 74 producere
1969 2721 98 74 tale
