2322 3313
195 394 104 63 ui:
255 394 89 63 vt
299 394 178 63 inferius
433 394 89 63 in
477 394 208 63 sacramento
640 394 163 63 ordinis
759 394 178 63 patebit.
878 394 74 63 Pro

195 452 166 51 bationes
320 452 125 51 istae
403 452 97 51 non
458 452 180 51 ostendunt
596 452 194 51 propositum
749 452 83 51 vt
790 452 152 51 opinor.
887 452 69 51 for

184 497 87 52 te
228 497 116 52 enim
301 497 189 52 Raemundus
446 497 146 52 libere
548 497 204 52 religionem
709 497 204 52 assumpsit.
869 497 87 52 si
898 497 58 52 fe

188 540 88 52 cit
239 540 201 52 conscientiam
402 540 101 52 quod
465 540 164 52 tenebatur
591 540 76 52 ad
629 540 189 52 religionem:
780 540 76 52 ei
805 540 151 52 imputetur:

187 592 154 53 aliqua
294 592 123 53 enim
371 592 231 53 conscientia
556 592 169 53 erronea
679 592 108 53 non
741 592 138 53 nocet
818 592 138 53 habenti

194 634 99 52 sed
250 634 169 52 prodest.
377 634 155 52 Secunda
490 634 127 52 ratio
575 634 85 52 de
617 634 127 52 seruo
702 634 169 52 ordinato
829 634 99 52 non
871 634 85 52 con-

182 680 142 55 cludit:
285 680 103 55 immo
350 680 129 55 potius
440 680 129 55 contra
530 680 167 55 factorem:
659 680 103 55 quia
723 680 129 55 contra
813 680 142 55 dominum
903 680 52 55 es

184 716 161 63 iniuria
301 716 190 63 auferendo
447 716 175 63 alienum:
579 716 102 63 vel
637 716 131 63 ipsum
724 716 234 63 indisponendo
900 716 58 63 ad

190 764 169 56 seruitia
317 764 169 56 antiqua.
443 764 99 56 sed
500 764 84 56 in
542 764 113 56 casu
612 764 141 56 nostro
711 764 113 56 iste
781 764 155 56 nunquam
880 764 84 56 fuit

193 809 208 55 religiosus:
360 809 69 55 &
388 809 111 55 dato
457 809 111 55 quod
526 809 125 55 esset
610 809 181 55 nouitius:
749 809 69 55 a
777 809 181 55 religione
902 809 69 55 hac

185 852 122 52 nihil
267 852 176 52 tollitur.
402 852 136 52 multum
497 852 108 52 enim
565 852 136 52 refert
660 852 122 52 prope
741 852 136 52 habere
836 852 68 52 &
850 852 108 52 habere

183 895 133 62 actu.
272 895 192 62 impediens
419 895 147 62 namque
522 895 162 62 idoneum
640 895 88 62 ab
684 895 221 62 assecutione
846 895 118 62 benefi

188 943 96 62 cii
243 943 151 62 habendi
353 943 96 62 non
408 943 137 62 tantum
504 943 137 62 peccat
600 943 151 62 quantum
709 943 82 62 si
751 943 96 62 eum
805 943 165 62 priuaret
915 943 55 62 ab

195 988 148 55 habito.
302 988 148 55 Insuper
410 988 121 55 forte
491 988 108 55 iste
558 988 94 55 ita
612 988 108 55 bene
679 988 121 55 viuit
760 988 189 55 praesbyter
895 988 67 55 vel

186 1027 141 60 laicus
285 1027 85 60 in
327 1027 155 60 saeculo
440 1027 85 60 vt
482 1027 169 60 vixisset
609 1027 85 60 in
651 1027 197 60 religione.
806 1027 127 60 licet
876 1027 85 60 enim

193 1075 109 53 tota
261 1075 149 53 religio
370 1075 95 53 sit
424 1075 136 53 melior
520 1075 109 53 quam
588 1075 95 53 non
642 1075 149 53 religio
751 1075 136 53 tantae
832 1075 136 53 multitu-

201 1118 143 58 dinis:
301 1118 186 58 contingit
444 1118 186 58 plerosque
587 1118 100 58 non
645 1118 200 58 religiosos
802 1118 115 58 esse
859 1118 115 58 multis

195 1160 206 55 religiosis
357 1160 191 55 meliores.
505 1160 147 55 Aliter
608 1160 133 55 istud
696 1160 147 55 patet.
799 1160 88 55 si
828 1160 133 55 suadere

198 1206 133 55 alicui
291 1206 147 55 volenti
398 1206 173 55 profiteri
531 1206 187 55 religionem
678 1206 133 55 beatae
771 1206 133 55 Mariae
864 1206 80 55 de
891 1206 80 55 modo

194 1256 95 54 te
242 1256 190 54 Carmelo:
384 1256 190 54 assumere
527 1256 174 54 ordinem
653 1256 127 54 diui
733 1256 222 54 Augustini:
891 1256 79 54 non

201 1307 188 49 propterea
345 1307 130 49 essem
432 1307 188 49 obligatus
577 1307 101 49 pro
634 1307 87 49 eo
678 1307 87 49 ad
721 1307 231 49 Carmelitarum
895 1307 72 49 re-

199 1351 155 44 ugionem
312 1351 226 44 profitendam.
495 1351 141 44 Dicis.
594 1351 169 44 vtrumque
721 1351 155 44 istorum
834 1351 99 44 est
876 1351 85 44 lici

200 1381 109 60 tum.
268 1381 95 60 sic
323 1381 149 60 licitum
431 1381 95 60 est
486 1381 82 60 ei
527 1381 136 60 viuere
622 1381 82 60 in
662 1381 163 60 saeculo.
785 1381 109 60 homo
853 1381 109 60 enim
907 1381 68 60 non

187 1426 141 64 semper
286 1426 156 64 tenetur
399 1426 85 64 ad
442 1426 156 64 melius.
555 1426 156 64 Suadeat
668 1426 141 64 itaque
767 1426 113 64 illi
824 1426 141 64 religio-

203 1474 115 50 nem:
274 1474 101 50 vel
332 1474 158 50 suadeat
447 1474 144 50 habere
547 1474 144 50 alium:
648 1474 101 50 vel
705 1474 215 50 recompenset
863 1474 101 50 coeno

205 1519 95 56 bio
260 1519 95 56 aut
314 1519 176 56 religioni
449 1519 163 56 secundum
571 1519 163 56 iudicium
693 1519 190 56 prudentum:
842 1519 108 56 quia
896 1519 68 56 non

198 1561 198 61 sufficienter
358 1561 148 61 probatur
470 1561 99 61 quod
532 1561 173 61 religionem
668 1561 99 61 ipse
730 1561 161 61 profiteri
841 1561 136 61 teneatur.

480 1736 150 79 cy
555 1736 350 79 Eciooctauo
805 1736 175 79 adhuc

536 1798 245 65 continuando
731 1798 196 65 materiam
862 1798 114 65 famae

541 1848 88 62 in
585 1848 131 62 parte
673 1848 204 62 Quaeritur:
833 1848 88 62 an
862 1848 117 62 accusa

550 1891 108 62 tus
611 1891 92 62 de
657 1891 154 62 aliquo
765 1891 169 62 crimine
872 1891 108 62 tenea

552 1941 100 53 tur
609 1941 129 53 illud
695 1941 143 53 crimen
795 1941 158 53 prodere
895 1941 72 53 noi

543 1980 184 61 obstante
681 1980 138 61 fama.
773 1980 108 61 Pro
819 1980 154 61 solutio-

529 2023 95 64 ine
583 2023 203 64 quaestionis
745 2023 149 64 notabis
853 2023 108 64 quod
907 2023 68 64 ali

499 2065 145 62 Ququod
600 2065 101 62 est
658 2065 145 62 crimen
759 2065 174 62 publicum
875 2065 101 62 circa

210 2109 119 70 quod
285 2109 164 70 aliquis
404 2109 104 70 est
463 2109 209 70 infamatus.
627 2109 89 70 vt
672 2109 104 70 est
732 2109 179 70 quispiam
851 2109 134 70 occisus

203 2157 95 57 in
251 2157 142 57 vico:
345 2157 79 57 &
377 2157 158 57 Sortes
487 2157 110 57 est
550 2157 205 57 suspectus
707 2157 110 57 seu
770 2157 126 57 male
833 2157 142 57 famatus

206 2212 94 48 de
253 2212 142 48 illo:
348 2212 94 48 vt
395 2212 189 48 contigit
537 2212 94 48 de
584 2212 204 48 homicidio
741 2212 157 48 Aiacis
835 2212 142 48 Thelamo

207 2248 98 58 nii
263 2248 70 58 &
291 2248 154 58 Vlyssis
403 2248 267 58 superuenientis.
628 2248 197 58 Nonnunquam
782 2248 140 58 crimen
881 2248 98 58 est
923 2248 56 58 pu

203 2294 147 62 blicum:
310 2294 67 62 &
337 2294 161 62 nescitur
457 2294 107 62 quis
524 2294 107 62 tale
591 2294 134 62 crimen
685 2294 201 62 commiserit:
846 2294 80 62 vt
873 2294 107 62 Sortes

212 2344 172 58 reperitur
344 2344 146 58 occisus
450 2344 79 58 in
490 2344 119 58 vico:
569 2344 159 58 nescitur
688 2344 106 58 quis
754 2344 119 58 illum
820 2344 159 58 occiderit:

206 2380 95 74 nec
261 2380 149 74 habetur
369 2380 122 74 maior
451 2380 163 74 suspicio
573 2380 81 74 de
613 2380 95 74 vno
668 2380 108 74 quam
735 2380 81 74 de
776 2380 122 74 alio.
844 2380 149 74 Quandoque

218 2424 152 80 crimen
324 2424 106 80 est
385 2424 182 80 occultum
521 2424 91 80 ex
567 2424 137 80 parte
658 2424 137 80 facti
749 2424 76 80 &
764 2424 182 80 facientis.

247 2475 175 88 lstis
364 2475 214 88 notatis
519 2475 155 88 pono
616 2475 349 88 propositiones.
888 2475 97 88 Pri

207 2535 93 62 ma
253 2535 124 62 est.
330 2535 108 62 Vbi
392 2535 108 62 res
454 2535 108 62 est
516 2535 139 62 omino
608 2535 170 62 occulta
732 2535 93 62 vt
778 2535 93 62 in
825 2535 154 62 tertio
917 2535 62 62 me

212 2587 105 57 bro:
278 2587 105 57 homo
344 2587 92 57 non
396 2587 145 57 tenetur
502 2587 105 57 suum
567 2587 158 57 peccatum
686 2587 158 57 occultum
805 2587 158 57 prodere.
910 2587 79 57 Pro-

215 2630 132 58 batur.
307 2630 105 58 homo
373 2630 92 58 non
426 2630 145 58 tenetur
531 2630 158 58 peccatum
650 2630 158 58 occultum
768 2630 145 58 fratris
873 2630 92 58 sui
926 2630 92 58 ma-

220 2685 198 53 nifestare:
376 2685 113 53 immo
447 2685 156 53 tenetur
560 2685 99 53 non
617 2685 227 53 manifestare:
801 2685 113 53 ergo
872 2685 99 53 nec
914 2685 71 53 pro

215 2717 120 63 prium
295 2717 174 63 peccatum:
429 2717 94 63 cum
482 2717 161 63 secundum
603 2717 147 63 ordinem
710 2717 187 63 charitatis
857 2717 80 63 ho
884 2717 107 63 debeat

227 2765 109 58 plus
295 2765 149 58 seipsum
404 2765 163 58 diligere
526 2765 109 58 quam
594 2765 177 58 proximum:
730 2765 68 58 &
757 2765 136 58 debeat
852 2765 109 58 plus
907 2765 81 58 suam

224 2807 126 68 famam
308 2807 154 68 seruare
420 2807 112 68 quam
490 2807 168 68 proximi.
616 2807 140 68 Contra
714 2807 126 68 tales
798 2807 112 68 enim
854 2807 140 68 loquitur

1028 391 142 68 Fsaias
1127 391 142 68 tertio
1227 391 142 68 capite
1326 391 100 68 sui
1383 391 142 68 libri.
1483 391 85 68 Et
1526 391 171 68 peccatum
1654 391 114 68 suum
1710 391 100 68 quasi

1024 447 164 51 Sodoma
1138 447 312 51 praedicauerunt.
1401 447 98 51 Ad
1450 447 148 51 istud
1549 447 164 51 namque
1664 447 131 51 homo
1729 447 66 51 te

1033 488 122 51 netur
1115 488 136 51 ordine
1210 488 204 51 charitates.
1373 488 81 51 Ex
1413 488 95 51 quo
1468 488 163 51 sequitur
1590 488 109 51 quod
1644 488 163 51 religiosus

1031 532 92 53 non
1083 532 144 53 tenetur
1188 532 157 53 peccatum
1306 532 105 53 suum
1372 532 92 53 sic
1424 532 157 53 secretum
1542 532 131 53 dicere
1634 532 79 53 in
1660 532 144 53 capitulo:

1027 580 96 56 nec
1082 580 96 56 suo
1137 580 164 56 praelato
1260 580 123 56 extra
1342 580 233 56 confessionem:
1534 580 96 56 nec
1589 580 164 56 alterius
1698 580 110 56 crimen

1026 622 161 59 occlstum
1147 622 121 59 debet
1227 622 215 59 manifestare.
1402 622 81 59 Et
1442 622 148 59 quamuis
1550 622 161 59 iurasset
1657 622 148 59 superiori

1027 670 83 46 se
1069 670 165 46 dicturum
1192 670 179 46 veritatem
1330 670 83 46 de
1371 670 248 46 interrogandis:
1577 670 165 46 praelato
1687 670 124 46 petente

1030 709 88 58 de
1074 709 118 58 tali
1148 709 177 58 occulto:
1280 709 103 58 non
1339 709 132 58 debet
1428 709 162 58 dicere.
1545 709 74 58 &
1575 709 118 58 eius
1633 709 177 58 iuramentum

1036 752 128 53 debet
1121 752 184 53 intelligi
1263 752 99 53 cum
1320 752 99 53 hac
1376 752 227 53 moderatione.
1561 752 128 53 dicam
1646 752 113 53 quae
1703 752 113 53 possum

1036 797 158 55 dicere:
1151 797 101 55 hoc
1208 797 101 55 est
1266 797 115 55 nisi
1338 797 173 55 fortiori
1467 797 158 55 vinculo
1583 797 187 55 astringar
1727 797 86 55 ad
1755 797 58 55 op

1031 843 161 62 positum.
1152 843 175 62 Intelligo
1286 843 121 62 tamen
1367 843 94 62 vbi
1421 843 161 62 secretum
1542 843 148 62 fratris
1650 843 94 62 mei
1703 843 94 62 non
1744 843 67 62 tem

1034 887 94 61 dit
1087 887 80 61 in
1127 887 134 61 ruinam
1221 887 174 61 publicam:
1355 887 94 61 nec
1409 887 94 61 est
1463 887 134 61 contra
1556 887 147 61 aliquid
1664 887 80 61 ad
1704 887 107 61 quod
1757 887 54 61 ma

1029 931 111 58 gis
1093 931 206 58 astrigor.
1251 931 111 58 nam
1314 931 95 58 si
1362 931 143 58 esset
1457 931 238 58 combusturus
1631 931 174 58 coenobium

1036 972 100 57 hac
1093 972 128 57 nocte
1178 972 100 57 vel
1235 972 199 57 traditurus
1391 972 142 57 vrbem:
1491 972 100 57 hoc
1548 972 171 57 reuelabo
1676 972 85 57 si
1704 972 100 57 sciam

1035 1022 72 63 in
1071 1022 144 63 secreto,
1179 1022 120 63 aliter
1262 1022 96 63 quam
1322 1022 84 63 per
1370 1022 203 63 confessionem.
1562 1022 72 63 Si
1598 1022 108 63 autem
1669 1022 96 63 homo
1729 1022 84 63 sit
1765 1022 48 63 ac

1031 1063 147 51 cusatus
1137 1063 120 51 coram
1217 1063 133 51 iudice
1311 1063 80 51 de
1351 1063 147 51 crimine
1457 1063 160 51 occulto,
1577 1063 133 51 dicet.
1671 1063 133 51 domine
1751 1063 53 51 iu

1034 1103 93 60 dex
1087 1103 106 60 noli
1153 1103 159 60 quaerere
1272 1103 119 60 talia
1351 1103 238 60 transcendentia
1550 1103 119 60 forum
1629 1103 119 60 tuum:
1708 1103 93 60 nec
1748 1103 66 60 sum

1034 1149 183 60 infamatus
1175 1149 85 60 de
1217 1149 169 60 talibus:
1344 1149 99 60 nec
1401 1149 141 60 factum
1499 1149 99 60 est
1556 1149 183 60 publicum.
1697 1149 127 60 lstud
1768 1149 56 60 pa

1037 1191 105 58 tet.
1103 1191 132 58 xxxii.
1195 1191 105 58 dis.
1260 1191 92 58 ca.
1313 1191 197 58 Frubescant.
1471 1191 132 58 xxxii.
1563 1191 105 58 qui.
1629 1191 79 58 v.
1655 1191 158 58 Christiana

1044 1237 87 63 ii.
1093 1237 99 63 qui.
1155 1237 75 63 v.
1193 1237 199 63 Consuluisti.
1354 1237 112 63 Talis
1429 1237 112 63 iudex
1503 1237 186 63 assimilatur
1652 1237 99 63 illi
1715 1237 87 63 qui
1752 1237 62 63 so-

1043 1283 98 56 lem
1099 1283 153 56 facibus
1210 1283 153 56 student
1322 1283 153 56 iuuare:
1434 1283 84 56 vt
1475 1283 153 56 sumitur
1587 1283 84 56 ex
1629 1283 167 56 Anacleto
1740 1283 70 56 pa-

1037 1325 86 64 pa.
1086 1325 86 64 vi.
1135 1325 74 64 q.
1172 1325 74 64 i.
1209 1325 86 64 ca.
1258 1325 74 64 Si
1295 1325 123 64 omnia.
1381 1325 86 64 Non
1430 1325 98 64 enim
1491 1325 86 64 est
1541 1325 184 64 procedendum
1688 1325 74 64 ad
1713 1325 98 64 inqui-

1043 1378 162 50 sitionem
1164 1378 135 50 contra
1258 1378 148 50 aliquem
1366 1378 108 50 nisi
1433 1378 189 50 infamatum.
1581 1378 81 50 de
1622 1378 162 50 accusat.
1729 1378 81 50 cap.

1035 1414 275 59 Inquisitionis.
1264 1414 76 59 &
1294 1414 107 59 ca.
1355 1414 198 59 Qualiter.
1508 1414 107 59 Sed
1569 1414 122 59 pone
1645 1414 122 59 quod
1706 1414 107 59 iudex

1038 1472 198 51 saecularis
1193 1472 99 51 vel
1250 1472 127 51 alius
1334 1472 127 51 dicat
1419 1472 99 51 ei.
1475 1472 169 51 responde
1602 1472 85 51 ad
1645 1472 198 51 interroga-

1045 1506 99 53 ta:
1102 1506 170 53 alioquin
1229 1506 128 53 habeo
1314 1506 85 53 te
1357 1506 99 53 pro
1413 1506 184 53 conuicto:
1555 1506 71 53 &
1583 1506 113 53 ipse
1654 1506 142 53 dicat,
1739 1506 71 53 ne-

1047 1552 84 63 go
1089 1552 195 63 proposita:
1242 1552 223 63 intelligens:
1423 1552 111 63 nego
1493 1552 84 63 ea
1534 1552 111 63 esse
1604 1552 125 63 facta
1688 1552 84 63 vt
1716 1552 97 63 propo

1042 1597 115 51 nis:
1113 1597 100 51 vel
1171 1597 115 51 nego
1242 1597 86 51 me
1285 1597 158 51 fecisse
1400 1597 115 51 haec
1472 1597 86 51 ad
1515 1597 115 51 tibi
1587 1597 215 51 aperiendum:
1759 1597 86 51 an

1045 1640 111 62 iste
1115 1640 139 62 pecet.
1212 1640 111 62 Dico
1282 1640 84 62 in
1324 1640 139 62 primis
1421 1640 111 62 quod
1491 1640 97 62 non
1546 1640 181 62 mentitur:
1686 1640 111 62 quia
1755 1640 97 62 non

1044 1680 135 56 dicit
1134 1680 120 56 vnum
1209 1680 196 56 exterius,
1360 1680 75 56 &
1390 1680 135 56 habet
1480 1680 135 56 aliud
1570 1680 90 56 in
1615 1680 150 56 mente.
1721 1680 105 56 Sed
1766 1680 60 56 an

1042 1723 140 58 fallat
1140 1723 253 58 imputabiliter:
1351 1723 154 58 apparet
1463 1723 112 58 quod
1533 1723 112 58 non.
1603 1723 98 58 cum
1660 1723 112 58 enim
1716 1723 98 58 iudex

1046 1772 198 55 interroget
1202 1772 170 55 iniuste:
1329 1772 71 55 &
1358 1772 156 55 materia
1471 1772 99 55 sit
1528 1772 142 55 odiosa
1627 1772 85 55 ex
1669 1772 128 55 parte
1740 1772 85 55 iudi

1042 1812 106 57 cis:
1108 1812 119 57 datur
1187 1812 79 57 ei
1227 1812 172 57 responsio
1360 1812 238 57 amphibologica:
1558 1812 93 57 nec
1611 1812 172 57 imputatur
1731 1812 79 57 ista

1036 1859 173 60 falsitas
1166 1859 173 60 dicenti.
1296 1859 87 60 Et
1339 1859 130 60 istud
1426 1859 145 60 potest
1527 1859 173 60 colorari
1657 1859 101 60 per
1700 1859 116 60 excusa

1045 1902 158 61 tionem
1156 1902 190 61 mendacii
1298 1902 158 61 Iacob.
1440 1902 174 61 Secunda
1566 1902 237 61 propositio.
1740 1902 79 61 Vbi

1042 1950 132 55 crimem
1134 1950 92 55 est
1187 1950 171 55 publicum:
1319 1950 92 55 vel
1372 1950 106 55 homo
1438 1950 92 55 sic
1490 1950 92 55 est
1543 1950 171 55 infamatus
1675 1950 79 55 vt
1714 1950 92 55 sit
1754 1950 66 55 se-

1044 1992 169 58 miplena
1166 1992 199 58 probatio:
1320 1992 169 58 tenetur
1442 1992 123 58 suum
1519 1992 184 58 peccatum
1657 1992 153 58 aliquo
1749 1992 61 58 mo

1052 2035 86 64 do
1095 2035 173 64 occultum
1224 2035 158 64 prodere
1339 2035 144 64 iudici
1440 2035 230 64 interroganti
1627 2035 187 64 iuridice:
1756 2035 58 64 da

1045 2079 77 66 to
1084 2079 102 66 quod
1147 2079 77 66 ad
1186 2079 89 66 hoc
1237 2079 204 66 condemnetur:
1402 2079 102 66 ipse
1466 2079 102 66 enim
1530 2079 77 66 no
1568 2079 89 66 est
1619 2079 128 66 causa:
1708 2079 89 66 sed
1747 2079 77 66 lex.

1041 2124 153 59 Aliqui
1148 2124 184 59 adducunt
1286 2124 92 59 in
1332 2124 230 59 probationem
1516 2124 92 59 ad
1562 2124 123 59 hoc:
1638 2124 123 59 quod
1699 2124 123 59 euiden

1049 2171 94 55 tia
1102 2171 187 55 perpetrati
1249 2171 161 55 sceleris
1370 2171 94 55 non
1423 2171 107 55 eget
1490 2171 201 55 accusatore.
1651 2171 94 55 sed
1705 2171 107 55 haec
1758 2171 67 55 pro

1050 2212 108 58 batio
1122 2212 84 58 est
1170 2212 156 58 inutilis:
1289 2212 96 58 quia
1349 2212 84 58 hoc
1397 2212 191 58 intelligitur
1553 2212 120 58 quando
1636 2212 120 58 factum
1720 2212 84 58 est
1756 2212 60 58 non

1041 2253 139 64 torium
1138 2253 69 64 &
1166 2253 167 64 cuilibet
1291 2253 153 64 constat
1402 2253 111 64 quis
1471 2253 194 64 commiserit
1624 2253 111 64 tale
1679 2253 153 64 delictum.

1055 2297 86 62 Sed
1104 2297 111 62 probo
1178 2297 86 62 per
1227 2297 123 62 factum
1314 2297 123 62 illius
1400 2297 86 62 qui
1449 2297 160 62 clanculum
1572 2297 123 62 emisit
1659 2297 148 62 libellum
1757 2297 62 62 com

1043 2340 109 65 tra
1106 2340 187 65 Castonum
1246 2340 93 65 in
1293 2340 187 65 publico:
1433 2340 125 65 quem
1511 2340 296 65 anathematizauit
1744 2340 78 65 Gre

1052 2385 131 71 gorius
1143 2385 78 71 vt
1183 2385 131 71 crimen
1274 2385 222 71 confiteretur.
1457 2385 78 71 v.
1496 2385 78 71 q.
1535 2385 78 71 i.
1575 2385 91 71 ca.
1627 2385 131 71 Quidam
1705 2385 118 71 maligni

1050 2430 159 70 spiritus.
1172 2430 73 70 Et
1208 2430 73 70 si
1245 2430 159 70 obiicias.
1367 2430 85 70 ca.
1416 2430 98 70 Quis
1477 2430 171 70 aliquando.
1611 2430 73 70 de
1648 2430 159 70 poenitem.
1758 2430 73 70 dis.

1061 2477 83 67 S.
1103 2477 111 67 ltem
1172 2477 138 67 illud.
1269 2477 97 67 Non
1324 2477 111 67 tibi
1393 2477 111 67 dico
1462 2477 83 67 vt
1504 2477 83 67 te
1545 2477 138 67 prodas
1642 2477 83 67 in
1670 2477 152 67 publicum.

1052 2520 88 64 hoc
1103 2520 200 64 intelligitur
1265 2520 113 64 dicit
1340 2520 113 64 Appa.
1415 2520 75 64 v.
1453 2520 75 64 q.
1491 2520 75 64 i.
1528 2520 88 64 ca.
1578 2520 138 64 Quidam,
1678 2520 125 64 quando
1753 2520 63 64 cri

1062 2577 92 55 men
1114 2577 92 55 est
1167 2577 132 55 omnino
1259 2577 171 55 occultum.
1391 2577 92 55 Sed
1443 2577 132 55 dicis:
1536 2577 158 55 quamquam
1654 2577 158 55 accusor:
1759 2577 66 55 mea

1052 2611 117 58 fama
1126 2611 103 58 non
1184 2611 103 58 est
1243 2611 132 58 adhuc
1331 2611 191 58 lacerata.
1478 2611 103 58 nam
1537 2611 132 58 multi
1625 2611 132 58 multa
1699 2611 117 58 loquum

1062 2654 107 61 tur.
1128 2654 94 61 sed
1182 2654 94 61 mea
1235 2654 174 61 confessio
1369 2654 120 61 famam
1449 2654 107 61 meam
1516 2654 187 61 lacerabit:
1663 2654 107 61 ergo
1730 2654 80 61 in
1756 2654 67 61 il-

1056 2699 82 58 lo
1097 2699 110 58 casu
1166 2699 96 58 non
1221 2699 137 58 teneor
1317 2699 82 58 me
1359 2699 165 58 prodere.
1482 2699 192 58 Respondeo.
1634 2699 82 58 si
1675 2699 137 58 reuera
1757 2699 69 58 sum

1049 2743 171 57 innocens
1177 2743 71 57 /
1205 2743 114 57 meam
1276 2743 213 57 innocentiam
1447 2743 185 57 allegabo:
1589 2743 85 57 si
1632 2743 128 57 autem
1703 2743 114 57 nocens

1046 2785 76 66 &
1076 2785 122 66 fama
1152 2785 107 66 non
1213 2785 91 66 ab
1259 2785 91 66 re
1305 2785 107 66 sit
1366 2785 198 66 excitata:
1518 2785 137 66 debeo
1610 2785 152 66 parere
1701 2785 122 66 iudici
