2320 3316
440 327 95 57 Nec
495 327 163 57 sufficit
617 327 109 57 quid
685 327 122 57 dicit
767 327 191 57 Burgensis:
917 327 109 57 quod
985 327 204 57 propulsauit
1134 327 82 57 iniu

445 381 112 55 riam
515 381 168 55 fratris.
641 381 168 55 poterant
768 381 112 55 enim
838 381 140 55 tenere
936 381 197 55 Aegyptium:
1091 381 112 55 quia
1147 381 70 55 vii

450 422 165 48 prudens
570 422 75 48 &
600 422 150 48 fortis
705 422 120 48 erat
780 422 165 48 Moyses.
901 422 120 48 ergo
976 422 90 48 si
1021 422 105 48 eum
1081 422 105 48 sic
1126 422 90 48 occi

451 467 139 60 disset
548 467 97 60 non
604 467 180 60 seruasset
742 467 180 60 moderamen
881 467 194 60 inculpatae
1034 467 166 60 tutelae.
1145 467 69 60 Sed

441 522 90 46 de
486 522 105 46 hoc
546 522 165 46 dicemus
666 522 90 46 in
711 522 195 46 solutione
862 522 165 46 quaerti
982 522 210 46 argumenti.
1147 522 75 46 ⁋
1162 522 60 46 Ad

451 558 110 55 aliud
524 558 134 55 dicitur
621 558 97 55 quod
682 558 134 55 dominus
780 558 85 55 est
828 558 158 55 homicida,
950 558 61 55 &
974 558 146 55 famulus:
1084 558 110 55 licet
1145 558 73 55 vtel

450 600 106 66 quod
516 600 133 66 contra
609 600 106 66 suam
675 600 199 66 voluntatem:
834 600 106 66 quia
901 600 106 66 data
967 600 93 66 est
1020 600 119 66 opera
1099 600 93 66 rei
1139 600 93 66 illi-

451 650 145 51 citae:
552 650 102 51 sed
610 650 116 51 ambo
683 650 131 51 minus
770 650 160 51 peccant
886 650 116 51 quam
958 650 174 51 volentes
1074 650 145 51 occidere

454 690 72 56 ⁋
482 690 158 56 Secundo
597 690 215 56 argumentor.
770 690 158 56 emittat
884 690 158 56 aliquis
999 690 172 56 sagittam
1128 690 86 56 in
1157 690 72 56 ali

452 735 133 59 quem:
541 735 74 59 &
570 735 162 59 antequi
688 735 162 59 sagitta
807 735 148 59 tangat
910 735 148 59 Sortem
1013 735 103 59 qui
1058 735 162 59 occidetur

448 789 202 54 poeniteat.
606 789 115 54 tunc
678 789 115 54 sic.
750 789 101 54 ibi
808 789 101 54 est
865 789 216 54 homicidium:
1038 789 86 54 cu
1081 789 144 54 Sortes
1167 789 58 54 oc

447 823 149 56 cidatur:
558 823 62 56 &
583 823 112 56 tamen
658 823 87 56 non
707 823 87 56 est
757 823 149 56 peccatum
869 823 174 56 homicidii,
1005 823 87 56 non
1055 823 99 56 enim
1105 823 124 56 antequam

451 867 157 51 sagitta
565 867 143 51 tangat
665 867 157 51 Sortem:
780 867 100 51 nec
837 867 115 51 tunc
909 867 100 51 cum
966 867 157 51 sagitta
1081 867 100 51 est
1123 867 115 51 infixa

450 915 159 53 corpori,
569 915 146 53 propter
675 915 225 53 poenitentiam.
861 915 146 53 igitur.
967 915 66 53 ⁋
993 915 172 53 Praeterea
1126 915 106 53 sint
1179 915 53 53 vi

448 956 121 56 ginti
528 956 108 56 viri
596 956 81 56 a.
636 956 81 56 b.
676 956 81 56 c.
717 956 67 56 &
744 956 94 56 sit
797 956 94 56 per
851 956 148 56 ordinem
959 956 175 56 alphabeti
1080 956 148 56 percutien

449 1003 111 49 tes
512 1003 205 49 Platonem:
670 1003 111 49 sic
733 1003 95 49 vt
781 1003 142 49 Plato
876 1003 174 49 nullius
1002 1003 126 49 ictu
1065 1003 158 49 moriatur

451 1047 103 50 sed
510 1047 88 50 ex
554 1047 161 50 omnibus
671 1047 147 50 simul:
774 1047 117 50 quod
847 1047 147 50 potest
950 1047 220 50 contingere.
1125 1047 117 50 tunc
1184 1047 44 50 a

456 1093 104 48 non
516 1093 149 48 peccat
620 1093 163 48 peccato
739 1093 208 48 homicidii:
902 1093 104 48 nec
961 1093 74 48 b
991 1093 104 48 nec
1051 1093 89 48 c.
1095 1093 74 48 &
1125 1093 104 48 sic
1170 1093 59 48 de

463 1140 166 52 quolibet
588 1140 125 52 alio.
671 1140 69 52 ⁋
698 1140 83 52 Ad
740 1140 194 52 argumentum
892 1140 208 52 respondetur
1058 1140 83 52 in
1100 1140 138 52 primo,
1183 1140 55 52 de

448 1179 114 55 actu
519 1179 185 55 exteriore
661 1179 85 55 an
704 1179 156 55 aliquid
817 1179 171 55 malitiae
945 1179 100 55 vel
1002 1179 185 55 bonitatis
1130 1179 114 55 super:

455 1230 126 47 addat
539 1230 126 47 actui
623 1230 196 47 interiori.
777 1230 70 47 ⁋
805 1230 84 47 Ad
847 1230 126 47 aliud
930 1230 154 47 dicitur
1042 1230 112 47 quod
1098 1230 140 47 quilibet

457 1272 126 49 eorum
541 1272 140 49 peccat
639 1272 154 49 peccato
751 1272 182 49 homicidii
890 1272 84 49 in
932 1272 112 49 casu
1002 1272 126 49 illo:
1086 1272 98 49 sed
1142 1272 84 49 si
1170 1272 70 49 con

461 1317 161 45 stiterit
581 1317 107 45 quis
648 1317 147 45 dederit
755 1317 134 45 vulnus
849 1317 147 45 letale:
956 1317 120 45 talis
1036 1317 161 45 punietur
1157 1317 80 45 de
1183 1317 54 45 ho

465 1358 237 49 micidiocilitc.
662 1358 79 49 ad
702 1358 105 49 leg.
767 1358 145 49 Aquili.
873 1358 79 49 l.
912 1358 105 49 ltem
978 1358 118 49 Mela.
1057 1358 79 49 S.
1096 1358 92 49 sed
1149 1358 79 49 si
1175 1358 53 49 se

453 1397 113 52 uum
517 1397 161 52 plures
630 1397 275 52 percusserint.
857 1397 161 52 Accipe
970 1397 194 52 exemplum
1115 1397 97 52 de
1147 1397 81 52 Bru

451 1448 92 45 to
497 1448 76 45 &
527 1448 153 45 Cassio
634 1448 275 45 percutientibus
863 1448 199 45 Caesarem:
1016 1448 107 45 vbi
1077 1448 137 45 inter
1153 1448 92 45 tres

453 1493 75 47 &
483 1493 166 47 viginti
604 1493 136 47 ictus
694 1493 136 47 solum
785 1493 121 47 tres
861 1493 136 47 erant
951 1493 181 47 letales.
1087 1493 106 47 Sed
1147 1493 91 47 in
1178 1493 60 47 ca

461 1530 95 55 su
509 1530 205 55 argumenti
666 1530 126 55 stat
745 1530 158 55 primum
856 1530 142 55 parum
950 1530 189 55 peccare:
1076 1530 158 55 secundum

456 1575 156 57 magis.
566 1575 109 57 vbi
628 1575 141 57 autem
722 1575 172 57 aliquis
847 1575 125 57 puta
925 1575 172 57 decimus
1050 1575 109 57 vel
1097 1575 141 57 duodeci

457 1624 103 55 mus
516 1624 161 55 iudicat
633 1624 103 55 vel
692 1624 176 55 iudicare
824 1624 132 55 debet
912 1624 117 55 quod
986 1624 176 55 morietur
1118 1624 103 55 vel
1162 1624 88 55 gran

464 1666 93 56 dem
517 1666 172 56 laesionem
649 1666 159 56 accipiet
768 1666 79 56 si
808 1666 198 56 percutiatur
966 1666 172 56 vlterius:
1099 1666 119 56 talis
1165 1666 79 56 mul-

471 1709 78 50 to
510 1709 144 50 grauius
615 1709 131 50 peccat
706 1709 104 50 quam
771 1709 222 50 praecedentes.
954 1709 117 50 licet
1032 1709 104 50 enim
1097 1709 117 50 ictus
1163 1709 78 50 quan

466 1751 87 55 tum
515 1751 87 55 est
565 1751 75 55 de
603 1751 75 55 se
640 1751 87 55 non
690 1751 87 55 sit
740 1751 125 55 maior:
828 1751 112 55 tamen
903 1751 137 55 propter
1003 1751 112 55 ictus
1065 1751 175 55 praecedentes

465 1809 120 50 plus
540 1809 150 50 nocet.
645 1809 135 50 sicut
734 1809 135 50 inter
824 1809 180 50 furantes
959 1809 209 50 successiue
1123 1809 135 50 panes
1198 1809 45 50 a

468 1848 137 49 Sorte
559 1848 91 49 in
605 1848 152 49 campo,
711 1848 107 49 qui
772 1848 152 49 tollit
879 1848 167 49 vltimum
1000 1848 152 49 gratia
1107 1848 137 49 cuius
1183 1848 61 49 mo

464 1899 143 43 ritur:
564 1899 114 43 plus
635 1899 143 43 peccat
735 1899 157 43 omnibus
849 1899 271 43 praecedentibus:
1078 1899 157 43 ponendo
1178 1899 57 43 to

465 1934 90 50 in
510 1934 135 50 furto
600 1934 120 50 quot
674 1934 90 50 in
719 1934 239 50 percussione:
914 1934 105 50 vel
974 1934 165 50 ponendo
1093 1934 150 50 varias
1183 1934 60 50 vi

463 1985 99 44 ces
519 1985 85 44 in
562 1985 127 44 eodem
646 1985 113 44 fure
717 1985 99 44 vel
773 1985 226 44 percutiente.
957 1985 155 44 Simiter
1070 1985 99 44 est
1126 1985 113 44 bona
1182 1985 71 44 ana

465 2020 140 63 logia
559 2020 93 63 de
605 2020 233 63 percutiente
792 2020 171 63 debilem
916 2020 78 63 &
947 2020 202 63 infirmum:
1102 2020 109 63 qui
1149 2020 93 63 plus

478 2077 146 45 peccat
580 2077 117 45 quam
653 2077 204 45 percutiens
814 2077 175 45 robustum
945 2077 175 45 caeteris
1061 2077 146 45 paribus.

464 2109 70 60 ⁋
492 2109 140 60 Tertio
590 2109 210 60 argumentor.
758 2109 126 60 licet
842 2109 154 60 mulieri
955 2109 84 60 se
997 2109 196 60 interimere
1137 2109 112 60 quando

473 2152 165 64 tyrannus
597 2152 96 64 eam
652 2152 220 64 persequitur,
831 2152 96 64 pro
886 2152 165 64 seruanda
1009 2152 96 64 sua
1064 2152 192 64 castitate:
1202 2152 41 64 &

464 2201 102 51 ipsa
528 2201 178 51 nullatenus
668 2201 127 51 aliter
757 2201 127 51 potest
846 2201 178 51 castitatem
986 2201 178 51 protegere.
1126 2201 89 51 hoc
1164 2201 76 51 enim

481 2239 166 73 videtur
601 2239 181 73 expresse
737 2239 196 73 concedere
888 2239 151 73 beatus
993 2239 211 73 Hieronymus
1144 2239 105 73 super

471 2290 133 60 Ionam
560 2290 206 60 prophetam:
722 2290 74 60 &
751 2290 206 60 auctoritas
913 2290 103 60 est
972 2290 221 60 canonizata.
1134 2290 103 60 xxiii

468 2345 105 46 qui.
533 2345 79 46 v.
573 2345 92 46 ca.
625 2345 92 46 Non
678 2345 105 46 est.
743 2345 118 46 dicit
822 2345 105 46 illd
887 2345 131 46 caput.
979 2345 92 46 Non
1031 2345 92 46 est
1084 2345 144 46 nostrum
1175 2345 66 46 mor

467 2379 79 54 te
506 2379 171 54 arripere:
637 2379 92 54 sed
690 2379 144 54 illatam
795 2379 79 54 ab
834 2379 118 54 aliis
913 2379 157 54 libenter
1031 2379 171 54 accipere.
1162 2379 105 54 vnde
1215 2379 39 54 &

480 2421 77 62 in
519 2421 242 62 persecutionibus
723 2421 89 62 non
774 2421 115 62 licet
850 2421 102 62 mihi
914 2421 140 62 propria
1016 2421 128 62 perire
1106 2421 102 62 manu
1157 2421 89 62 vsque

474 2464 78 52 eo
513 2464 91 52 vbi
565 2464 156 52 castitas
683 2464 222 52 periclitatur.
865 2464 104 52 ergo
930 2464 143 52 excipit
1034 2464 196 52 castitatem.
1178 2464 78 52 Rnon

470 2511 129 59 detur
555 2511 157 59 negando
670 2511 200 59 assumptum:
827 2511 114 59 quia
899 2511 143 59 inique
999 2511 143 59 ageret
1099 2511 114 59 haec
1156 2511 100 59 muli-

480 2561 76 48 er
518 2561 63 48 (
543 2561 126 48 vsque)
632 2561 114 48 autem
707 2561 76 48 in
745 2561 164 48 proposito
872 2561 101 48 cap.
935 2561 139 48 capitur
1036 2561 177 48 inclusiue:
1174 2561 63 48 &
1187 2561 63 48 sic

477 2599 132 53 solet
565 2599 206 53 frequenter
727 2599 162 53 accipi:
844 2599 88 53 vt
889 2599 73 53 a
918 2599 132 53 beato
1006 2599 176 53 Gregorio
1124 2599 117 53 scribi

488 2643 80 52 te
528 2643 80 52 ad
568 2643 174 52 episcopos
702 2643 161 52 Galliae:
823 2643 80 52 vt
863 2643 161 52 habetur.
984 2643 121 52 xxxv.
1064 2643 80 52 q.
1104 2643 107 52 iii.
1172 2643 80 52 in
1198 2643 54 52 ca

474 2690 206 55 Progeniem.
636 2690 103 55 vbi
695 2690 103 55 sic
753 2690 147 55 dicit.
856 2690 191 55 Progeniem
1003 2690 117 55 suam
1062 2690 176 55 vnumquenqu

475 2725 150 79 vsque
576 2725 100 79 ad
626 2725 201 79 septimam
776 2725 234 79 decernimus
960 2725 217 79 obseruare
1110 2725 134 79 genera

1291 318 161 62 tionem.
1409 318 73 62 &
1438 318 117 62 tunc
1511 318 103 62 non
1570 318 147 62 licuit
1673 318 205 62 contrahere
1834 318 88 62 in
1878 318 176 62 septima.
1996 318 73 62 Hoc

1287 380 125 52 ipsum
1370 380 139 52 patet.
1468 380 111 52 lit.
1537 380 83 52 de
1579 380 111 52 pig.
1648 380 97 52 ac.
1703 380 97 52 l.i
1759 380 69 52 &
1787 380 125 52 patet
1870 380 83 52 in
1912 380 111 52 modo
1967 380 111 52 loquen

1281 422 114 55 di.
1346 422 179 55 dicimus
1476 422 130 55 enim
1558 422 147 55 omnes
1656 422 147 55 pagos
1753 422 98 55 ad
1802 422 212 55 Glegornum
1949 422 114 55 vsque

1290 471 118 47 esse
1364 471 89 47 de
1409 471 178 47 parochia
1542 471 178 47 Beruici:
1675 471 133 47 inter
1764 471 118 47 quos
1838 471 207 47 includitur
1986 471 89 47 Gle-

1284 516 160 52 gornum.
1401 516 87 52 Si
1444 516 131 52 tamen
1531 516 145 52 mulier
1633 516 145 52 aliqua
1734 516 160 52 fugiens
1850 516 87 52 in
1894 516 145 52 aquam:
1995 516 102 52 non

1292 561 145 51 credens
1397 561 92 51 eam
1450 561 184 51 profundam,
1594 561 197 51 submergatur
1752 561 92 51 pro
1805 561 158 51 seruanda
1910 561 158 51 castitate:

1293 605 195 47 excusanda
1443 605 105 47 est
1503 605 90 47 ob
1548 605 225 47 ignorantiam
1727 605 255 47 inuincibilem.
1937 605 75 47 ⁋
1967 605 135 47 Quar-

1294 643 90 50 to
1339 643 225 50 argumentor.
1519 643 150 50 Beatus
1624 643 150 50 Petrus
1730 643 180 50 amputans
1865 643 135 50 aurem
1940 643 135 50 dextran

1294 688 153 51 Malcho
1401 688 214 51 intendebat
1568 688 92 51 ei
1614 688 168 51 findere
1736 688 137 51 caput
1828 688 76 51 &
1858 688 107 51 eum
1904 688 168 51 occidere:

1289 734 66 51 &
1315 734 119 51 tamen
1395 734 93 51 non
1448 734 159 51 peccauit
1567 734 146 51 peccato
1673 734 186 51 homicidii:
1819 734 93 51 cum
1872 734 133 51 glossa
1952 734 119 51 interli

1287 775 148 48 nearis
1391 775 148 48 Lucae.
1495 775 134 48 xxii.
1584 775 104 48 eum
1643 775 178 48 comparet
1777 775 119 48 ipsi
1851 775 163 48 Phinees
1970 775 104 48 qui
2015 775 59 48 oc

1291 821 137 45 cidit
1382 821 183 45 coeuntem
1520 821 107 45 cum
1581 821 244 45 Madianitide.
1779 821 137 45 Nume.
1870 821 122 45 xxv.
1947 821 107 45 cui
1992 821 92 45 pro-

1302 867 152 53 pterea
1408 867 198 53 promissum
1560 867 106 53 est
1621 867 228 53 sacerdotium
1803 867 91 53 in
1849 867 198 53 aeternum:
1986 867 91 53 quia

1294 917 165 47 zelatus
1414 917 105 47 est
1474 917 105 47 pro
1534 917 105 47 deo
1594 917 120 47 suo:
1669 917 75 47 &
1700 917 180 47 expiauit
1835 917 150 47 scelus
1925 917 150 47 filiorum

1301 955 144 47 Israel.
1405 955 91 47 sed
1458 955 144 47 Phinees
1562 955 91 47 non
1615 955 170 47 peccauit,
1745 955 105 47 quod
1811 955 118 47 tamen
1889 955 131 47 beatus
1967 955 105 47 Petrus

1297 1000 182 54 peccauit,
1437 1000 140 54 patet:
1535 1000 98 54 nam
1591 1000 98 54 eum
1647 1000 210 54 reprehendit
1816 1000 168 54 saluator
1928 1000 140 54 Matthaei

1299 1044 138 51 xxvi.
1390 1044 168 51 dicens.
1513 1044 183 51 Conuerte
1650 1044 168 51 gladium
1772 1044 122 51 tuum
1849 1044 92 51 in
1895 1044 168 51 vaginam
2002 1044 76 51 &c.

1294 1088 85 52 ⁋
1328 1088 273 52 Respondetur.
1550 1088 171 52 beatus
1670 1088 171 52 Petrus
1789 1088 103 52 in
1841 1088 120 52 hoc
1892 1088 188 52 peccauit:

1306 1140 117 44 quia
1379 1140 102 44 nec
1438 1140 117 44 erat
1511 1140 146 44 iudex:
1613 1140 102 44 nec
1672 1140 234 44 auctoritatem
1862 1140 88 44 ad
1906 1140 102 44 hoc
1949 1140 132 44 habuit:

1307 1175 69 52 &
1335 1175 180 52 propterea
1474 1175 69 52 a
1501 1175 153 52 Christo
1612 1175 97 52 est
1668 1175 222 52 reprehensus.
1848 1175 125 52 xelus
1931 1175 125 52 autem
2001 1175 69 52 ser

1303 1226 137 44 uandi
1394 1226 153 44 domini
1501 1226 92 44 ad
1547 1226 107 44 hoc
1608 1226 107 44 eum
1669 1226 229 44 impellebat:
1852 1226 137 44 licet
1944 1226 92 44 in
1974 1226 107 44 facto

1303 1262 216 56 deliquerit.
1476 1262 72 56 &
1504 1262 101 56 sic
1562 1262 86 56 in
1605 1262 130 56 parte
1692 1262 231 56 comparabatur
1879 1262 115 56 ipsi
1937 1262 144 56 Phinees.

1296 1311 87 50 Si
1340 1311 146 50 dicas.
1442 1311 175 50 Christus
1573 1311 117 50 ante
1646 1311 204 50 praecepit:
1806 1311 87 50 vt
1850 1311 102 50 qui
1908 1311 102 50 non
1952 1311 131 50 haberet

1302 1364 180 45 gladium,
1437 1364 165 45 tunicam
1557 1364 180 45 venderet
1692 1364 75 45 &
1723 1364 150 45 emeret
1828 1364 180 45 gladium.
1963 1364 105 45 cui
2008 1364 75 45 Pe-

1291 1398 113 62 trus
1361 1398 197 62 respondit.
1516 1398 113 62 ecce
1587 1398 99 62 duo
1643 1398 141 62 gladii
1742 1398 113 62 hic.
1812 1398 113 62 quos
1883 1398 169 62 Christus
1995 1398 85 62 suf-

1304 1444 128 45 ficere
1394 1444 179 45 asserebat.
1535 1444 205 45 Respondetur,
1702 1444 90 45 non
1753 1444 103 45 erat
1817 1444 77 45 ei
1855 1444 128 45 dictum
1945 1444 103 45 quod
1996 1444 90 45 percu

1301 1491 119 53 teret
1380 1491 92 53 sed
1433 1491 132 53 ferrum
1525 1491 158 53 haberet.
1644 1491 66 53 &
1671 1491 119 53 dicit
1750 1491 119 53 btuns
1829 1491 172 53 Augustini
1961 1491 79 53 ei
1988 1491 92 53 osten

1297 1533 104 47 sum
1357 1533 119 47 quod
1431 1533 179 47 Christus
1565 1533 164 47 futurus
1685 1533 134 47 esset
1774 1533 179 47 protinus
1908 1533 89 47 in
1938 1533 134 47 discri-

1304 1579 112 56 mine
1374 1579 182 56 capiendi.
1514 1579 98 56 Hoc
1570 1579 126 56 autem
1654 1579 126 56 tenet
1737 1579 140 56 beatus
1835 1579 168 56 Augusti.
1947 1579 140 56 expresse

1307 1622 134 53 contra
1401 1622 161 53 Faustum.
1521 1622 107 53 lib.
1589 1622 121 53 xxii.
1669 1622 94 53 ca.
1723 1622 107 53 lxx.
1790 1622 107 53 quod
1857 1622 94 53 tam
1911 1622 134 53 Petrus
1991 1622 81 53 quam

1301 1665 158 48 Moyses
1412 1665 95 48 in
1459 1665 127 48 casu
1539 1665 143 48 primi
1634 1665 206 48 argumenti
1792 1665 206 48 peccauit:
1950 1665 79 48 &
1966 1665 111 48 dicit

1304 1714 104 52 quod
1369 1714 91 52 per
1421 1714 104 52 illa
1487 1714 117 52 facta
1565 1714 183 52 ostenditur
1709 1714 117 52 eorum
1787 1714 131 52 aelus:
1878 1714 117 52 licet
1943 1714 144 52 deliquan-

1303 1751 112 54 rint
1373 1751 84 54 in
1415 1751 112 54 hoc:
1485 1751 84 54 vt
1527 1751 84 54 de
1569 1751 126 54 Saulo
1653 1751 182 54 contigit.
1793 1751 98 54 dat
1849 1751 238 54 comparationem
2031 1751 56 54 na

1304 1799 193 52 turalem,
1449 1799 241 52 quemadmodum
1641 1799 129 52 enim
1722 1799 193 52 agricola
1866 1799 145 52 motem
1946 1799 129 52 plenum

1315 1844 187 51 oleastris
1458 1844 187 51 cognoscit
1602 1844 143 51 vtilem
1702 1844 100 51 pro
1759 1844 129 51 oleis
1845 1844 158 51 cultura
1946 1844 129 51 acceden

1311 1889 90 56 te:
1363 1889 90 56 sic
1414 1889 129 56 animae
1505 1889 155 56 virtutis
1621 1889 142 56 capaces
1724 1889 77 56 ac
1763 1889 155 56 fertiles
1879 1889 194 56 praemittunt
2021 1889 65 56 sae

1306 1941 89 49 pe
1351 1941 149 49 vitia:
1455 1941 149 49 quibus
1559 1941 104 49 hoc
1619 1941 134 49 ipsum
1708 1941 194 49 indicent:
1857 1941 104 49 cui
1917 1941 164 49 virtuti
2021 1941 60 49 po

1303 1980 178 54 tissimum
1437 1980 119 54 sunt
1511 1980 252 54 accommodatae.
1719 1980 208 54 concludens
1882 1980 89 54 in
1927 1980 119 54 fine
1986 1980 104 54 capi-

1312 2019 152 55 tuli:
1413 2019 135 55 Quid
1497 2019 135 55 ergo
1582 2019 236 55 incongruum
1767 2019 101 55 si
1817 2019 168 55 Petrus
1935 2019 135 55 post
2003 2019 84 55 hoc

1321 2068 140 53 octum:
1419 2068 140 53 factus
1517 2068 98 53 est
1572 2068 140 53 pastor
1670 2068 195 53 ecclesiae:
1824 2068 126 53 sicut
1907 2068 140 53 Moyses
1991 2068 84 53 post

1310 2111 203 56 percussum
1466 2111 203 56 Aegyptium
1622 2111 156 56 factus
1731 2111 109 56 est
1794 2111 156 56 rector
1903 2111 156 56 illius
1996 2111 78 56 syr

1301 2159 176 48 agogae?
1429 2159 176 48 vterque
1556 2159 128 48 enim
1636 2159 112 48 non
1700 2159 239 48 detestabili
1876 2159 207 48 immanitate:

1310 2199 111 54 sed
1373 2199 221 54 emendabili
1547 2199 237 54 animositate
1737 2199 205 54 iustitiae
1895 2199 174 54 regulam
2005 2199 79 54 ex-

1306 2247 153 54 cessit:
1417 2247 153 54 vterque
1528 2247 111 54 odio
1598 2247 222 54 improbitatis
1778 2247 167 54 alienae:
1903 2247 97 54 sed
1959 2247 111 54 ille
2015 2247 69 54 fra

1306 2284 142 54 terno:
1405 2284 114 54 iste
1477 2284 185 54 dominico,
1619 2284 128 54 licet
1705 2284 128 54 adhuc
1790 2284 171 54 carnali,
1918 2284 128 54 tamen
1989 2284 100 54 amore

1310 2332 205 56 peccauit.
1468 2332 95 56 De
1516 2332 142 56 Petro
1610 2332 126 56 ergo
1689 2332 190 56 tenendum
1831 2332 111 56 est
1895 2332 126 56 quod
1958 2332 126 56 pecca-

1307 2379 129 48 uit:
1388 2379 113 48 sed
1452 2379 146 48 xelus
1549 2379 226 48 diminuebat
1727 2379 81 48 a
1760 2379 162 48 tanto.
1873 2379 178 48 Poterat
1986 2379 97 48 enim

1315 2422 123 52 quod
1391 2422 107 52 est
1453 2422 123 52 vero
1529 2422 169 52 simile,
1652 2422 184 52 habuisse
1790 2422 153 52 plures
1897 2422 153 52 actus:
1989 2422 92 52 quo-

1309 2463 125 53 rum
1380 2463 178 53 aliqui
1505 2463 160 53 erant
1612 2463 160 53 boni:
1718 2463 89 53 &
1754 2463 142 53 vnus
1843 2463 178 53 malus.
1967 2463 125 53 Sed
2021 2463 71 53 de

1322 2509 130 47 Moyse
1408 2509 101 47 est
1466 2509 130 47 maior
1553 2509 231 47 difficultas:
1740 2509 101 47 non
1798 2509 116 47 quod
1870 2509 217 47 praeferamus
2029 2509 58 47 re

1308 2555 152 55 ctorem
1414 2555 197 55 synagogae
1566 2555 167 55 pastori
1687 2555 212 55 ecclesiae:
1854 2555 106 55 qui
1914 2555 121 55 enim
1975 2555 106 55 vtrum

1321 2608 115 51 quod
1392 2608 201 51 constituit
1550 2608 187 51 pastorem:
1694 2608 129 51 nouit
1780 2608 115 51 vter
1851 2608 158 51 illorum
1966 2608 100 51 sit
2009 2608 72 51 ma-

1304 2642 130 47 ior:
1385 2642 114 47 sed
1450 2642 130 47 quod
1531 2642 162 47 beatus
1645 2642 211 47 Stephanus
1807 2642 179 47 videtur
1921 2642 162 47 excusare

1310 2686 159 51 Moysen
1422 2686 127 51 Act.
1501 2686 191 51 septimo.
1644 2686 143 51 licet
1740 2686 127 51 enim
1819 2686 111 51 non
1883 2686 175 51 legatur
1995 2686 96 51 Exo.

1315 2731 102 74 ii.
1374 2731 117 74 quod
1447 2731 132 74 adhuc
1535 2731 146 74 Moyses
1637 2731 132 74 esset
1725 2731 219 74 constitutus
1900 2731 132 74 iudex
1988 2731 73 74 a
2002 2731 88 74 deo:
