2312 3324
224 346 131 84 bes.
305 346 196 84 Quocirca
452 346 196 84 Baptista
599 346 180 84 Romulum
730 346 229 84 introducit
893 346 98 84 oran

213 416 112 59 tem
277 416 192 59 Pompeium
421 416 144 59 tueri
516 416 176 59 ltaliam
644 416 80 59 &
676 416 128 59 iura
756 416 192 59 patriae:
899 416 80 59 &
915 416 80 59 non

222 467 191 45 Caesarem:
369 467 117 45 quem
443 467 162 45 Caesari
560 467 191 45 propterea
707 467 191 45 praefert,
839 467 147 45 inquiens

220 503 161 59 magne
328 503 179 59 meorum
453 503 251 59 Immortalis
650 503 161 59 honos
757 503 90 59 &
793 503 179 59 gloria
900 503 90 59 sum

216 551 88 56 ma
260 551 176 56 nepotum.
392 551 176 56 Icommune
524 551 132 56 bonum
612 551 146 56 serua:
714 551 161 56 quoniam
831 551 117 56 haec
890 551 102 56 tibus

216 591 151 60 semper
322 591 121 60 Cura
398 591 136 60 fuit.
488 591 91 60 Et
534 591 136 60 paulo
625 591 136 60 post.
715 591 91 60 Te
761 591 167 60 externi
867 591 121 60 nfiqui

225 637 137 60 duces
316 637 229 60 venerantur,
499 637 76 60 &
530 637 122 60 ipse
606 637 198 60 Depositis
759 637 122 60 odii
835 637 153 60 causis
927 637 76 60 li-

221 684 115 56 uore
292 684 158 56 sepulto
407 684 86 56 Te
450 684 172 56 praefert
579 684 158 56 Caesar,
694 684 172 56 meliorem
823 684 129 56 seque
895 684 100 56 fate-

212 732 138 49 tur.
298 732 276 49 Quandoquidem
523 732 173 49 pietas
644 732 86 49 &
678 732 173 49 nescia
799 732 190 49 rumpere
920 732 69 49 le

220 773 113 54 ges
285 773 178 54 Dignior
414 773 113 54 est
479 773 178 54 sceptro
608 773 146 54 regni
706 773 210 54 diademate
851 773 146 54 virtus.

221 815 126 53 ldem
300 815 157 53 censeo
410 815 94 53 de
457 815 142 53 lulio
552 815 189 53 Caesare,
693 815 110 53 qui
756 815 79 53 a
788 815 157 53 Tullio
882 815 126 53 tyran-

220 860 95 48 nus
275 860 68 48 &
302 860 108 48 bene
369 860 203 48 reputabatur
532 860 108 48 quod
599 860 81 48 de
640 860 176 48 plerisque
775 860 122 48 aliis
857 860 108 48 quos
911 860 81 48 igno

220 906 112 54 bile
290 906 140 54 vulgus
388 906 126 54 super
472 906 126 54 astra
556 906 154 54 euehit.
669 906 70 54 â‹
697 906 140 54 Octauo
795 906 168 54 sequitur
907 906 84 54 quod

221 958 98 47 non
277 958 98 47 est
333 958 126 47 actus
417 958 224 47 fortitudinis
599 958 84 47 se
641 958 168 47 occidere
767 958 154 47 propter
865 958 126 47 quancum

234 998 102 51 quod
298 998 191 51 tristitiam.
450 998 89 51 Nam
501 998 76 51 vt
539 998 114 51 dicit
616 998 127 51 Arist.
705 998 127 51 tertii
794 998 178 51 Ethicorum.
921 998 76 51 vii.

218 1037 157 54 Mortem
328 1037 126 54 sibi
407 1037 236 54 consciscere
595 1037 94 54 ob
643 1037 204 54 fugiendam
784 1037 220 54 paupertatem,

219 1079 105 54 aut
279 1079 165 54 amorem,
399 1079 105 54 aut
459 1079 180 54 molestum
594 1079 180 54 aliquid,
728 1079 105 54 non
788 1079 150 54 fortis
893 1079 105 54 est
938 1079 60 54 ho

214 1126 135 51 minis
304 1126 105 51 sed
364 1126 165 51 timidi.
483 1126 105 51 est
543 1126 120 51 enim
618 1126 239 51 mollitudinis
813 1126 195 51 laboriosa
947 1126 60 51 fu

217 1167 154 55 gere.
319 1167 102 55 Ex
371 1167 119 55 quo
439 1167 154 55 patet
541 1167 137 55 quod
627 1167 137 55 Aiax
712 1167 256 55 Thelamonius
900 1167 102 55 quem

222 1215 150 54 Hector
327 1215 165 54 vincere
446 1215 105 54 non
506 1215 180 54 poterat,
641 1215 180 54 molliter
776 1215 75 54 &
806 1215 150 54 timide
895 1215 105 54 egit,

224 1257 111 54 suo
288 1257 175 54 mucrone
415 1257 95 54 se
462 1257 238 54 suffodiens,
653 1257 175 54 dicente
780 1257 175 54 Quidio.
891 1257 111 54 xiii.

217 1302 343 50 Metamorphoseos.
506 1302 199 50 Hectora
651 1302 127 50 qui
723 1302 163 50 solus
813 1302 181 50 ferrumou

219 1345 186 65 ignemque
358 1345 186 65 iouemque
497 1345 201 65 Sustinuit
651 1345 186 65 totiens:
791 1345 124 65 vnam
868 1345 108 65 non
914 1345 93 65 sui-

219 1391 149 58 tinet
318 1391 149 58 iram.
417 1391 132 58 ldem
499 1391 99 58 de
549 1391 149 58 Saule
648 1391 132 58 sese
730 1391 215 58 occidente
879 1391 116 58 patet

220 1435 143 61 primi
316 1435 143 61 Regum
411 1435 175 61 vltimo.
538 1435 96 61 Et
586 1435 175 61 quamuis
714 1435 175 61 putaret
841 1435 96 61 se
873 1435 127 61 populo

219 1483 103 48 dei
278 1483 118 48 esse
352 1483 192 48 ludibrio:
500 1483 177 48 peccauit
632 1483 89 48 in
677 1483 89 48 se
721 1483 148 48 ferrum
824 1483 177 48 mittens.
942 1483 59 48 vt

231 1526 137 50 dicit
322 1526 183 50 Augusti.
459 1526 91 50 in
505 1526 259 50 quaestionibus
718 1526 167 50 veteris
840 1526 76 50 &
870 1526 122 50 noui
931 1526 76 50 te-

219 1563 194 56 stamenti.
368 1563 104 56 cui
428 1563 149 56 litera
532 1563 134 56 Regum
622 1563 239 56 suffragatur.
816 1563 104 56 Non
876 1563 119 56 enim
935 1563 75 56 est

239 1611 201 51 verosimile
396 1611 115 51 quod
468 1611 100 51 hoc
525 1611 186 51 instinctu
669 1611 172 51 spiritus
798 1611 143 51 sancti
884 1611 129 51 fecerit

231 1658 118 51 more
305 1658 192 51 Sansonis.
453 1658 89 51 vt
498 1658 148 51 liquet
601 1658 89 51 ex
646 1658 266 51 circunstantiis
853 1658 148 51 literae.

233 1702 105 54 sed
293 1702 90 54 ne
338 1702 135 54 esset
428 1702 150 54 populo
533 1702 105 54 dei
593 1702 225 54 contemptui:
772 1702 195 54 excusatur
922 1702 75 54 a
937 1702 75 54 tan

221 1744 99 57 to.
278 1744 85 57 In
320 1744 99 57 hoc
377 1744 128 57 etiam
462 1744 113 57 Cato
533 1744 184 57 Vticensis
675 1744 227 57 vituperandus
859 1744 113 57 est:
916 1744 85 57 quem

233 1791 208 49 tantopere
393 1791 128 49 nono
473 1791 224 49 Pharsaliae
648 1791 160 49 laudat
760 1791 144 49 Luca.
840 1791 176 49 inquiens.

237 1836 126 46 Ecce
316 1836 157 46 parens
426 1836 141 46 verus
520 1836 189 46 patriae,
661 1836 236 46 dignissimus
850 1836 126 46 aris
913 1836 94 46 Roma

226 1875 120 49 tuis,
305 1875 93 49 per
359 1875 106 49 quem
425 1875 146 49 nunquam
531 1875 133 49 iurare
625 1875 160 49 pudebit.
744 1875 80 49 Et
784 1875 106 49 quem
850 1875 80 49 si
877 1875 133 49 steteris

244 1920 134 53 vnqui
333 1920 163 53 ceruice
452 1920 148 53 soluta
556 1920 119 53 Hunc
630 1920 119 53 olim
704 1920 163 53 factura
823 1920 134 53 deum.
897 1920 104 53 suffi

230 1967 99 65 cit
286 1967 113 65 quod
357 1967 170 65 perperam
484 1967 113 65 egit
555 1967 85 65 se
597 1967 198 65 occidendo:
753 1967 113 65 quia
823 1967 85 65 in
866 1967 113 65 illo
922 1967 85 65 actu

226 2010 179 53 molliter
360 2010 134 53 egit.
450 2010 75 53 &
479 2010 194 53 Lucretia:
628 2010 119 53 quae
703 2010 194 53 tantopere
852 2010 75 53 a
867 2010 134 53 Romanis

239 2054 164 53 effertur.
366 2054 88 53 Nam
416 2054 76 53 vt
454 2054 126 53 arguit
542 2054 126 53 beatus
631 2054 164 53 Augustinu
757 2054 63 53 i
782 2054 76 53 de
820 2054 151 53 ciuitate
933 2054 101 53 dei:

228 2105 106 53 vel
288 2105 121 53 ipsa
364 2105 121 53 erat
439 2105 196 53 innocens:
590 2105 106 53 vel
651 2105 166 53 nocens.
771 2105 91 53 si
817 2105 166 53 primum,
922 2105 91 53 erat

221 2145 146 49 morte
318 2145 195 49 indigna:
465 2145 81 49 &
497 2145 130 49 male
579 2145 130 49 egit
660 2145 212 49 occidendo
806 2145 212 49 innocentem.

238 2186 85 50 si
280 2186 155 50 nocens:
393 2186 211 50 auctoritate
562 2186 155 50 propria
675 2186 99 50 non
731 2186 141 50 debuit
830 2186 85 50 se
858 2186 155 50 occidere.

234 2234 115 47 Nolo
306 2234 159 47 (inquit
421 2234 173 47 dominus,
551 2234 144 47 mortem
652 2234 216 47 peccatoris:
825 2234 101 47 sed
882 2234 130 47 magis
954 2234 58 47 vt

232 2278 210 45 convertatur
400 2278 70 45 &
428 2278 140 45 viuat.
526 2278 210 45 Ezechielis.
693 2278 140 45 xviii.
791 2278 98 45 hoc
847 2278 98 45 est
903 2278 112 45 nolo
959 2278 56 45 vt

243 2316 85 52 se
285 2316 169 52 occidat.
412 2316 127 52 Etiam
497 2316 85 52 in
539 2316 183 52 adulterio
680 2316 183 52 Tarquinii
821 2316 155 52 Superbi
919 2316 99 52 impsa

245 2363 108 49 erat
312 2363 175 49 innocens.
447 2363 108 49 ldem
514 2363 135 49 potest
609 2363 148 49 inferri
716 2363 81 49 de
757 2363 202 49 Mithridate:
919 2363 67 49 &
932 2363 81 49 saga

234 2407 173 54 cissimo
360 2407 173 54 pariter
486 2407 79 54 &
517 2407 283 54 bellicosissimo
754 2407 205 54 Hamnibale
895 2407 126 54 Hamil-

238 2451 130 57 caris
324 2451 145 57 filio.
425 2451 72 57 â‹
454 2451 116 57 Nono
527 2451 173 57 sequitur
657 2451 116 57 quod
729 2451 116 57 isti
801 2451 188 57 nebulones
931 2451 87 57 domi

230 2500 145 62 inter
327 2500 177 62 vicinos
456 2500 210 62 pugnantes
617 2500 97 62 no
665 2500 129 62 sunt
746 2500 161 62 fortes
859 2500 113 62 sed
907 2500 97 62 teme

238 2547 126 49 ratii
322 2547 70 49 &
350 2547 140 49 simiae
448 2547 168 49 fortium.
574 2547 126 49 Porro
657 2547 182 49 dicterium
797 2547 112 49 est.
867 2547 140 49 gallus
951 2547 70 49 pu-

254 2585 108 59 gnax
321 2585 81 59 in
361 2585 148 59 proprio
469 2585 108 59 fimo
536 2585 94 59 est
590 2585 161 59 inutilis
711 2585 81 59 in
751 2585 135 59 campo.
846 2585 108 59 ldem
913 2585 81 59 de
940 2585 67 59 hom

247 2638 150 40 minibus
356 2638 204 40 iactabundis
519 2638 190 40 intelligas
669 2638 122 40 prout
751 2638 122 40 vulgo
832 2638 177 40 iactatur.
955 2638 54 40 bo

237 2674 102 58 nus
296 2674 189 58 ascriptor
441 2674 160 58 nunquam
557 2674 116 58 fuit
630 2674 131 58 bonus
717 2674 189 58 equester.
862 2674 87 58 Hi
891 2674 116 58 namque

245 2719 141 48 verba
339 2719 203 48 ampullosa
496 2719 94 48 in
543 2719 188 48 absentia
683 2719 235 48 periculorum
856 2719 156 48 euomunt:

244 2762 68 57 &
272 2762 82 57 in
313 2762 191 57 praesentia
463 2762 164 57 eorundem
586 2762 150 57 penitus
695 2762 191 57 tabescunt,
845 2762 109 57 quod
900 2762 109 57 impro

1054 345 167 69 perabat
1175 345 122 69 Aiax
1251 345 152 69 Vlyssi
1358 345 198 69 inquiens.
1510 345 152 69 Tutius
1616 345 106 69 est
1677 345 152 69 igitur
1768 345 61 69 fi

1050 414 118 55 ctis
1124 414 206 55 contendere
1285 414 162 55 verbis,
1403 414 118 55 Quam
1476 414 162 55 pugnare
1594 414 132 55 manu.
1682 414 88 55 In
1711 414 118 55 quibus

1041 453 127 53 illud
1125 453 169 53 poeticum
1252 453 225 53 verificatur.
1435 453 197 53 Parturient
1590 453 155 53 montes:
1688 453 141 53 nascetur

1044 513 206 43 ridiculus
1203 513 127 43 mus.
1282 513 79 43 &
1314 513 206 43 Thetsites
1473 513 175 43 numerum
1600 513 111 43 non
1663 513 143 43 vires
1743 513 79 43 au-

1045 546 117 44 xit
1112 546 184 44 Achiuas
1246 546 150 44 Impos
1346 546 201 44 virtute:
1497 546 251 44 garrulitate
1681 546 150 44 potens.

1058 588 89 59 Sed
1109 588 152 59 notabis:
1223 588 152 59 quamquam
1337 588 101 59 apud
1400 588 139 59 aliquos
1502 588 139 59 dicitur
1603 588 101 59 quod
1654 588 177 59 repercutiens

1057 631 134 53 facit
1147 631 149 53 bellum
1251 631 75 53 &
1281 631 105 53 non
1341 631 134 53 primo
1431 631 179 53 pulsans:
1565 631 105 53 hoc
1625 631 134 53 parum
1699 631 120 53 effica

1054 678 108 51 ciae
1122 678 149 51 habere.
1230 678 122 51 ratio
1312 678 108 51 quam
1379 678 135 51 vulgus
1474 678 162 51 assignat
1596 678 95 51 est
1650 678 122 51 haec.
1731 678 81 51 si
1758 678 68 51 non

1057 723 224 47 repercuteret
1239 723 98 47 non
1295 723 126 47 esset
1379 723 154 47 bellum:
1492 723 112 47 nemo
1562 723 112 47 enim
1632 723 126 47 solus
1702 723 126 47 bellat.

1048 772 165 52 profecto
1172 772 96 52 hoc
1227 772 96 52 est
1282 772 137 52 verum:
1378 772 96 52 sed
1433 772 110 52 haec
1501 772 124 52 ratio
1584 772 206 52 concluderet
1735 772 96 52 pari-

1055 810 94 54 ter
1108 810 81 54 de
1149 810 121 54 primo
1230 810 162 54 caedente
1351 810 135 54 alium:
1445 810 108 54 quia
1512 810 108 54 sine
1580 810 121 54 primo
1660 810 94 54 non
1701 810 121 54 fuisset

1063 853 138 60 ortum
1155 853 169 60 bellum.
1277 853 138 60 primo
1369 853 153 60 itaque
1476 853 184 60 inuadens
1614 853 138 60 multo
1691 853 138 60 grauius

1060 898 209 49 delinquit.
1224 898 75 49 â‹
1254 898 149 49 Decimo
1359 898 179 49 sequitur
1493 898 119 49 quod
1567 898 149 49 fortis
1672 898 149 49 robore
1761 898 75 49 vel

1060 943 137 50 habens
1156 943 219 50 fortitudinem
1334 943 178 50 militarem
1471 943 96 50 est
1526 943 192 50 frequenter
1677 943 151 50 vtilior
1786 943 82 50 in

1053 984 124 60 bello
1136 984 110 60 quam
1205 984 96 60 vir
1260 984 151 60 fortis.
1370 984 124 60 patet
1452 984 110 60 quia
1521 984 193 60 aduersario
1672 984 110 60 plus
1727 984 110 60 potest

1058 1033 171 56 nocere:
1183 1033 78 56 &
1214 1033 140 56 nouit
1307 1033 202 56 anfractus
1462 1033 202 56 bellicos:
1618 1033 186 56 decertat
1742 1033 93 56 arma

1066 1073 96 48 tus
1121 1073 137 48 contra
1217 1073 164 48 inermen:
1340 1073 96 48 vel
1394 1073 123 48 sicut
1477 1073 109 48 ludi
1545 1073 164 48 magister
1668 1073 137 48 contra
1764 1073 96 48 ad-

1054 1118 193 54 discentem.
1206 1118 179 54 prudentia
1343 1118 110 54 enim
1412 1118 124 54 istis
1495 1118 138 54 tantum
1591 1118 165 54 conducit
1701 1118 124 54 quantum

1062 1168 213 50 pugnacitas
1229 1168 198 50 propterea
1381 1168 122 50 bene
1457 1168 137 50 dixit
1548 1168 167 50 Vlysses
1670 1168 137 50 Aiaci
1746 1168 91 50 The-

1059 1216 180 46 lamonio.
1194 1216 135 46 xiii.
1283 1216 284 46 Metamorphoseos.
1523 1216 105 46 Qui
1583 1216 105 46 nil
1643 1216 120 46 nisi
1702 1216 135 46 praelia

1060 1250 131 62 nosti
1147 1250 116 62 Quis
1219 1250 116 62 tuus
1292 1250 116 62 vsus
1364 1250 131 62 erat:
1451 1250 102 62 nam
1509 1250 87 62 si
1553 1250 102 62 mea
1611 1250 131 62 facta
1683 1250 145 62 requiris

1064 1295 196 56 Hostibus
1211 1295 213 56 insidior:
1374 1295 163 56 fossas
1489 1295 196 56 munimine
1636 1295 163 56 cingo:
1734 1295 98 56 Coso

1053 1340 102 47 lor
1112 1340 146 47 socios
1214 1340 88 47 vt
1258 1340 131 47 longi
1345 1340 131 47 tedia
1433 1340 131 47 belli
1521 1340 131 47 Mente
1608 1340 146 47 ferant
1696 1340 146 47 placida.

1060 1383 73 52 &
1090 1383 175 52 reliqua.
1221 1383 88 52 Et
1265 1383 132 52 paulo
1353 1383 117 52 post
1426 1383 190 52 recitatis
1572 1383 146 52 gestis
1675 1383 117 52 suis
1733 1383 117 52 conclu

1062 1428 125 53 sit.
1141 1428 125 53 Quae
1219 1428 125 53 nisi
1297 1428 188 53 fecissem
1438 1428 172 53 frustra
1563 1428 203 53 Thelamone
1703 1428 141 53 creatus

1059 1472 190 53 Gestasset
1205 1472 131 53 laeua
1293 1472 175 53 taurorum
1424 1472 160 53 tergora
1540 1472 160 53 septem.
1657 1472 87 53 Et
1686 1472 146 53 sequitui

1057 1518 98 54 Tu
1106 1518 146 54 vires
1203 1518 130 54 sine
1284 1518 146 54 mente
1382 1518 163 54 geris:
1496 1518 130 54 mihi
1577 1518 130 54 cura
1658 1518 179 54 futuri.
1772 1518 65 54 Tu

1070 1562 165 48 pugnare
1190 1562 150 48 potes:
1296 1562 180 48 pugnandi
1431 1562 165 48 tempora
1551 1562 135 48 mecum
1641 1562 150 48 Eligit
1732 1562 105 48 Atri-

1060 1604 110 64 des.
1129 1604 69 64 &
1157 1604 110 64 quae
1226 1604 193 64 sequuntur.
1377 1604 207 64 Experientia
1543 1604 138 64 namque
1639 1604 138 64 multum
1736 1604 138 64 condu-

1059 1651 106 47 cit
1120 1651 76 47 &
1150 1651 243 47 exercitatio.
1348 1651 106 47 Non
1408 1651 152 47 aliter
1515 1651 137 47 dicit
1606 1651 182 47 Vegetius
1728 1651 106 47 Roma-

1070 1695 111 47 nos
1134 1695 174 47 vicisse
1260 1695 238 47 versipelles
1451 1695 143 47 Afros
1546 1695 79 47 &
1577 1695 143 47 totam
1657 1695 190 47 bellicosam

1059 1737 164 58 Europam
1178 1737 104 58 cum
1238 1737 119 58 bona
1312 1737 134 58 parte
1402 1737 149 58 Asiae,
1506 1737 104 58 non
1566 1737 149 58 aliter
1655 1737 194 58 cognoscitur

1072 1783 115 67 plus
1143 1783 172 67 prodesse
1273 1783 187 67 percutere
1416 1783 158 67 punctim
1531 1783 115 67 quam
1603 1783 144 67 caesim
1703 1783 101 67 cum
1746 1783 101 67 minor

1066 1825 95 53 sit
1121 1825 218 53 resistentia:
1298 1825 123 53 stare
1380 1825 82 53 in
1421 1825 123 53 forma
1502 1825 136 53 rotuda
1598 1825 204 53 resistendo:
1748 1825 95 53 inua-

1065 1869 123 52 dere
1142 1869 92 52 in
1188 1869 138 52 forma
1280 1869 231 52 pyramidali:
1465 1869 108 52 non
1526 1869 154 52 tenere
1634 1869 154 52 eundem
1726 1869 108 52 situm

1065 1919 103 46 dum
1124 1919 133 46 ferit
1213 1919 162 46 hostis:
1330 1919 88 46 vt
1375 1919 133 46 minus
1463 1919 192 46 solidetur
1610 1919 147 46 ictus.
1713 1919 88 46 Et
1743 1919 103 46 licet

1073 1956 111 62 viii.
1147 1956 136 62 Politi.
1245 1956 111 62 dicat
1320 1956 185 62 philosophus
1468 1956 99 62 quod
1529 1956 198 62 bellicositas
1690 1956 62 62 &
1702 1956 136 62 industria

1066 2006 154 52 mentis
1173 2006 200 52 requirunt
1327 2006 138 52 modum
1420 2006 231 52 contrarium:
1604 2006 108 52 cum
1666 2006 154 52 molles
1758 2006 77 52 car

1059 2051 84 52 ne
1101 2051 112 52 sint
1171 2051 112 52 apti
1241 2051 140 52 mente.
1338 2051 98 52 ii.
1394 2051 84 52 de
1436 2051 112 52 Aia.
1506 2051 70 52 &
1534 2051 112 52 sint
1604 2051 237 52 delicatiores:
1785 2051 56 52 mi

1061 2092 107 57 nus
1122 2092 168 57 possunt
1244 2092 183 57 perferre
1382 2092 153 57 graues
1489 2092 183 57 labores.
1626 2092 92 57 vt
1672 2092 153 57 videre
1764 2092 76 57 est

1066 2137 90 53 in
1111 2137 165 53 Achille
1231 2137 75 53 &
1261 2137 135 53 Aiace
1351 2137 225 53 Thelamonio:
1531 2137 105 53 qui
1591 2137 135 53 licet
1681 2137 150 53 essent
1771 2137 75 53 duo

1073 2180 150 50 fulmina
1183 2180 137 50 belli:
1278 2180 137 50 neuter
1374 2180 123 50 visus
1456 2180 96 50 est
1510 2180 259 50 prudentissimus.
1715 2180 123 50 Britan-

1063 2233 89 46 ni
1108 2233 148 46 quoque
1211 2233 74 46 &
1241 2233 178 46 Germani:
1375 2233 119 46 quia
1449 2233 119 46 sunt
1523 2233 297 46 septentrionales:
1760 2233 89 46 sunt

1069 2267 241 53 bellicosiores
1267 2267 270 53 meridionalibus.
1494 2267 113 53 vii.
1565 2267 128 53 Poli.
1650 2267 99 53 Hoc
1707 2267 128 53 etiam
1778 2267 71 53 ha-

1066 2312 106 55 bet
1126 2312 181 55 Auicenna
1262 2312 106 55 fen
1323 2312 166 55 secunda
1444 2312 181 55 doctrina
1580 2312 166 55 secunda
1701 2312 136 55 primi
1777 2312 60 55 ca

1072 2358 127 51 nonis.
1161 2358 89 51 ca.
1212 2358 89 51 xi.
1263 2358 64 51 &
1289 2358 153 51 Vegetius
1403 2358 102 51 lib.
1467 2358 64 51 i
1492 2358 102 51 cap.
1556 2358 89 51 ii.
1607 2358 204 51 Superabantur
1760 2358 89 51 tamen

1069 2401 76 54 a
1099 2401 168 54 Caesare
1221 2401 76 54 &
1252 2401 183 54 Romanis:
1389 2401 76 54 &
1419 2401 107 54 hoc
1480 2401 137 54 solum
1572 2401 168 54 propter
1678 2401 168 54 exercita-

1075 2445 163 57 tionem,
1193 2445 74 57 &
1223 2445 207 57 prudentiam
1386 2445 89 57 in
1430 2445 222 57 disponendis
1607 2445 177 57 aciebus.
1726 2445 118 57 Aliqui

1063 2486 128 54 autem
1148 2486 157 54 cordati
1262 2486 114 54 viri
1334 2486 71 54 a
1362 2486 143 54 natura
1462 2486 185 54 redduntur
1605 2486 86 54 ad
1647 2486 143 54 bellum
1733 2486 114 54 inhabi

1072 2532 105 53 les
1132 2532 90 53 vt
1177 2532 150 53 dediti
1283 2532 226 53 mulieribus.
1463 2532 196 53 propterea
1613 2532 150 53 puduit
1704 2532 150 53 Pompeiun

1066 2581 163 53 dormire
1185 2581 104 53 cum
1244 2581 178 53 Cornelia
1378 2581 163 53 propria
1497 2581 148 53 vxore.
1601 2581 163 53 dicente
1719 2581 134 53 Luca.
1793 2581 45 53 v

1072 2628 226 51 Pharsaliae.
1253 2628 106 51 Nam
1313 2628 90 51 me
1358 2628 106 51 iam
1419 2628 136 51 marte
1509 2628 151 51 parato
1615 2628 166 51 Securos
1720 2628 136 51 cepisse

1077 2666 147 59 pudet
1175 2666 114 59 cum
1240 2666 180 59 coniuge
1371 2666 180 59 somnos.
1501 2666 98 59 Et
1550 2666 131 59 Maro
1632 2666 147 59 dicit
1713 2666 131 59 Aenean

1071 2710 104 52 sua
1130 2710 118 52 mora
1204 2710 163 52 Teucros
1323 2710 118 52 sede
1397 2710 89 52 in
1441 2710 148 52 ltalia
1545 2710 178 52 promissa
1663 2710 178 52 aliquamdiu

1073 2760 184 55 fraudasse
1215 2760 156 55 propter
1328 2760 142 55 amorem
1427 2760 170 55 Elissae:
1555 2760 99 55 ita
1611 2760 85 55 vt
1654 2760 99 55 vix
1710 2760 113 55 diis
1767 2760 85 55 sua
