2278 3311
217 322 147 74 habet.
320 322 73 74 &
349 322 191 74 recitatur
496 322 132 74 causa
584 322 73 74 &
614 322 206 74 quaestione
775 322 176 74 praefata
907 322 88 74 in
937 322 73 74 ca.

223 377 179 56 Ostendit.
361 377 83 56 In
402 377 124 56 super
485 377 124 56 illud
568 377 96 56 est
623 377 193 56 meritorium
774 377 83 56 in
816 377 152 56 habente
912 377 83 56 gra-

213 424 131 49 tiam
294 424 98 49 in
343 424 114 49 quo
409 424 180 49 homines
539 424 82 49 a
572 424 212 49 studiosis
736 424 229 49 laudantur:
899 424 98 49 bel-

215 467 114 47 lum
280 467 179 47 aliquod
410 467 114 47 est
475 467 227 47 huiusmodi.
653 467 179 47 igitur.
783 467 97 47 In
832 467 114 47 hoc
880 467 114 47 Abra-

212 512 112 47 ham
276 512 80 47 /
308 512 144 47 losue
404 512 80 47 /
437 512 144 47 Dauid
533 512 80 47 /
565 512 144 47 ludas
661 512 225 47 Machabaeus
838 512 80 47 &
854 512 144 47 fratres

208 557 153 50 eius,
310 557 187 50 Carolus
446 557 170 50 magnus
565 557 85 50 /
599 557 238 50 Godofridus
768 557 221 50 Bullonensis

210 601 79 48 &
242 601 174 48 fratres
369 601 127 48 eius
448 601 238 48 commendandi
638 601 79 48 &
670 601 222 48 extollendi
844 601 143 48 sunt.
940 601 95 48 In

216 646 114 50 hoc
281 646 244 50 Ferdinandum
476 646 195 50 inclytum
622 646 244 50 Hispaniarum
816 646 146 50 Regem
898 646 97 50 lau-

210 690 114 61 do:
275 690 114 61 qui
340 690 98 61 in
389 690 163 61 sudore
503 690 147 61 belli
601 690 244 61 Mahumetanos
796 690 81 61 a
829 690 147 61 Regno
911 690 81 61 Gra

205 738 85 48 na
247 738 99 48 tae
304 738 170 48 expulit.
431 738 85 48 In
474 738 127 48 super
559 738 127 48 illud
644 738 99 48 est
701 738 170 48 honestum
828 738 71 48 &
842 738 156 48 laudandum

210 786 121 45 quod
286 786 76 45 a
316 786 273 45 prudentissimis
543 786 136 45 legum
634 786 197 45 latoribus
786 786 106 45 est
831 786 167 45 ordinatum

217 824 73 52 &
247 824 102 52 pro
305 824 102 52 quo
363 824 146 52 magnum
465 824 175 52 praemium
596 824 102 52 est
654 824 233 52 constitutum.
843 824 131 52 talis
916 824 73 52 au-

215 870 98 61 tem
271 870 98 61 est
327 870 154 61 militia
440 870 84 61 in
482 870 140 61 bello.
580 870 154 61 igitur.
692 870 126 61 minor
776 870 140 61 patet:
875 870 112 61 quia
931 870 70 61 tam

219 912 77 49 in
258 912 193 49 testamentis
412 912 167 49 condendis
541 912 103 49 quam
606 912 77 49 in
644 912 142 49 peculio
747 912 180 49 castrensi,
889 912 103 49 quam
940 912 52 49 in

214 961 145 39 multis
315 961 130 39 aliis
402 961 159 39 milites
517 961 72 39 a
546 961 116 39 iure
619 961 174 39 Caesareo
749 961 116 39 sunt
807 961 188 39 priuilegia-

210 1002 106 56 ti:
270 1002 75 56 &
300 1002 136 56 filii
391 1002 136 56 eorum
481 1002 106 56 qui
542 1002 196 56 moriuntur
692 1002 90 56 in
738 1002 136 56 bello
828 1002 106 56 pro
873 1002 121 56 patria

211 1045 138 49 sunt
297 1045 104 49 ex
349 1045 225 49 republica
522 1045 190 49 alendi:
660 1045 104 49 vt
712 1045 242 49 Hippodamus
885 1045 104 49 Mile

210 1089 118 45 sius
284 1089 222 45 Euriphontis
462 1089 148 45 filius
565 1089 163 45 docuit:
683 1089 133 45 teste
772 1089 148 45 Arist.
876 1089 104 45 ii.
920 1089 74 45 Po-

211 1134 211 50 liticorum.
377 1134 105 50 vi.
437 1134 75 50 &
467 1134 90 50 in
512 1134 136 50 eodem
602 1134 151 50 capite
708 1134 151 50 Arist.
813 1134 105 50 hoc
858 1134 136 50 asserit

216 1180 112 50 non
280 1180 128 50 esse
360 1180 160 50 nouum:
473 1180 112 50 cum
537 1180 128 50 apud
617 1180 176 50 Athenas
745 1180 80 50 &
777 1180 144 50 alias
858 1180 128 50 ciuita

216 1228 105 46 tes
276 1228 105 46 hoc
336 1228 105 46 pro
396 1228 120 46 lege
471 1228 180 46 sancitum
606 1228 120 46 sit.
682 1228 90 46 Et
727 1228 165 46 diuinus
847 1228 135 46 poeta
922 1228 75 46 dat

216 1268 112 53 eis
280 1268 144 53 locum
376 1268 208 53 eminentem
536 1268 96 53 in
584 1268 176 53 Elysiis
712 1268 176 53 campis.
840 1268 112 53 vi.
888 1268 112 53 Aenei

214 1311 138 58 dos,
300 1311 225 58 inquiens.
473 1311 121 58 Hic
542 1311 155 58 manus
646 1311 104 58 ob
697 1311 190 58 patriam
818 1311 173 58 pugnando

217 1358 153 47 vulnera
328 1358 139 47 passi.
425 1358 180 47 Praeterea
564 1358 139 47 Lucae.
661 1358 111 47 iii.
730 1358 194 47 petentibus
869 1358 125 47 militi-

217 1401 119 48 bus
285 1401 187 48 quomodo
421 1401 272 48 saluarentur,
641 1401 221 48 respondit
811 1401 187 48 loannes
930 1401 68 48 Ba

220 1444 155 53 ptista.
333 1444 155 53 Neminem
445 1444 225 53 concutiatis:
628 1444 127 53 neque
713 1444 183 53 calunniam
839 1444 155 53 faciatis:

211 1493 72 50 &
239 1493 173 50 contenti
369 1493 144 50 estote
470 1493 202 50 stipendiis
628 1493 173 50 vestris.
758 1493 144 50 Docuit
844 1493 144 50 militiam

210 1537 252 52 admittendam:
415 1537 110 52 duo
478 1537 220 52 prohibens:
651 1537 189 52 scilicet
792 1537 189 52 pauperum
918 1537 79 52 op-

203 1582 236 53 pressionem,
392 1582 79 53 &
424 1582 205 53 calumniam
581 1582 205 53 diuitibus
739 1582 236 53 intentandam
912 1582 79 53 pro

218 1623 213 52 acquirendis
388 1623 128 52 eorum
473 1623 170 52 diuitiis
601 1623 170 52 iniuste.
728 1623 85 52 Ac
771 1623 85 52 si
814 1623 170 52 diceret.
927 1623 71 52 er-

216 1665 89 57 ga
261 1665 162 57 miseros
379 1665 89 57 in
423 1665 133 57 bello
511 1665 133 57 sitis
600 1665 251 57 misericordes:
806 1665 103 57 nec
865 1665 133 57 sitis
939 1665 59 57 im

220 1714 138 49 manes
312 1714 77 49 &
342 1714 168 49 molesti
465 1714 199 49 diuitibus
618 1714 92 49 in
664 1714 153 49 quorum
771 1714 168 49 domibus
878 1714 107 49 esti:

226 1755 102 48 vel
285 1755 102 48 cum
343 1755 146 48 quibus
446 1755 248 48 conuersamini.
650 1755 73 48 &
679 1755 132 48 sitis
767 1755 175 48 contenti
884 1755 117 48 stipen

215 1800 115 46 diis
287 1800 173 46 vestris.
417 1800 115 46 ldem
489 1800 130 46 dicit
575 1800 188 46 Augustinu
720 1800 87 46 ad
763 1800 202 46 Bonifacium
907 1800 87 46 comi

217 1847 114 44 tem.
288 1847 114 44 Noli
359 1847 171 44 (inquit)
487 1847 199 44 existimare
644 1847 156 44 neminem
757 1847 100 44 deo
814 1847 156 44 placere
914 1847 71 44 pos

208 1887 85 48 se
250 1887 99 48 qui
307 1887 127 48 armis
392 1887 170 48 bellicis
519 1887 198 48 ministrat.
675 1887 113 48 quid
746 1887 113 48 enim
817 1887 170 48 culpatur
944 1887 85 48 in

203 1932 160 51 bello?
315 1932 96 51 an
363 1932 128 51 quia
442 1932 192 51 morimur:
586 1932 112 51 qui
650 1932 144 51 uando
746 1932 192 51 morituri
873 1932 112 51 sumus

206 1982 96 46 vt
254 1982 224 46 deueniatur
430 1982 96 46 ad
478 1982 160 46 pacem?
590 1982 112 46 hoc
653 1982 272 46 repraehendere
861 1982 128 46 timido

202 2022 100 47 rum
259 2022 100 47 est
316 2022 100 47 non
374 2022 244 47 religiosorum.
575 2022 115 47 ldem
647 2022 144 47 dicit.
747 2022 129 47 xxii.
833 2022 144 47 contra
919 2022 72 47 Fau

217 2066 137 63 stum.
308 2066 167 63 capite.
429 2066 182 63 lxxiiii.
566 2066 91 63 Et
612 2066 137 63 Cato,
703 2066 137 63 Pugna
794 2066 182 63 (inquit)
915 2066 76 63 pro

222 2112 163 49 patria.
341 2112 178 49 Postremo
474 2112 163 49 ratione
592 2112 222 49 ostenditur:
770 2112 89 49 si
814 2112 89 49 no
859 2112 133 49 esset
933 2112 59 49 mi

209 2156 202 50 litandum
361 2156 101 50 in
412 2156 152 50 bello
513 2156 152 50 iusto
614 2156 236 50 defendendo
783 2156 202 50 innocentes

212 2200 122 51 nulla
294 2200 136 51 posset
389 2200 149 51 seruari
497 2200 176 51 iustitia:
633 2200 109 51 quae
701 2200 95 51 est
755 2200 163 51 virtutum
864 2200 122 51 praecla

206 2246 160 48 rissima.
326 2246 80 48 v.
366 2246 147 48 Ethico.
473 2246 80 48 i.
513 2246 134 48 Potest
607 2246 120 48 autem
687 2246 147 48 seruari
794 2246 94 48 cum
847 2246 134 48 bello:
941 2246 80 48 in

208 2286 96 52 quo
263 2286 137 52 iterum
359 2286 96 52 est
414 2286 137 52 virtus
509 2286 192 52 cardinalis
660 2286 192 52 praeclara:
810 2286 164 52 scilicet
920 2286 68 52 for

213 2335 145 49 titudo
315 2335 102 49 cum
373 2335 174 49 militari
504 2335 203 49 prudentia.
663 2335 160 49 Militia
779 2335 131 49 etiam
866 2335 102 49 est
910 2335 87 49 sola

199 2376 100 47 ars
256 2376 100 47 cui
313 2376 199 47 saeculares
469 2376 156 47 nobiles
583 2376 142 47 inniti
682 2376 171 47 possunt:
810 2376 71 47 &
839 2376 142 47 quamto
924 2376 71 47 ani

208 2422 207 46 mosiores
363 2422 86 46 &
398 2422 155 46 magis
501 2422 225 46 magnanimi
674 2422 155 46 sunt:
778 2422 155 46 tanto
864 2422 121 46 ampli

213 2466 131 54 circa
301 2466 174 54 militiam
431 2466 174 54 insudant
562 2466 73 54 &
591 2466 73 54 a
620 2466 218 54 prudentibus
779 2466 218 54 commendantur.

216 2509 129 48 Dico
296 2509 97 48 sa
345 2509 258 48 prudentibus)
554 2509 129 48 quia
635 2509 193 48 ignobile
780 2509 161 48 vulgus
876 2509 113 48 solos

219 2555 135 49 rerum
309 2555 210 49 publicarum
474 2555 180 49 raptores
610 2555 165 49 effert:
730 2555 150 49 quorum
835 2555 150 49 animae
925 2555 60 49 se

229 2596 196 51 peliuntur
380 2596 90 51 in
425 2596 136 51 orco.
515 2596 196 51 Prudentes
666 2596 136 51 autem
757 2596 136 51 turpe
832 2596 166 51 iudicant:

221 2645 147 52 summa
319 2645 196 52 auaritia
466 2645 180 52 aliorum
596 2645 212 52 surripere
759 2645 196 52 dominia.
890 2645 98 52 Sci-

227 2690 94 55 te.
280 2690 107 55 iii.
347 2690 120 55 offi.
427 2690 134 55 Marcus
521 2690 147 55 Tullius
628 2690 161 55 Caesarem
748 2690 214 55 repraehendit
909 2690 80 55 quod

219 2733 153 54 semper
326 2733 168 54 haberet
448 2733 92 54 in
493 2733 107 54 ore
554 2733 168 54 graecos
677 2733 153 54 versus
783 2733 198 54 Euripidis
936 2733 92 54 in

1055 323 251 58 Phoenissis.
1256 323 117 58 Nam
1323 323 101 58 si
1374 323 218 58 violandum
1541 323 117 58 est
1608 323 134 58 ius,
1675 323 168 58 regnandi

1056 382 150 53 gratia
1161 382 195 53 violandum
1311 382 120 53 est.
1386 382 135 53 aliis
1475 382 90 53 in
1520 382 135 53 rebus
1610 382 165 53 pietate
1715 382 120 53 colas.

1059 427 131 50 certe
1147 427 131 50 istud
1235 427 117 50 erat
1308 427 190 50 insensate
1454 427 161 50 dictum.
1599 427 161 50 Secunda
1702 427 131 50 conclu-

1059 467 104 52 sio
1119 467 134 52 patet
1208 467 104 52 Nam
1267 467 149 52 hostis
1371 467 134 52 tenet
1460 467 178 52 alienum:
1594 467 104 52 nec
1654 467 119 52 vult
1713 467 119 52 ratio-

1060 516 90 45 ni
1105 516 226 45 acquiescere
1286 516 136 45 ipsum
1377 516 241 45 restituendo:
1573 516 106 45 nec
1633 516 106 45 est
1678 516 151 45 superior

1054 557 87 61 in
1097 557 232 61 temporalibus
1286 557 87 61 ad
1329 557 116 61 quem
1402 557 145 61 possit
1503 557 145 61 haberi
1605 557 189 61 recursus.
1735 557 87 61 Prae

1057 609 138 43 terea
1149 609 153 43 sortes
1256 609 153 43 potest
1363 609 199 43 resistere
1516 609 168 43 latroni
1638 609 92 43 in
1684 609 153 43 nemore
1776 609 61 43 ne

1057 651 98 44 res
1113 651 112 44 suas
1183 651 153 44 tollat:
1294 651 70 44 &
1322 651 153 44 ablatas
1434 651 139 44 potest
1531 651 153 44 studere
1643 651 195 44 recuperare
1782 651 56 44 ne

1054 694 97 51 res
1109 694 124 51 illae
1192 694 152 51 pereant
1303 694 110 51 quae
1372 694 110 51 alia
1441 694 97 51 via
1496 694 138 51 haberi
1593 694 97 51 non
1648 694 166 51 possunt.
1772 694 97 51 sed

1051 736 147 61 simile
1154 736 103 61 est
1213 736 88 61 in
1257 736 191 61 proposito
1404 736 161 61 nostro.
1521 736 88 61 Si
1565 736 147 61 namque
1668 736 161 61 Polonus
1771 736 73 61 res

1057 780 183 59 Pannonum
1194 780 152 59 aufert
1300 780 122 59 quas
1376 780 107 59 non
1437 780 122 59 vult
1513 780 213 59 restituere
1681 780 152 59 fauore
1772 780 76 59 vel

1069 824 180 48 precibus:
1208 824 180 48 pannonius
1347 824 139 48 potest
1444 824 139 48 bellum
1541 824 166 48 indicere
1666 824 97 48 pro
1721 824 97 48 his
1763 824 69 48 re-

1054 875 104 54 bus
1113 875 104 54 vel
1173 875 281 54 aequiualentibus
1409 875 251 54 recuperandis.
1616 875 177 54 alioquin
1734 875 104 54 esset

1047 909 184 51 inutilis
1185 909 107 51 rex
1246 909 92 51 in
1292 909 215 51 republica.
1491 909 153 51 Tertia
1599 909 199 51 conclusio
1737 909 107 51 satis

1053 955 89 55 est
1104 955 165 55 perspicua
1231 955 89 55 cum
1281 955 101 55 dent
1345 955 127 55 operam
1433 955 152 55 scienter
1547 955 89 55 rei
1598 955 177 55 illicitae.
1750 955 76 55 Quar

1051 1007 85 42 ta
1093 1007 183 42 conclusio
1234 1007 183 42 probatur.
1375 1007 155 42 spectat
1488 1007 85 42 ad
1530 1007 99 42 eos
1586 1007 183 42 supponere
1727 1007 113 42 quod
1784 1007 56 42 ma

1058 1046 128 44 iores
1143 1046 128 44 regni
1228 1046 184 44 indaginem
1370 1046 170 44 fecerunt
1498 1046 85 44 an
1540 1046 142 44 bellum
1639 1046 99 44 sit
1696 1046 142 44 iustum
1781 1046 57 44 an

1055 1089 188 47 iniustum:
1199 1089 101 47 nec
1257 1089 144 47 debent
1358 1089 202 47 vlteriorem
1516 1089 144 47 facere
1603 1089 231 47 explorationems

1060 1134 113 51 immo
1131 1134 212 51 imprudenter
1300 1134 184 51 facerent.
1442 1134 85 51 Et
1484 1134 226 51 confirmatur,
1668 1134 141 51 quando
1753 1134 85 51 infe

1057 1180 116 54 rior
1129 1180 159 54 dubitat
1244 1180 87 54 de
1288 1180 130 54 causa
1375 1180 202 54 superioris
1533 1180 145 54 ciuili
1635 1180 101 54 vel
1678 1180 159 54 criminali

1054 1220 92 48 in
1100 1220 153 48 vltimo
1206 1220 214 48 supplicio:
1374 1220 137 48 debet
1466 1220 153 48 exequi
1572 1220 183 48 mandatum
1694 1220 153 48 superio-

1051 1266 112 59 ris:
1121 1266 167 59 alioquin
1246 1266 167 59 lictoris
1372 1266 112 59 erit
1442 1266 139 59 facere
1539 1266 126 59 nouam
1623 1266 195 59 indaginem:
1762 1266 84 59 quod

1051 1318 157 48 penitus
1165 1318 100 48 est
1222 1318 185 48 absurdum.
1364 1318 171 48 alioquin
1492 1318 100 48 non
1549 1318 114 48 erit
1620 1318 128 48 finis
1706 1318 114 48 rei:
1763 1318 71 48 nec

1052 1363 160 51 inferior
1171 1363 133 51 debite
1265 1363 146 51 obedit.
1371 1363 120 51 Dixii
1451 1363 133 51 quando
1544 1363 160 51 dubitat)
1664 1363 106 51 quia
1731 1363 80 51 si
1757 1363 80 51 infe

1052 1406 112 46 rior
1122 1406 140 46 sciret
1220 1406 140 46 bellum
1319 1406 112 46 esse
1389 1406 182 46 iniustum:
1529 1406 140 46 parere
1627 1406 98 46 non
1684 1406 140 46 debet:
1768 1406 70 46 iam

1050 1447 116 47 enim
1123 1447 174 47 parendum
1254 1447 102 47 est
1312 1447 102 47 deo
1370 1447 174 47 relictis
1501 1447 203 47 hominibus.
1661 1447 116 47 vnde
1719 1447 116 47 Beatus

1062 1492 131 48 Augu
1144 1492 164 48 contra
1259 1492 230 48 Manicheos.
1439 1492 115 48 Vir
1505 1492 131 48 ergo
1587 1492 164 48 iustus
1702 1492 99 48 si
1735 1492 115 48 forte

1054 1533 95 55 sub
1109 1533 108 55 rege
1176 1533 122 55 etiam
1257 1533 135 55 homine
1352 1533 176 55 sacrilego
1487 1533 162 55 militet:
1608 1533 122 55 recte
1689 1533 135 55 potest
1770 1533 68 55 il-

1054 1573 86 50 lo
1097 1573 158 50 iubente
1212 1573 172 50 bellare:
1341 1573 86 50 si
1384 1573 115 50 vice
1456 1573 129 50 pacis
1542 1573 158 50 ordinem
1656 1573 158 50 seruans
1757 1573 86 50 quod

1055 1621 109 47 sibi
1123 1621 150 47 iubetur
1232 1621 95 47 vel
1287 1621 95 47 non
1341 1621 95 47 est
1395 1621 136 47 contra
1490 1621 95 47 dei
1545 1621 190 47 praeceptum
1694 1621 150 47 faciat.
1790 1621 54 47 Li

1058 1666 95 49 cet
1113 1666 109 49 enim
1181 1666 163 49 superior
1303 1666 136 49 peccet
1398 1666 231 49 praecipiendo:
1588 1666 136 49 quando
1683 1666 95 49 non
1724 1666 122 49 constat

1057 1709 87 51 de
1101 1709 174 51 opposito
1232 1709 116 51 ipsi
1304 1709 189 51 inferiori
1449 1709 73 51 /
1478 1709 174 51 inferior
1609 1709 145 51 parens
1710 1709 102 51 non
1754 1709 87 51 pec-

1063 1760 109 45 cat.
1131 1760 109 45 Quod
1199 1760 122 45 patet
1281 1760 82 45 de
1322 1760 191 45 iureiuram.
1472 1760 191 45 Debitores.
1621 1760 82 45 &.
1662 1760 109 45 xix.
1717 1760 122 45 distin.

1056 1797 87 49 In
1100 1797 174 49 memoria.
1231 1797 102 49 Nec
1289 1797 116 49 isti
1361 1797 174 49 tenentur
1492 1797 203 49 restituere
1652 1797 145 49 ablata
1739 1797 87 49 nisi

1049 1846 175 51 constet
1176 1846 111 51 eis
1240 1846 159 51 postea
1351 1846 159 51 bellum
1462 1846 159 51 fuisse
1574 1846 207 51 iniustum.
1717 1846 127 51 Secun-

1050 1887 92 58 da
1096 1887 123 58 pars
1172 1887 245 58 conclusionis
1371 1887 123 58 paet
1448 1887 92 58 de
1494 1887 107 58 non
1555 1887 199 58 subditis:
1708 1887 107 58 cum
1754 1887 92 58 enim

1056 1934 208 45 obedientia
1220 1934 104 45 non
1279 1934 104 45 sit
1339 1934 104 45 pro
1398 1934 104 45 eis
1458 1934 134 45 sicut
1547 1934 104 45 pro
1606 1934 178 45 subditis
1740 1934 104 45 qui
1785 1934 59 45 pa

1048 1977 121 45 rere
1123 1977 151 45 habent
1229 1977 256 45 superioribus:
1440 1977 106 45 non
1500 1977 151 45 debent
1606 1977 151 45 iuuare
1696 1977 136 45 aliquen

1057 2021 90 49 in
1102 2021 120 49 casu
1177 2021 181 49 ancipiti
1313 2021 90 49 in
1358 2021 181 49 alterius
1494 2021 151 49 partis
1599 2021 211 49 perniciem.
1750 2021 90 49 Vnde

1057 2070 197 50 Ambrosius
1208 2070 91 50 in
1254 2070 121 50 lib.
1329 2070 91 50 de
1375 2070 197 50 officiis.
1526 2070 91 50 Si
1572 2070 106 50 non
1632 2070 151 50 potest
1723 2070 121 50 alicui

1046 2115 206 45 subueniri
1205 2115 127 45 quin
1284 2115 190 45 grauetur
1426 2115 158 45 alter:
1537 2115 206 45 commodius
1695 2115 111 45 est
1743 2115 95 45 neu-

1048 2156 138 55 trum
1134 2156 173 55 iuuari
1255 2156 208 55 grauando
1411 2156 208 55 alterum.
1602 2156 173 55 Quinta
1706 2156 138 55 conclu

1053 2198 109 54 sio
1116 2198 109 54 est
1178 2198 203 54 manifesta
1335 2198 172 54 dummodo
1460 2198 156 54 bellum
1569 2198 109 54 sit
1632 2198 188 54 indictum
1757 2198 78 54 pro

1050 2247 247 45 rationabili
1247 2247 148 45 causa
1346 2247 99 45 ab
1396 2247 181 45 habente
1528 2247 247 45 potestatem:
1726 2247 82 45 &
1742 2247 99 45 mode

1049 2286 133 53 rate
1132 2286 216 53 auferatur
1298 2286 199 53 secundum
1448 2286 232 53 exigentiam
1630 2286 182 53 culpae:
1746 2286 83 53 hoc

1055 2333 121 63 est
1124 2333 208 63 secundum
1280 2333 243 63 exigentiam
1471 2333 156 63 rerum
1575 2333 225 63 ablatarum
1748 2333 87 63 &
1766 2333 69 63 ex

1066 2377 185 60 pensarum
1205 2377 108 60 pro
1266 2377 139 60 ipsis
1359 2377 263 60 recuperandis.
1575 2377 108 60 fit
1637 2377 139 60 tamen
1714 2377 124 60 inter-

1055 2423 115 53 dum
1120 2423 180 53 ablatio
1251 2423 229 53 intentione
1431 2423 213 53 deprauata
1595 2423 98 53 ob
1644 2423 164 53 inanem
1743 2423 98 53 glo-

1059 2464 130 51 tiam
1140 2464 114 51 vel
1205 2464 228 51 huiusmodi.
1384 2464 163 51 Secuns
1498 2464 114 51 est
1563 2464 114 51 vbi
1628 2464 163 51 bellum
1726 2464 114 51 esset

1059 2508 183 52 iniustum
1196 2508 92 52 ex
1242 2508 137 52 parte
1333 2508 229 52 superioris:
1517 2508 107 52 vel
1578 2508 137 52 esset
1669 2508 137 52 causa
1745 2508 92 52 iniu

1054 2553 96 58 sta
1095 2553 151 58 bellandi-

1098 2622 234 75 Contra
1262 2622 234 75 primam
1425 2622 374 75 conclusionem
1706 2622 140 75 argu

1056 2690 154 44 mentor
1163 2690 185 44 probando
1302 2690 123 44 quod
1379 2690 108 44 non
1440 2690 154 44 liceat
1548 2690 185 44 bellare.
1671 2690 169 44 scribitur

1041 2729 149 63 Matth.
1145 2729 89 63 v.
1190 2729 89 63 Si
1235 2729 119 63 quis
1309 2729 89 63 te
1354 2729 223 63 percusserit
1532 2729 89 63 in
1577 2729 179 63 dexteram
1696 2729 149 63 maxillam
