2311 3319
426 319 105 55 tuam
491 319 131 55 praebe
583 319 105 55 illi
649 319 66 55 &
675 319 157 55 alteram.
793 319 66 55 &
820 319 131 55 Matth.
911 319 118 55 xxvi.
990 319 157 55 Christus
1095 319 92 55 dicii

427 374 144 51 Petro.
527 374 173 51 Converte
657 374 158 51 gladium
772 374 115 51 tuum
844 374 86 51 in
887 374 173 51 vaginam.
1016 374 72 51 &
1045 374 144 51 Matth.
1131 374 58 51 xi

427 416 92 46 Si
473 416 107 46 vos
534 416 215 46 persequuti
703 416 169 46 fuerint
825 416 92 46 in
871 416 107 46 vna
932 416 199 46 ciuitate,
1070 416 123 46 fugite

420 458 89 46 in
465 458 148 46 aliam.
568 458 163 46 exemplo
687 458 148 46 ipsius
790 458 163 46 Curisti
909 458 104 46 qui
968 458 133 46 fugit
1057 458 89 46 ab
1086 458 104 46 Hero-

428 504 91 47 de.
480 504 129 47 Matth.
570 504 91 47 ii.
622 504 91 47 cum
674 504 168 47 resistere
804 504 155 47 poterat.
920 504 65 47 &
946 504 91 47 Io.
998 504 129 47 xviii.
1075 504 117 47 respon-

430 547 108 47 dit
491 547 169 47 Pilato.
614 547 154 47 Regnum
722 547 123 47 meum
799 547 108 47 non
860 547 108 47 est
922 547 92 47 de
968 547 108 47 hoc
1030 547 154 47 mundo.
1122 547 77 47 Mul

419 594 101 54 tae
476 594 145 54 quoque
578 594 159 54 similes
693 594 231 54 auctoritates
881 594 188 54 introduci
1026 594 173 54 possunt:
1141 594 58 54 pa

419 635 125 49 riter
502 635 69 49 &
530 635 125 49 gesta
613 635 180 49 martyrum:
752 635 97 49 qui
808 635 180 49 resistere
946 635 166 49 poterant
1057 635 139 49 tyrannis

429 682 176 54 mediate
557 682 112 54 vel
621 682 224 54 immediate:
797 682 112 54 qui
860 682 112 54 hoc
924 682 160 54 minime
1020 682 176 54 fecerunt.

428 725 76 56 â‹
458 725 243 56 Respondetur.
656 725 273 56 circumstantiae
883 725 243 56 scripturarum
1081 725 76 56 &
1096 725 106 56 gesta

424 770 276 55 probatissimorum
656 770 160 55 virorum
772 770 189 55 illuminat
917 770 232 55 intellectum.
1091 770 102 55 lIpse

428 821 137 42 namque
524 821 165 42 Christus
648 821 96 42 non
702 821 165 42 impleuit
826 821 123 42 ista:
908 821 96 42 nec
963 821 178 42 apostoli,
1086 821 110 42 secun-

423 858 107 51 dum
484 858 137 51 sonum
575 858 198 51 verborum.
728 858 198 51 propterea
881 858 168 51 negatur
1003 858 122 51 quod
1064 858 122 51 primum

415 903 99 48 sit
472 903 85 48 de
514 903 199 48 praecepto.
670 903 114 48 vult
741 903 114 48 enim
813 903 170 48 Christus
940 903 99 48 per
997 903 128 48 illud
1068 903 128 48 suadere

410 952 181 51 patientia
549 952 195 51 interiorem
703 952 139 51 animi.
800 952 84 51 vt
842 952 181 51 Augustinu
981 952 125 51 dicit
1065 952 84 51 in
1093 952 97 51 sermo

423 988 87 52 ne
467 988 87 52 de
511 988 131 52 puero
598 988 233 52 Centurionis.
788 988 73 52 &
817 988 190 52 expresse.
963 988 117 52 xii.
1036 988 146 52 contra
1123 988 73 52 Fau

417 1036 134 48 stum.
506 1036 119 48 cap.
580 1036 148 48 lxxvi.
684 1036 104 48 Nam
744 1036 104 48 dum
803 1036 237 48 percuteretur
996 1036 178 48 Christus
1115 1036 74 48 lo-

410 1079 162 52 xviii.
523 1079 226 52 respondit.
701 1079 97 52 Si
749 1079 129 52 male
830 1079 194 52 loquutus
976 1079 129 52 sum:
1040 1079 162 52 testimo-

424 1125 112 47 nium
494 1125 154 47 perhibe
606 1125 84 47 de
649 1125 126 47 malo:
733 1125 84 47 si
775 1125 126 47 autem
859 1125 112 47 bene
929 1125 112 47 quid
999 1125 84 47 me
1042 1125 154 47 caedis?
1140 1125 56 47 er

415 1168 86 55 go
458 1168 101 55 non
515 1168 172 55 praebuit
644 1168 158 55 alteram
759 1168 187 55 maxillam.
903 1168 172 55 Possumus
1032 1168 144 55 itaque
1118 1168 72 55 hoc

412 1214 156 53 exemplo
525 1214 199 53 cognoscere
682 1214 114 53 quod
753 1214 99 53 non
810 1214 99 53 est
866 1214 85 53 de
909 1214 185 53 praecepto
1051 1214 99 53 non
1094 1214 99 53 reper

411 1257 170 47 cutere.
534 1257 154 47 Beatus
642 1257 154 47 Paulus
750 1257 170 47 Actuum.
874 1257 154 47 xxiii.
982 1257 201 47 Percussus
1121 1257 62 47 re

420 1301 169 47 spondit
542 1301 184 47 principi
680 1301 230 47 sacerdotum.
865 1301 199 47 Percutiet
1018 1301 92 47 te
1064 1301 123 47 deus
1125 1301 77 47 pa-

417 1348 122 46 ries
493 1348 199 46 dealbate.
646 1348 92 46 Et
692 1348 92 46 tu
738 1348 153 46 sedens
845 1348 168 46 iudicas
967 1348 92 46 me
1013 1348 183 46 secundum
1135 1348 61 46 le

428 1391 122 54 gem:
504 1391 77 54 &
535 1391 153 54 contra
642 1391 138 54 legem
734 1391 138 54 iubes
826 1391 92 54 me
872 1391 184 54 percuti.
1009 1391 138 54 Illud
1086 1391 107 54 autem

412 1434 148 49 Matth.
516 1434 133 49 xxvi.
604 1434 133 49 Omnes
693 1434 104 49 qui
752 1434 207 49 acceperint
915 1434 177 49 gladium.
1048 1434 133 49 debet
1122 1434 74 49 in-

415 1480 160 48 telligi
532 1480 131 48 extra
619 1480 233 48 auctoritatem
809 1480 146 48 legis.
910 1480 87 48 Ad
954 1480 131 48 illud
1041 1480 146 48 Matth.
1129 1480 58 48 xi

413 1523 113 50 quod
484 1523 184 50 fugiendum
626 1523 99 50 est
682 1523 85 50 de
725 1523 99 50 vna
782 1523 170 50 ciuitate
909 1523 85 50 in
952 1523 142 50 aliam.
1037 1523 156 50 distinguo

412 1569 85 45 li
454 1569 113 45 enim
525 1569 99 45 sit
582 1569 213 45 persequutio
752 1569 213 45 personalis:
922 1569 199 45 conceditur
1064 1569 128 45 exemplo

410 1612 144 57 beati
506 1612 160 57 Pauli.
618 1612 176 57 Actuum.
746 1612 112 57 ix.
811 1612 208 57 fugientis
971 1612 192 57 Damasco.
1099 1612 96 57 tunc

408 1658 119 53 autem
487 1658 93 53 est
540 1658 199 53 persequutio
699 1658 185 53 personalis
845 1658 132 53 quando
937 1658 172 53 quaeritur
1070 1658 106 53 quia
1123 1658 79 53 haec

407 1702 145 58 persona
512 1702 92 58 non
565 1702 105 58 quia
631 1702 158 58 fidelis.
750 1702 79 58 Si
789 1702 92 58 sit
842 1702 198 58 persequutio
1000 1702 105 58 quia
1066 1702 158 58 fidelis:

412 1746 137 63 iterum
508 1746 192 63 distinguo.
659 1746 96 63 vel
714 1746 151 63 videtur
824 1746 110 63 fore
893 1746 124 63 vtile
975 1746 178 63 ecclesiae
1099 1746 82 63 quod

419 1792 174 52 expectet:
552 1792 67 52 &
579 1792 107 52 quod
646 1792 134 52 aliqui
739 1792 214 52 convertentur
913 1792 80 52 ad
953 1792 134 52 fidem:
1046 1792 67 52 &
1073 1792 107 52 tunc
1126 1792 67 52 non

410 1838 109 52 est
473 1838 217 52 fugiendum:
643 1838 109 52 sed
705 1838 202 52 intrepide
860 1838 124 52 mors
938 1838 217 52 toleranda:
1093 1838 93 52 exem

415 1881 100 54 plo
472 1881 201 54 Heroicorum
630 1881 172 54 martyrum
759 1881 100 54 qui
816 1881 201 54 manserunt.
974 1881 100 54 vel
1031 1881 100 54 est
1074 1881 115 54 verosi

407 1924 109 48 mile
475 1924 109 48 quod
543 1924 109 48 erit
611 1924 122 48 solum
693 1924 150 48 derisio
802 1924 122 48 fidei
883 1924 68 48 &
910 1924 136 48 nullus
1006 1924 177 48 profectus
1128 1924 68 48 ec-

414 1965 157 58 clesiae:
532 1965 66 58 &
558 1965 105 58 tunc
624 1965 131 58 dandus
715 1965 92 58 est
768 1965 118 58 locus
846 1965 118 58 irae.
925 1965 118 58 sicut
1004 1965 105 58 nunc
1056 1965 131 58 continge

406 2018 92 51 re
452 2018 153 51 potest
559 2018 184 51 interdum
697 2018 138 51 inter
789 2018 245 51 Mahumetanos:
988 2018 107 51 non
1049 2018 123 51 enim
1110 2018 92 51 sunt

415 2055 231 60 proijciendae
602 2055 202 60 margaritae
760 2055 130 60 inter
847 2055 158 60 porcos.
962 2055 144 60 Matth.
1049 2055 86 60 vii.

418 2108 107 97 â‹
460 2108 235 97 Secundo
631 2108 363 97 principaliter
909 2108 278 97 argumentor.

409 2186 121 51 homo
484 2186 90 51 in
530 2186 121 51 acie
605 2186 136 51 belli
695 2186 136 51 iusti
786 2186 151 51 videns
891 2186 90 51 se
937 2186 121 51 esse
997 2186 181 51 occidendum

411 2235 88 50 si
455 2235 147 50 maneat
559 2235 118 50 erit
632 2235 133 50 causa
721 2235 118 50 suae
795 2235 162 50 mortis.
913 2235 118 50 ergo
986 2235 118 50 tunc
1045 2235 133 50 bellari

406 2283 101 52 non
463 2283 101 52 est
521 2283 217 52 meritorium:
694 2283 101 52 cum
752 2283 115 52 homo
824 2283 173 52 teneatur
954 2283 202 52 succurrere
1098 2283 87 52 suae

410 2322 144 60 vitae.
510 2322 72 60 â‹
539 2322 158 60 Insuper
654 2322 187 60 fortitudo
798 2322 187 60 militaris
942 2322 101 60 est
1000 2322 130 60 solum
1072 2322 115 60 forti-

414 2368 120 48 tudo
489 2368 194 48 simulata,
638 2368 75 48 &
668 2368 165 48 vitium.
788 2368 180 48 secundum
923 2368 150 48 Arist.
1027 2368 120 48 iii.
1087 2368 90 48 Ethi

414 2414 80 46 &
446 2414 143 46 tamen
541 2414 111 46 est
605 2414 175 46 habitus
732 2414 175 46 genitus
860 2414 95 46 ex
907 2414 207 46 inuasione
1067 2414 80 46 &
1083 2414 95 46 expe

411 2456 188 46 ctatione
552 2456 94 46 in
599 2456 156 46 bello.
708 2456 125 46 ergo
786 2456 203 46 fortitudo
943 2456 109 46 non
1005 2456 109 46 est
1052 2456 125 46 virtus

416 2500 79 51 â‹
448 2500 94 51 Ad
495 2500 157 51 primum
605 2500 173 51 istorum
730 2500 141 51 dico.
825 2500 110 51 vel
888 2500 126 51 homo
966 2500 94 51 in
1013 2500 126 51 acie
1076 2500 110 51 belli

417 2550 195 50 existimat
567 2550 120 50 quod
642 2550 90 50 ad
687 2550 120 50 suam
762 2550 135 50 fugam
851 2550 165 50 peribit
971 2550 225 50 respublica,
1136 2550 45 50 &

403 2591 153 47 reliqui
514 2591 181 47 exercitus
653 2591 125 47 erunt
736 2591 153 47 trepidi
848 2591 69 47 &
875 2591 167 47 territi:
1000 2591 69 47 &
1014 2591 167 47 verosimile

403 2632 100 51 est
460 2632 114 51 quod
531 2632 200 51 relinquent
688 2632 143 51 pugnam
788 2632 86 51 in
831 2632 185 51 perniciem
973 2632 228 51 reipublicae:
1144 2632 43 51 &

406 2678 110 50 tunc
475 2678 165 50 secundum
598 2678 137 50 Arist.
695 2678 110 50 iii.
763 2678 192 50 Ethicorum.
914 2678 206 50 expectandum
1079 2678 110 50 est:
1134 2678 41 50 &

399 2724 159 62 peccat
511 2724 191 62 grauiter
654 2724 239 62 aufugiendo.
845 2724 143 62 quare
940 2724 143 62 recte
1036 2724 143 62 dixit
1115 2724 64 62 Ae

1267 315 133 65 neas.
1356 315 103 65 ii.
1415 315 192 65 Aeneidos.
1562 315 221 65 Pulchrumque
1739 315 118 65 mori
1812 315 192 65 succurrit
1960 315 88 65 in
1989 315 59 65 ar

1257 373 127 56 mis.
1336 373 79 56 &
1368 373 238 56 meticulosis
1558 373 143 56 addit
1653 373 143 56 poeta
1748 373 206 56 epitheton
1891 373 143 56 (turpel

1257 417 209 52 inquiens.
1418 417 129 52 Pars
1498 417 193 52 ingentem
1643 417 209 52 formidine
1804 417 145 52 turpi
1884 417 161 52 Scandunt

1266 457 150 56 rursus
1371 457 150 56 equum.
1476 457 105 56 Per
1536 457 195 56 carentiam
1685 457 150 56 namque
1790 457 165 56 timoris
1910 457 120 56 Dido
1970 457 75 56 so-

1260 515 126 43 rori
1339 515 141 43 Annae
1433 515 173 43 probare
1558 515 126 43 nisa
1637 515 110 43 est
1700 515 157 43 Aeneam
1810 515 126 43 esse
1888 515 94 43 de
1919 515 126 43 genere

1265 551 172 52 deorum,
1390 551 172 52 dicens.
1515 551 203 52 Degeneres
1671 551 156 52 animos
1780 551 140 52 timor
1873 551 187 52 arguitu.
1998 551 47 52 &

1264 600 130 41 alibi
1350 600 174 41 dicitur.
1481 600 159 41 Audaces
1596 600 159 41 fortuna
1712 600 145 41 iuuat.
1813 600 101 41 Nam
1871 600 145 41 crebro
1973 600 101 41 au-

1267 639 131 49 dacia
1354 639 102 49 pro
1412 639 218 49 fortitudine
1586 639 203 49 vsurpatur.
1745 639 87 49 &.
1789 639 116 49 xii.
1861 639 160 49 Aeneid.
1963 639 73 49 Tui

1262 690 112 54 nus
1326 690 144 54 dixit
1422 690 209 54 luturnae.
1583 690 144 54 Terga
1679 690 144 54 dabo,
1775 690 80 54 &
1807 690 160 54 Turmum
1904 690 144 54 fugien-

1264 728 108 54 tem
1325 728 124 54 haec
1403 728 139 54 terra
1496 728 186 54 videbit:
1635 728 201 54 Vsqueadeo
1790 728 93 54 ne
1837 728 124 54 mori
1899 728 139 54 miserum

1256 773 125 51 est?
1334 773 93 51 Et
1381 773 140 51 primo
1474 773 218 51 Officiorum
1646 773 156 51 Marcus
1755 773 171 51 Tullius
1879 773 109 51 sic
1926 773 109 51 scri-

1265 817 110 49 bit.
1334 817 179 49 Vnicuique
1472 817 151 49 nostrum
1582 817 124 49 chari
1664 817 110 49 sunt
1733 817 179 49 parentes,
1871 817 124 49 chari
1940 817 96 49 libe-

1266 865 92 54 ri,
1319 865 185 54 propinqui,
1464 865 198 54 familiares:
1622 865 92 54 sed
1675 865 119 54 omnes
1754 865 132 54 omnium
1846 865 185 54 charitates
1978 865 66 54 pa-

1259 909 125 51 tria
1337 909 109 51 vna
1400 909 187 51 complexa
1540 909 125 51 est:
1618 909 109 51 pro
1680 909 109 51 qua
1743 909 125 51 quis
1821 909 140 51 bonus
1899 909 140 51 dubitet

1256 955 157 51 mortem
1366 955 188 51 oppetere
1507 955 94 51 si
1554 955 94 51 ei
1602 955 110 51 sit
1664 955 235 51 profuturus?
1853 955 126 51 Hinc
1915 955 126 51 Marcus

1261 994 184 46 Regulus
1395 994 235 46 obiectauit
1580 994 151 46 caput
1680 994 134 46 suum
1764 994 218 46 periculis
1915 994 117 46 Poeno

1260 1041 104 47 rum
1319 1041 89 47 in
1364 1041 133 47 primo
1453 1041 133 47 bello
1542 1041 163 47 punico:
1660 1041 133 47 ratum
1749 1041 148 47 habens
1853 1041 118 47 quod
1912 1041 133 47 atrocia

1269 1083 190 54 supplicia
1416 1083 102 54 non
1474 1083 190 54 euaderet.
1620 1083 73 54 &
1649 1083 88 54 in
1693 1083 102 54 hoc
1752 1083 102 54 non
1810 1083 146 54 temere
1912 1083 132 54 egit:
1986 1083 58 54 vt

1264 1129 118 52 Mar.
1338 1129 177 52 Tullius.
1471 1129 118 52 iii.
1544 1129 133 52 offi.
1633 1129 192 52 ostendit.
1780 1129 103 52 Nam
1839 1129 118 52 octo
1912 1129 133 52 milia
1986 1129 59 52 Ro

1253 1177 179 53 manorum
1383 1177 179 53 improbe
1513 1177 195 53 captorum
1659 1177 98 53 ab
1708 1177 211 53 Hamnibale
1870 1177 163 53 noluit
1968 1177 65 53 se

1261 1213 136 52 natus
1352 1213 197 52 redimere:
1503 1213 136 52 teste
1594 1213 151 52 eodem:
1699 1213 91 52 vt
1745 1213 166 52 insitum
1866 1213 136 52 esset
1941 1213 91 52 mili

1259 1263 146 48 tibus
1356 1263 178 48 Romanis
1485 1263 113 48 aut
1550 1263 162 48 vicere
1663 1263 113 48 aut
1728 1263 162 48 emori.
1841 1263 178 48 Phileni
1954 1263 81 48 duo

1256 1305 172 52 fratres
1381 1305 281 52 Carthaginenses
1616 1305 109 52 pro
1678 1305 219 52 ampliandis
1850 1305 172 52 finibus
1960 1305 78 52 rei

1258 1352 186 54 publicae:
1401 1352 86 54 se
1444 1352 129 54 viuos
1530 1352 172 54 sepeliti
1659 1352 229 54 permiserunt.
1846 1352 129 54 Timor
1917 1352 115 54 namque

1266 1401 117 50 viri
1340 1401 147 50 fortis
1442 1401 147 50 turbat
1545 1401 132 50 totam
1633 1401 147 50 aciem.
1736 1401 176 50 Quocirca
1868 1401 161 50 Lucanus
1970 1401 59 50 ex

1261 1441 137 42 cusat
1352 1441 167 42 senatum
1473 1441 121 42 quod
1549 1441 213 42 reliquerit
1716 1441 137 42 Romam
1807 1441 197 42 formidine
1944 1441 91 42 Cae-

1252 1483 165 52 saris:
1368 1483 99 52 ob
1418 1483 182 52 timorem
1550 1483 199 52 scilicet
1699 1483 182 52 Pompeii
1831 1483 165 52 Magni.
1931 1483 99 52 vnde

1254 1529 134 50 primo
1343 1529 208 50 Pharsaliae
1507 1529 104 50 sic
1566 1529 119 50 ait.
1641 1529 134 50 Danda
1730 1529 134 50 tamen
1819 1529 134 50 venia
1908 1529 104 50 est
1953 1529 89 50 tan-

1257 1577 140 51 torum
1351 1577 140 51 danda
1444 1577 187 51 pauorum:
1584 1577 156 51 Popeio
1693 1577 187 51 fugiente
1833 1577 171 51 timent.
1942 1577 93 51 Sti-

1255 1618 124 56 mulus
1338 1618 124 56 autem
1421 1618 96 56 pro
1476 1618 152 56 augenda
1586 1618 138 56 gloria
1682 1618 152 56 patriae
1793 1618 96 56 non
1848 1618 96 56 est
1889 1618 138 56 exiguus.

1251 1660 109 53 Non
1314 1660 94 53 me
1361 1660 141 53 fugit
1455 1660 125 53 quin
1533 1660 141 53 multi
1627 1660 94 53 in
1673 1660 109 53 hoc
1736 1660 219 53 exuperent:
1908 1660 109 53 sed
1955 1660 78 53 hoc

1262 1709 126 50 nihil
1346 1709 223 50 turpitudinis
1527 1709 126 50 habet
1611 1709 168 50 respectu
1737 1709 209 50 proditionis
1890 1709 140 50 patriae.

1259 1751 94 47 In
1306 1751 126 47 solo
1385 1751 126 47 enim
1464 1751 157 47 lumine
1574 1751 189 47 naturali
1715 1751 173 47 loquedo
1826 1751 204 47 expectandum

1264 1795 97 54 est
1320 1795 97 54 pro
1375 1795 195 54 defensione
1529 1795 223 54 reipublicae.
1710 1795 125 54 multo
1793 1795 139 54 itaque
1891 1795 125 54 magis
1960 1795 70 54 se-

1258 1843 154 51 cundum
1365 1843 200 51 veritatem
1519 1843 138 51 nobis
1611 1843 77 51 a
1642 1843 108 51 deo
1703 1843 200 51 reuelata:
1857 1843 108 51 cum
1903 1843 123 51 poneni

1268 1884 86 43 da
1311 1884 100 43 sit
1368 1884 115 43 vita
1440 1884 115 43 post
1511 1884 115 43 hanc
1583 1884 143 43 vitam.
1683 1884 129 43 Talis
1769 1884 129 43 autem
1855 1884 100 43 sic
1898 1884 129 43 moriens

1258 1929 104 53 est
1318 1929 134 53 causa
1407 1929 104 53 sed
1467 1929 104 53 non
1526 1929 224 53 imputabilis
1705 1929 119 53 suae
1780 1929 164 53 mortis:
1884 1929 149 53 praestat

1261 1971 116 56 enim
1333 1971 130 56 belle
1420 1971 116 56 mori
1492 1971 116 56 quam
1564 1971 174 56 turpiter
1694 1971 159 56 viuere:
1810 1971 72 56 &
1839 1971 101 56 cum
1882 1971 145 56 ingloria

1262 2015 117 53 est
1329 2015 235 53 quotidiana
1514 2015 151 53 mors,
1614 2015 201 53 aufugere
1765 2015 117 53 vbi
1815 2015 218 53 expectandum

1260 2057 116 57 est.
1333 2057 87 57 Et
1377 2057 131 57 licet
1464 2057 160 57 bellare
1580 2057 160 57 propter
1696 2057 160 57 honorem
1812 2057 102 57 vel
1870 2057 87 57 ad
1899 2057 131 57 fugien-

1259 2103 100 51 dam
1316 2103 229 51 turpitudinem
1502 2103 100 51 non
1559 2103 100 51 sit
1616 2103 129 51 actus
1701 2103 229 51 fortitudinis
1873 2103 157 51 bellicae:

1256 2149 112 57 sed
1320 2149 160 57 potius
1432 2149 304 57 magnanimitatis:
1687 2149 144 57 tamen
1783 2149 112 57 non
1847 2149 176 57 videtur
1959 2149 64 57 vi

1252 2197 112 54 tium
1322 2197 98 54 sed
1378 2197 154 54 virtus.
1491 2197 112 54 Hinc
1561 2197 84 54 vt
1603 2197 140 54 Arist.
1701 2197 112 54 iii.
1771 2197 197 54 Ethicorum.
1926 2197 84 54 ex
1954 2197 70 54 Ho-

1248 2238 128 47 mero
1328 2238 192 47 allegat.
1471 2238 160 47 Hector
1583 2238 96 47 ne
1631 2238 144 47 esset
1727 2238 207 47 inglorius
1870 2238 160 47 aufugere

1253 2282 145 49 noluit.
1358 2282 92 49 Nec
1411 2282 172 49 Diomedes.
1543 2282 106 49 iii.
1609 2282 185 49 Ethicorum.
1755 2282 119 49 viii.
1834 2282 119 49 dicit
1913 2282 106 49 enim
1966 2282 66 49 He-

1255 2325 159 61 ctor.
1361 2325 124 61 nam
1432 2325 106 61 me
1485 2325 230 61 Polydamas
1662 2325 141 61 ante
1750 2325 159 61 omnes
1839 2325 194 61 reprehen-

1248 2370 141 50 dit.
1337 2370 88 50 &
1372 2370 212 50 Diomedes
1531 2370 177 50 dicit.
1655 2370 212 50 Troianos
1814 2370 194 50 optimus
1938 2370 88 50 He-

1257 2412 132 52 ctor
1339 2412 181 52 Tytides
1470 2412 181 52 metuens
1602 2412 165 52 puppis
1717 2412 197 52 confugit
1865 2412 99 52 ad
1898 2412 132 52 altas.

1260 2457 97 51 Si
1308 2457 129 51 vero
1389 2457 129 51 homo
1469 2457 161 51 videat
1582 2457 129 51 quod
1663 2457 161 51 comode
1775 2457 193 51 recedere
1904 2457 129 51 possit

1246 2505 88 51 ab
1290 2505 117 51 acie
1363 2505 146 51 belli:
1466 2505 73 51 &
1495 2505 132 51 nihil
1583 2505 117 51 mali
1656 2505 190 51 continget
1802 2505 205 51 exercitui:
1948 2505 73 51 no-

1245 2547 97 53 lo
1293 2547 162 53 dicere
1407 2547 130 53 quod
1488 2547 195 53 perperam
1634 2547 130 53 agit
1715 2547 195 53 abeundo.
1861 2547 113 53 Vbi
1910 2547 113 53 autem

1250 2592 128 53 nulla
1335 2592 128 53 esset
1420 2592 113 53 spes
1491 2592 199 53 victoriae:
1647 2592 85 53 vt
1690 2592 113 53 quia
1760 2592 113 53 vnus
1831 2592 184 53 exercitus
1973 2592 85 53 in

1249 2642 226 49 multitudine
1430 2642 256 49 incomparabili
1641 2642 75 49 &
1671 2642 181 49 apparatu
1807 2642 166 49 bellico
1912 2642 106 49 alium

1249 2683 190 55 exuperet:
1396 2683 132 55 illic
1483 2683 132 55 stare
1571 2683 102 55 est
1629 2683 190 55 dementis:
1776 2683 117 55 lues
1849 2683 73 55 &
1863 2683 161 55 ignominia

1248 2732 238 60 reipublicae.
1441 2732 148 60 hostis
1545 2732 119 60 enim
1619 2732 104 60 sic
1679 2732 104 60 fit
1738 2732 178 60 vincendo
1857 2732 178 60 animosior.
