2310 3319
183 431 78 56 ⁋
215 431 93 56 Ad
261 431 280 56 confirmationem
494 431 93 56 de
541 431 233 56 fortitudine
727 431 202 56 militari.
867 431 109 56 Forti

196 474 119 56 tudo
271 474 194 56 militaris
420 474 149 56 potest
524 474 179 56 bifariam
658 474 164 56 accipi.
777 474 104 56 Vno
837 474 119 56 modo
896 474 75 56 pro

192 517 153 57 habitu
299 517 122 57 quem
375 517 138 57 habet
467 517 138 57 miles
558 517 183 57 pugnandi
696 517 92 57 in
742 517 138 57 bello
833 517 153 57 iusto:
925 517 46 57 &

196 561 126 59 talis
280 561 153 59 habitus
391 561 98 59 est
447 561 112 59 vera
517 561 195 59 fortitudo.
670 561 139 59 Arist.
768 561 126 59 tamen
851 561 98 59 sic
907 561 98 59 non

195 605 157 59 capit.
305 605 126 59 Alio
384 605 126 59 modo
462 605 173 59 capitur
588 605 204 59 fortitudo
745 605 204 59 militaris
886 605 79 59 pro

190 651 139 49 habitu
288 651 112 49 quem
357 651 112 49 quis
427 651 126 49 habet
511 651 167 49 potiendi
636 651 181 49 victoria:
776 651 70 49 &
804 651 98 49 non
845 651 126 49 propter

195 695 133 58 finem
284 695 177 58 honestum
417 695 103 58 sed
476 695 133 58 solum
565 695 148 58 quando
668 695 148 58 credit
772 695 89 58 se
801 695 163 58 potiturum

196 739 170 58 victoria:
327 739 66 58 &
353 739 92 58 sic
406 739 118 58 capit
484 739 197 58 philosophus
641 739 92 58 vbi
694 739 131 58 dicit.
786 739 170 58 Expectant
904 739 52 58 qu

190 783 129 49 alios
276 783 158 49 laedere
391 783 187 49 nouerunt:
535 783 101 49 sed
592 783 259 49 increbrescente
808 783 172 49 periculo
923 783 57 49 mi

195 832 124 53 lites
278 832 124 53 primo
361 832 124 53 fugam
443 832 207 53 corripiunt,
609 832 110 53 quod
678 832 165 53 declarat
802 832 96 53 per
843 832 124 53 expecta

194 871 148 57 tione
292 871 164 57 ciuium
407 871 99 57 in
457 871 164 57 Herueo
572 871 82 57 &
605 871 148 57 fugam
687 871 148 57 militum

182 918 112 78 ⁋
226 918 223 78 Tertio
383 918 335 78 argumentor.
650 918 268 78 finitimi
829 918 134 78 Bri-

192 987 134 60 tanni
281 987 119 60 sine
356 987 178 60 consensu
489 987 134 60 regum
579 987 238 60 depraedantur
772 987 104 60 tam
831 987 104 60 die
876 987 89 60 quam

199 1035 142 46 noctu:
298 1035 71 46 &
327 1035 100 46 non
384 1035 214 46 restituunt:
555 1035 71 46 &
583 1035 128 46 tamen
669 1035 114 46 tale
740 1035 142 46 bellum
840 1035 100 46 est
883 1035 85 46 iniu

197 1075 129 54 stum:
283 1075 101 54 nec
340 1075 101 54 est
398 1075 173 54 dicendum
527 1075 129 54 quod.
614 1075 101 54 xx.
671 1075 115 54 vel.
743 1075 115 54 xxx.
815 1075 129 54 milia
901 1075 101 54 ho-

193 1128 149 47 minum
293 1128 116 47 sic
359 1128 165 47 numero
474 1128 116 47 tam
540 1128 149 47 magno
640 1128 231 47 damnentur:
821 1128 116 47 cum
871 1128 99 47 raro

193 1164 254 56 restituant.
396 1164 85 56 ⁋
430 1164 271 56 Respondetur.
650 1164 203 56 interdum
802 1164 135 56 immo
870 1164 101 56 ple-

204 1210 123 46 rumque
290 1210 123 46 quando
375 1210 110 46 tamen
449 1210 86 46 est
498 1210 110 46 inter
572 1210 147 46 vtrumque
682 1210 184 46 Britannorum
829 1210 123 46 regnum
903 1210 61 46 pax

199 1255 76 54 &
229 1255 212 54 concordia,
396 1255 182 54 finitimi
532 1255 167 54 plurimi
653 1255 212 54 subtrahunt
804 1255 167 54 clanculum

195 1296 75 57 a
225 1296 90 57 se
270 1296 165 57 inuicem
390 1296 210 57 hostiliter
555 1296 150 57 noctu:
661 1296 120 57 immo
736 1296 75 57 a
766 1296 120 57 suis
841 1296 90 57 si
871 1296 90 57 con-

196 1339 140 48 modius
294 1339 154 48 possint
407 1339 112 48 quam
477 1339 84 48 ab
519 1339 182 48 hostibus.
659 1339 126 48 tales
743 1339 112 48 quia
814 1339 126 48 fures
884 1339 84 48 sunt

199 1386 75 54 &
229 1386 181 54 grauiter
365 1386 181 54 peccant:
501 1386 75 54 &
531 1386 121 54 raro
606 1386 211 54 restituunt
772 1386 121 54 immo
832 1386 136 54 ratissi

190 1440 101 46 me:
247 1440 159 46 concedo
363 1440 72 46 a
391 1440 144 46 multis
492 1440 216 46 praeteritis
665 1440 130 46 annis
752 1440 144 46 viuere
853 1440 86 46 in
882 1440 86 46 sta-

196 1475 85 54 tu
238 1475 228 54 damnationis.
423 1475 100 54 Hoc
480 1475 142 54 namque
580 1475 128 54 inter
665 1475 100 54 eos
722 1475 100 54 ita
779 1475 156 54 commune
879 1475 85 54 est:

194 1519 98 43 vt
243 1519 181 43 maiores
374 1519 82 43 &
407 1519 246 43 animosiores
604 1519 213 43 praedones
768 1519 197 43 putentur
899 1519 66 43 va

195 1562 190 56 lentiores
341 1562 131 56 viri:
429 1562 73 56 &
458 1562 87 56 in
502 1562 117 56 bona
574 1562 117 56 fama
647 1562 233 56 extollantur.
837 1562 73 56 &
866 1562 102 56 sic
910 1562 58 56 ad

193 1606 241 47 latrocinia
382 1606 241 47 animantur.
572 1606 155 47 Reges
675 1606 138 47 vero
761 1606 103 47 in
813 1606 121 47 hoc
865 1606 103 47 ambo

201 1655 201 48 omittunt:
355 1655 77 48 &
386 1655 139 48 locum
479 1655 186 48 tenentes
618 1655 201 48 principes
773 1655 139 48 multo
850 1655 124 48 magis:

204 1695 152 60 quibus
310 1695 137 60 reges
401 1695 122 60 dant
477 1695 152 60 talium
584 1695 137 60 rerum
675 1695 152 60 curam:
782 1695 106 60 sed
842 1695 122 60 suis
903 1695 61 60 ni

188 1750 110 50 mis
251 1750 220 50 indulgent:
424 1750 157 50 putant
534 1750 126 50 enim
613 1750 220 50 manutenere
785 1750 110 50 per
848 1750 110 50 hoc
895 1750 79 50 cor

189 1785 134 55 datos
279 1785 149 55 viros:
383 1785 119 55 quia
458 1785 90 55 si
502 1785 104 55 eos
562 1785 164 55 tempore
681 1785 134 55 pacis
771 1785 75 55 e
801 1785 134 55 medio
875 1785 90 55 tol-

200 1827 154 59 lerent,
312 1827 196 59 deficerent
466 1827 112 59 viri
536 1827 154 59 tempore
648 1827 140 59 belli.
746 1827 182 59 Quamobrem
886 1827 84 59 in
914 1827 56 59 pu

201 1876 166 47 nitione
322 1876 166 47 istorum
443 1876 227 47 finitimorum
624 1876 211 47 principum,
790 1876 136 47 reges
865 1876 106 47 conue

201 1923 119 49 nire
276 1923 194 49 deberent.
425 1923 104 49 Cum
485 1923 134 49 autem
574 1923 104 49 est
634 1923 149 49 bellum
738 1923 179 49 indictum
872 1923 75 49 a
887 1923 75 49 reg

194 1960 130 50 bus:
275 1960 179 50 vtraque
405 1960 130 50 pars
486 1960 146 50 habet
583 1960 211 50 consensum
746 1960 211 50 virtualem
892 1960 81 50 re-

195 2007 107 57 gum
256 2007 92 57 ad
302 2007 107 57 sua
363 2007 214 57 repetenda:
530 2007 122 57 quae
607 2007 122 57 alia
683 2007 107 57 via
744 2007 153 57 haberi
851 2007 107 57 non
897 2007 76 57 pos

187 2061 158 48 sunt.
293 2061 123 48 Sed
363 2061 140 48 vnum
451 2061 158 48 illic
556 2061 123 48 est
626 2061 228 48 summopere
784 2061 193 48 notandum:

190 2099 114 50 quod
261 2099 171 50 scilicet
389 2099 157 50 dominus
503 2099 185 50 finitimus
645 2099 128 50 primo
731 2099 171 50 frangens
845 2099 128 50 foedera

189 2150 133 47 pacis
278 2150 148 47 multum
381 2150 207 47 delinquit:
544 2150 74 47 &
574 2150 104 47 est
633 2150 133 47 causa
722 2150 133 47 longi
810 2150 133 47 belli
884 2150 89 47 futu

204 2183 80 54 ri
244 2183 173 54 propterea
376 2183 120 54 debet
456 2183 146 54 puniri:
562 2183 80 54 vt
602 2183 159 54 caeteris
722 2183 120 54 cedat
801 2183 80 54 in
828 2183 146 54 exemplum:

202 2227 75 49 &
232 2227 179 49 habeatur
366 2227 105 49 pax
426 2227 90 49 in
471 2227 209 49 republica:
635 2227 134 49 forte
725 2227 120 49 enim
800 2227 120 49 vnus
859 2227 120 49 finiti

201 2271 115 58 mus
266 2271 165 58 potens
382 2271 214 58 occasione
546 2271 148 58 parua
645 2271 132 58 data
727 2271 99 58 ab
760 2271 214 58 aduersariis

196 2316 104 49 vel
256 2316 119 49 quia
330 2316 104 49 non
390 2316 194 49 contentus
539 2316 89 49 de
584 2316 104 49 suo
643 2316 134 49 rege:
733 2316 164 49 patriam
837 2316 134 49 vicinam

202 2355 192 48 oppositam
350 2355 222 48 ingreditur:
527 2355 163 48 aliquos
646 2355 133 48 vicos
734 2355 207 48 hostiliter
882 2355 89 48 spo-

195 2403 152 46 lians:
301 2403 76 46 &
331 2403 167 46 nobiles
453 2403 182 46 oppositi
589 2403 152 46 ablata
695 2403 212 46 recuperare
847 2403 121 46 studen

201 2448 107 51 tes
262 2448 153 51 simile
369 2448 183 51 faciunt.
506 2448 122 51 Ecce
583 2448 168 51 quomodo
705 2448 199 51 plerumque
843 2448 122 51 viola-

185 2491 110 46 tur
248 2491 126 46 pax:
327 2491 79 46 &
359 2491 110 46 cum
422 2491 126 46 isti
500 2491 110 46 non
563 2491 205 46 puniuntur
721 2491 79 46 a
737 2491 236 46 superioribus:

195 2536 153 48 crebro
302 2536 122 48 haec
378 2536 198 48 attentant
530 2536 92 48 in
576 2536 168 48 bonorum
698 2536 168 48 virorum
805 2536 168 48 iacturam.

195 2582 107 48 ita
256 2582 92 48 vt
302 2582 168 48 plurimi
424 2582 183 48 finitimi
561 2582 122 48 pace
638 2582 168 48 relicta
760 2582 76 48 &
791 2582 168 48 agrorum
898 2582 76 48 cul

190 2624 100 48 tu:
247 2624 185 48 accingant
389 2624 85 48 se
432 2624 85 48 ad
475 2624 128 48 arma.
560 2624 114 48 hinc
631 2624 128 48 furta
717 2624 71 48 /
745 2624 157 48 rapinae
859 2624 71 48 /
873 2624 100 48 homi-

194 2669 148 58 cidia,
298 2669 74 58 &
327 2669 133 58 multa
416 2669 118 58 mala
490 2669 89 58 ob
535 2669 237 58 negligentiam
727 2669 133 58 regum
816 2669 74 58 &
831 2669 133 58 locorum

188 2715 223 59 tenentium
342 2715 223 59 proueniunt.

176 2753 111 83 ⁋
220 2753 222 83 Quarto
375 2753 288 83 arguitur.
597 2753 133 83 ex
664 2753 222 83 dictis
797 2753 177 83 bellum

190 2819 138 69 esset
282 2819 154 69 iustum
390 2819 108 69 vbi
451 2819 123 69 homo
528 2819 169 69 occidit
651 2819 200 69 inuasorem
805 2819 108 69 pro
851 2819 123 69 defen

1037 405 122 68 sione
1119 405 95 68 sui
1173 405 163 68 corporis
1295 405 95 68 qui
1349 405 136 68 aliter
1444 405 149 68 euadere
1552 405 95 68 non
1607 405 149 68 potest.
1702 405 108 68 conse-

1037 469 126 66 quens
1121 469 98 66 est
1177 469 154 66 falsum:
1289 469 112 66 quia
1359 469 168 66 occidens
1485 469 98 66 est
1541 469 210 66 irregularis
1695 469 112 66 saltem

1034 510 83 51 si
1076 510 111 51 fuga
1145 510 139 51 potest
1243 510 111 51 sibi
1312 510 209 51 succurrere:
1479 510 70 51 &
1507 510 236 51 irreguiaritas
1702 510 97 51 non
1757 510 83 51 in

1035 550 181 59 fligitur
1171 550 121 59 nisi
1246 550 106 59 pro
1307 550 181 59 peccato.
1443 550 75 59 ⁋
1473 550 106 59 Pro
1533 550 181 59 solutone
1654 550 166 59 argumenti

1030 607 170 45 notabis.
1158 607 114 45 quod
1229 607 128 45 licet
1314 607 142 45 aliqui
1413 607 185 45 tenuerint
1555 607 142 45 nemini
1655 607 142 45 licere
1740 607 71 45 oc-

1034 646 143 50 cidere
1134 646 186 50 inuasorem
1277 646 100 50 pro
1335 646 172 50 tuitione
1464 646 115 50 suae
1535 646 143 50 vitae,
1636 646 86 50 vt
1679 646 129 50 Hugo:
1750 646 72 50 hoc

1040 694 116 50 tamen
1117 694 90 50 non
1169 694 90 50 est
1221 694 206 50 rationabile.
1388 694 103 50 Alii
1453 694 129 50 tenent
1543 694 103 50 quod
1608 694 90 50 non
1659 694 116 50 licet
1724 694 90 50 eccle

1032 736 178 49 siastico
1166 736 104 49 vel
1225 736 208 49 religioso.
1389 736 163 49 Neutrum
1508 736 163 49 placet:
1627 736 119 49 quia
1701 736 104 49 vim
1746 736 59 49 vi

1024 774 184 57 repellere
1166 774 128 57 licet
1251 774 99 57 cum
1308 774 199 57 moderamine
1464 774 199 57 inculpatae
1620 774 170 57 tutelae.
1733 774 71 57 ft.

1033 829 83 46 de
1075 829 138 46 iusti.
1171 829 69 46 &
1199 829 111 46 iur.
1268 829 83 46 l.
1310 829 83 46 Vt
1351 829 111 46 vim.
1420 829 97 46 vbi
1475 829 124 46 dicit
1558 829 193 46 imperator:
1710 829 83 46 vt
1738 829 69 46 vim

1029 868 137 48 atque
1120 868 183 48 iniuriam
1258 868 244 48 propulsemus.
1456 868 107 48 nam
1517 868 122 48 iure
1593 868 107 48 hoc
1654 868 153 48 euenit
1746 868 61 48 vt

1032 906 113 62 quod
1102 906 155 62 quisque
1215 906 85 62 ob
1258 906 155 62 tutelam
1371 906 169 62 corporis
1498 906 99 62 sui
1554 906 169 62 fecerit:
1681 906 113 62 iure
1737 906 71 62 fe-

1027 952 132 60 cisse
1115 952 234 60 existimetur.
1306 952 102 60 Non
1364 952 132 60 valet
1452 952 146 60 glossa
1554 952 176 60 Accursii
1672 952 146 60 dicentis

1034 999 99 53 hoc
1090 999 113 53 esse
1161 999 127 53 verum
1245 999 113 53 iure
1316 999 127 53 fori:
1400 999 99 53 sed
1457 999 99 53 non
1513 999 113 53 iure
1584 999 127 53 poli.
1668 999 113 53 Dico
1739 999 70 53 &
1753 999 56 53 iu

1033 1042 81 50 re
1074 1042 108 50 fori
1142 1042 68 50 &
1169 1042 108 50 iure
1236 1042 122 50 poli.
1318 1042 176 50 probatur.
1453 1042 230 50 rationabilius
1643 1042 95 50 est
1697 1042 81 50 vt
1724 1042 81 50 vita

1030 1089 205 49 innocentis
1192 1089 176 49 saluetur
1324 1089 117 49 quam
1397 1089 176 49 nocentis
1529 1089 103 49 qui
1588 1089 176 49 inuadit.
1720 1089 73 49 &
1735 1089 73 49 or-

1029 1131 90 48 do
1074 1131 211 48 charitatis
1240 1131 226 48 suffragatur
1421 1131 121 48 quae
1496 1131 166 48 incipit
1617 1131 90 48 ab
1647 1131 151 48 habente.

1030 1175 102 50 Hoc
1089 1175 116 50 idem
1161 1175 131 50 patet
1248 1175 87 50 ad
1292 1175 116 50 leg.
1364 1175 189 50 Aquiliam.
1509 1175 102 50 Sed
1567 1175 73 50 &
1596 1175 87 50 si
1640 1175 203 50 quicumque.

1038 1217 105 52 ldem
1104 1217 92 52 est
1156 1217 79 52 ob
1196 1217 145 52 tutelam
1301 1217 119 52 rerum
1380 1217 145 52 suarum.
1486 1217 79 52 C.
1525 1217 119 52 vnde.
1604 1217 92 52 vi.
1657 1217 79 52 l.
1697 1217 79 52 i.
1723 1217 79 52 ltem

1024 1266 131 53 nisi
1105 1266 131 53 sic:
1187 1266 180 53 dabitur
1318 1266 180 53 occasio
1449 1266 212 53 maleuolis
1612 1266 147 53 bonos
1710 1266 82 53 &
1726 1266 82 53 in-

1029 1308 161 52 noxios
1142 1308 225 52 perimendi.
1319 1308 81 52 &
1351 1308 97 52 si
1399 1308 161 52 aliter
1512 1308 177 52 euadere
1641 1308 113 52 non
1689 1308 129 52 possit

1022 1354 158 50 nullam
1133 1354 300 50 irregularitatem
1385 1354 205 50 incurrit.
1543 1354 95 50 vt
1590 1354 142 50 patet
1685 1354 95 50 de
1716 1354 95 50 homi

1035 1400 144 68 cidio.
1135 1400 86 68 Si
1178 1400 187 68 furiosus.
1322 1400 101 68 in.
1379 1400 158 68 Clemen.
1494 1400 86 68 Ab
1537 1400 115 68 isto
1609 1400 129 68 autem
1695 1400 115 68 iure
1753 1400 57 68 na

1020 1443 148 50 turali
1124 1443 118 50 nuua
1197 1443 103 50 lex
1256 1443 177 50 positiua
1389 1443 118 50 nisi
1463 1443 133 50 esset
1551 1443 221 50 specialiter
1714 1443 103 50 diui-

1022 1484 94 51 na
1069 1484 187 51 excipit:
1210 1484 78 51 &
1241 1484 203 51 propterea
1397 1484 109 51 hoc
1459 1484 172 51 licitum
1584 1484 109 51 est
1646 1484 94 51 in
1677 1484 125 51 eccle-

1032 1534 115 47 sia
1097 1534 131 47 dato
1179 1534 131 47 quod
1262 1534 263 47 pollueretur:
1475 1534 131 47 quod
1557 1534 115 47 est
1623 1534 181 47 falsum:
1738 1534 82 47 cum

1038 1580 174 53 ecclesia
1169 1580 145 53 possit
1271 1580 247 53 reconciliari:
1475 1580 116 53 homo
1547 1580 131 53 autem
1635 1580 160 53 occisus
1736 1580 73 53 na-

1029 1617 178 58 turaliter
1166 1617 96 58 non
1221 1617 137 58 potest
1317 1617 178 58 restitui.
1454 1617 110 58 Quia
1523 1617 123 58 illud
1605 1617 96 58 sit
1660 1617 137 58 falsum
1742 1617 69 58 pa-

1032 1663 120 50 tet.
1107 1663 90 50 ad
1152 1663 105 50 hoc
1212 1663 90 50 vt
1258 1663 196 50 polluatur
1408 1663 211 50 requiritur
1573 1663 165 50 effusio
1679 1663 135 50 sangui-

1027 1706 100 54 nis
1084 1706 199 54 iniuriosi:
1240 1706 85 54 vt
1283 1706 157 54 notatur
1397 1706 85 54 in
1440 1706 128 54 capi.
1525 1706 142 54 vnico.
1625 1706 85 54 de
1653 1706 157 54 consecra.

1024 1760 136 49 eccle.
1119 1760 108 49 lib.
1187 1760 95 49 vi.
1241 1760 81 49 Et
1282 1760 122 49 istud
1363 1760 95 49 est
1418 1760 149 49 licitum
1526 1760 190 49 celebranti
1675 1760 81 49 si
1703 1760 108 49 inuada

1037 1795 115 54 tur:
1108 1795 72 54 &
1137 1795 144 54 aliter
1238 1795 158 54 euadere
1352 1795 100 54 non
1410 1795 158 54 possit.
1525 1795 129 54 ratio
1611 1795 115 54 est.
1682 1795 115 54 quia
1740 1795 86 54 pro-

1039 1845 136 47 pter
1124 1845 273 47 impedimentum
1346 1845 222 47 corporale
1516 1845 290 47 superueniens:
1738 1845 85 47 of-

1030 1885 145 57 ficium
1131 1885 203 57 dimittitur
1290 1885 217 57 inexpletum.
1464 1885 116 57 vii.
1536 1885 87 57 q.
1579 1885 87 57 i.
1623 1885 145 57 Illud.
1724 1885 72 57 &
1739 1885 72 57 ca.

1025 1933 160 50 Nihil.
1137 1933 112 50 sed
1201 1933 112 50 hic
1266 1933 112 50 est
1330 1933 160 50 grande
1442 1933 257 50 impedimentum
1635 1933 176 50 celebran-

1029 1979 103 55 ti:
1088 1979 118 55 immo
1162 1979 147 55 mortis
1264 1979 206 55 periculum.
1426 1979 118 55 ergo
1499 1979 162 55 licitum
1617 1979 103 55 est
1661 1979 147 55 praeter-

1036 2027 158 41 mittere
1150 2027 172 41 officium
1279 2027 72 41 &
1308 2027 172 41 liberare
1437 2027 86 41 se
1480 2027 72 41 a
1509 2027 172 41 periculo
1624 2027 186 41 occurrente.

1032 2066 74 52 &
1062 2066 192 52 inuadente
1209 2066 148 52 occiso
1313 2066 148 52 potest
1416 2066 207 52 reassumere
1578 2066 192 52 officium,
1711 2066 103 52 conti

1026 2114 158 43 nuando
1137 2114 111 43 vbi
1200 2114 206 43 reliquit:
1358 2114 127 43 quia
1437 2114 111 43 nec
1501 2114 190 43 peccauit
1643 2114 111 43 nec
1690 2114 127 43 irregu

1026 2157 186 51 laritatem
1169 2157 186 51 incurrit:
1311 2157 86 51 vt
1354 2157 129 51 dicit
1440 2157 114 51 illa
1511 2157 200 51 Clementina
1668 2157 86 51 Si
1697 2157 114 51 furio-

1033 2194 115 62 sus.
1104 2194 186 62 Moderamen
1248 2194 129 62 autem
1334 2194 158 62 vocatur
1449 2194 201 62 inculpatae
1606 2194 172 62 tutaelae
1721 2194 86 62 quan

1036 2247 85 44 do
1078 2247 170 44 homomodo
1206 2247 99 44 sic
1263 2247 113 44 suum
1333 2247 255 44 conrprustuetur
1546 2247 85 44 vt
1588 2247 85 44 in
1631 2247 113 44 eius
1688 2247 113 44 tuitio

1030 2286 86 48 ne
1073 2286 101 48 non
1130 2286 158 48 peccet:
1245 2286 115 48 quia
1317 2286 86 48 si
1360 2286 187 48 excederet
1504 2286 129 48 esset
1590 2286 158 48 culpata
1691 2286 129 48 tutela:

1028 2329 107 54 nec
1089 2329 137 54 esset
1180 2329 213 54 moderamen.
1347 2329 91 54 Et
1393 2329 137 54 patet
1484 2329 107 54 hoc
1545 2329 183 54 amplius:
1682 2329 107 54 sit
1728 2329 91 54 ali-

1033 2375 137 53 quis
1119 2375 103 53 me
1170 2375 223 53 inuasurus
1342 2375 103 53 de
1394 2375 120 53 quo
1462 2375 275 53 probabiliter
1669 2375 137 53 multum

1030 2415 146 58 iudico
1133 2415 117 58 quod
1206 2415 88 58 me
1250 2415 161 58 occidet
1367 2415 161 58 iniuste
1484 2415 88 58 si
1528 2415 190 58 expectem:
1674 2415 102 58 sed
1718 2415 88 58 prae

1030 2473 141 43 uenio
1124 2473 141 43 ictum
1218 2473 125 43 eius
1297 2473 141 43 forte
1391 2473 110 43 eum
1453 2473 219 43 occidendo:
1626 2473 94 43 si
1657 2473 141 43 iudica-

1030 2504 111 54 rem
1093 2504 111 54 eum
1157 2504 174 54 daturum
1283 2504 127 54 mihi
1362 2504 142 54 solam
1457 2504 174 54 alapam:
1584 2504 111 54 non
1647 2504 142 54 debeo
1726 2504 79 54 eum

1037 2550 186 54 occidere
1176 2550 93 54 ad
1222 2550 201 54 seruandum
1377 2550 93 54 me
1424 2550 93 54 ab
1470 2550 124 54 illa
1548 2550 155 54 alapa:
1656 2550 124 54 quia
1718 2550 93 54 illa

1030 2598 135 50 tutela
1125 2598 95 50 est
1179 2598 163 50 culpata.
1301 2598 108 50 nisi
1369 2598 95 50 sit
1423 2598 190 50 verosimile
1572 2598 108 50 quod
1640 2598 95 50 sit
1694 2598 95 50 ita
1735 2598 81 50 robu

1024 2635 128 62 stus
1104 2635 80 62 &
1136 2635 112 62 ego
1200 2635 112 62 ita
1264 2635 176 62 debilis
1392 2635 96 62 vt
1440 2635 128 62 eius
1520 2635 144 62 alapa
1616 2635 96 62 me
1648 2635 160 62 occidat:

1033 2681 123 60 tunc
1109 2681 123 60 enim
1186 2681 138 60 ferro
1278 2681 153 60 possum
1385 2681 214 60 praeuenire
1554 2681 153 60 ictum.
1661 2681 138 60 ratio
1737 2681 77 60 est

1033 2735 170 55 possum
1152 2735 187 55 seruare
1287 2735 136 55 meum
1372 2735 170 55 corpus
1491 2735 136 55 omni
1576 2735 136 55 modo
1660 2735 136 55 mihi
1728 2735 85 55 li-

1029 2771 144 52 cito:
1125 2771 176 52 suppono
1253 2771 96 52 me
1301 2771 112 52 non
1365 2771 144 52 posse
1462 2771 96 52 id
1510 2771 160 52 facere
1622 2771 128 52 sine
1686 2771 128 52 ferro.

1034 2818 146 72 suppono
1140 2818 132 72 semper
1232 2818 106 72 quod
1299 2818 119 72 recte
1378 2818 146 72 iudicem
1484 2818 93 72 vel
1537 2818 238 72 inuincibiliter
1723 2818 79 72 quod
