2285 3292
212 314 111 59 sub
276 314 127 59 deo.
355 314 207 59 propterea
514 314 159 59 doctor
625 314 191 59 subtilis
768 314 111 59 tam
832 314 95 59 in
864 314 127 59 Quarto

211 369 111 59 quam
281 369 84 59 in
322 369 153 59 Tertio,
434 369 125 59 dicit
517 369 111 59 quod
587 369 111 59 plus
657 369 125 59 debet
740 369 139 59 viator
838 369 139 59 cauere
921 369 70 59 pec

213 422 137 41 catum
304 422 92 41 in
350 422 92 41 se
396 422 122 41 quam
472 422 92 41 in
518 422 214 41 humanitate
686 422 183 41 Christi.
823 422 76 41 &
838 422 153 41 secundum

222 457 167 56 ordinem
343 457 213 56 charitatis
511 457 137 56 debet
602 457 122 56 plus
678 457 122 56 homo
754 457 91 56 se
800 457 182 56 diligere
921 457 61 56 qa

214 500 209 58 quancumque
378 500 179 58 mortalem
513 500 120 58 nunc
588 500 209 58 creaturam:
752 500 90 58 vt
797 500 134 58 notum
886 500 120 58 est.
946 500 45 58 e

219 543 92 54 go
265 543 153 54 potius
372 543 138 54 debet
464 543 123 54 sibi
541 543 123 54 ipsi
618 543 138 54 velle
710 543 138 54 bonum
802 543 107 54 tam
863 543 92 54 in
894 543 92 54 boni

216 592 156 48 fortunae
333 592 104 48 quam
398 592 169 48 corporis:
528 592 104 48 quam
593 592 169 48 cuicunque
722 592 143 48 alteri:
826 592 65 48 &
839 592 156 48 potissimum

216 636 158 53 animae
327 636 95 53 ad
374 636 206 53 merendum:
532 636 79 53 &
564 636 95 53 vt
612 636 174 53 maiorem
738 636 158 53 habeat
833 636 158 53 beatitud

210 684 122 52 nem.
286 684 106 52 sed
347 684 152 52 mereri
453 684 106 52 non
514 684 152 52 potest
620 684 122 52 nisi
696 684 91 52 in
742 684 167 52 corpore
848 684 152 52 mortali:

216 734 129 44 quia
296 734 177 44 corpore
425 734 177 44 sublato
554 734 145 44 anima
651 734 193 44 separata
796 734 113 44 non
860 734 113 44 est
908 734 81 44 via

216 766 128 53 trix
296 766 112 53 nec
360 766 96 53 in
408 766 144 53 statu
503 766 192 53 merendi:
647 766 128 53 ergo
727 766 144 53 debet
822 766 128 53 homo
886 766 112 53 eniti

205 809 187 54 seruare
341 809 136 54 suum
427 809 170 54 corpus
546 809 102 54 ne
597 809 222 54 occidatur
767 809 102 54 ab
802 809 187 54 inuadenti

210 856 178 47 iniuste:
344 856 74 47 &
373 856 208 47 potissimum
537 856 89 47 si
581 856 163 47 corpore
700 856 89 47 in
745 856 104 47 hac
804 856 163 47 mortali
908 856 89 47 vita

219 900 120 48 bene
294 900 105 48 vti
354 900 195 48 proponit.
504 900 75 48 ⁋
534 900 90 48 In
579 900 195 48 oppositum
730 900 195 48 arguitur.
865 900 120 48 inuasu

217 947 181 54 potissimu
356 947 222 54 probabiliter
537 947 194 54 existimans
689 947 83 54 se
731 947 111 54 esse
801 947 83 54 in
842 947 139 54 gratia
926 947 69 54 com

222 993 195 47 miseretur
372 993 165 47 iniuste
492 993 210 47 inuadentis
658 993 120 47 quem
733 993 210 47 mortaliter
883 993 105 47 delin

215 1032 142 51 quere
310 1032 142 51 nouit
405 1032 95 51 in
452 1032 126 51 illo
531 1032 126 51 actu
610 1032 205 51 inuadendi
768 1032 79 51 &
800 1032 174 51 volendi
910 1032 79 51 per

214 1077 137 49 mere
299 1077 205 49 inuasum:
453 1077 120 49 cum
522 1077 205 49 secundum
675 1077 291 49 Psalmographum
897 1077 103 49 Mors

220 1122 195 57 peccatorum
374 1122 168 57 pessima,
499 1122 98 57 nec
555 1122 168 57 resistit
681 1122 237 57 repercutiendo
862 1122 126 57 quamui-

213 1171 150 55 nullus
318 1171 105 55 sit
378 1171 135 55 alius
468 1171 135 55 modus
558 1171 120 55 quam
632 1171 255 55 repercutiendo
842 1171 105 55 sui
887 1171 105 55 corpo

217 1211 99 54 ris
274 1211 185 54 seruandi.
416 1211 128 54 Durum
501 1211 128 54 certe
586 1211 156 54 videtur
700 1211 114 54 quod
771 1211 114 54 iste
842 1211 142 54 peccet
927 1211 71 54 po-

224 1260 168 54 tissimum
350 1260 98 54 vbi
406 1260 98 54 ita
462 1260 84 54 in
504 1260 196 54 intellectu
659 1260 168 54 iudicat:
785 1260 70 54 &
813 1260 126 54 illum
883 1260 112 54 reipu-

210 1302 150 50 blicae
315 1302 180 50 opinatur
450 1302 165 50 futurum
570 1302 165 50 vtilem.
689 1302 75 50 ⁋
719 1302 195 50 Propterea
854 1302 135 50 pronunt

217 1345 124 56 reor
294 1345 139 56 talem
387 1345 170 56 passiue
511 1345 93 56 se
557 1345 170 56 habendo
681 1345 217 56 nullatenus
836 1345 155 56 delinque

209 1379 92 60 re:
262 1379 145 60 quamuis
367 1379 79 60 in
407 1379 172 60 oppositum
539 1379 92 60 sit
592 1379 119 60 color
671 1379 158 60 replice.
790 1379 66 60 &
816 1379 92 60 cum
869 1379 92 60 hoc
909 1379 92 60 tenem

209 1435 171 42 do(quod
334 1435 233 42 probabilius
520 1435 155 42 censeo
628 1435 93 42 si
675 1435 124 42 sint
752 1435 109 42 duo
814 1435 93 42 in
845 1435 140 42 extrema

219 1477 228 52 necessitate
401 1477 152 52 quorum
508 1477 167 52 vtrique
630 1477 213 52 eleemosyna
797 1477 107 52 sit
858 1477 137 52 danda
934 1477 61 52 de

214 1520 242 58 praecepto:
404 1520 173 58 quorum
525 1520 138 58 vnum
611 1520 138 58 noui
697 1520 242 58 mortaliter
870 1520 121 58 malum

211 1575 73 44 &
241 1575 160 44 alterum
357 1575 146 44 bonum:
459 1575 73 44 &
488 1575 146 44 habeam
590 1575 131 44 solum
678 1575 102 44 quo
736 1575 102 44 vni
794 1575 204 44 succurram:
940 1575 58 44 po

212 1611 130 50 tius
293 1611 146 50 danda
390 1611 113 50 est
455 1611 227 50 eleemosyna
633 1611 130 50 bono
714 1611 130 50 quam
795 1611 146 50 malo.
892 1611 81 50 ⁋
908 1611 81 50 Hor

215 1655 140 56 iacto
309 1655 218 56 fundamento
480 1655 202 56 probabili
636 1655 218 56 superaddo:
807 1655 156 56 mitius
901 1655 93 56 agen

221 1698 99 56 dum
278 1698 113 56 esse
348 1698 99 56 cum
405 1698 128 56 amico
490 1698 113 56 quam
561 1698 99 56 cum
618 1698 184 56 extraneo:
759 1698 71 56 &
788 1698 99 56 cum
830 1698 156 56 benefacto

213 1745 80 47 re
253 1745 107 47 quam
319 1745 93 47 cum
372 1745 120 47 alio.
452 1745 93 47 Nam
506 1745 107 47 raro
572 1745 93 47 est
625 1745 107 47 quod
692 1745 186 47 benefactor
839 1745 120 47 licet
905 1745 80 47 exce

214 1788 104 52 dat
274 1788 89 52 in
318 1788 224 52 percutiendo
497 1788 164 52 occidat
617 1788 104 52 vel
676 1788 194 52 enormiter
825 1788 179 52 mutilet:
944 1788 60 52 li

221 1831 97 58 cet
277 1831 195 58 superiores
430 1831 195 58 nonnunquam
583 1831 167 58 excedant
709 1831 84 58 in
750 1831 223 58 percutiendo.
917 1831 84 58 Haec

211 1873 117 62 dico
284 1873 88 62 ne
328 1873 132 62 locum
416 1873 132 62 demus
504 1873 234 62 inferioribus
694 1873 88 62 in
738 1873 205 62 superiores
884 1873 102 62 insur

228 1920 130 58 gendi.
319 1920 169 58 propterea
449 1920 117 58 omnes
527 1920 104 58 isti
592 1920 130 58 habere
683 1920 130 58 debent
774 1920 156 58 rationem
878 1920 117 58 praemi-

213 1971 163 58 nentiae
332 1971 104 58 seu
391 1971 281 58 superioritatis.
627 1971 74 58 &
657 1971 118 58 dato
731 1971 118 58 quod
805 1971 177 58 effugere
923 1971 74 58 ne-

217 2013 165 49 queant:
337 2013 105 49 non
397 2013 150 49 debent
502 2013 180 49 iudicare
638 2013 120 49 suos
713 2013 240 49 benefactores
893 2013 105 49 velle

212 2055 78 56 se
251 2055 169 56 occidere.
381 2055 104 56 quod
446 2055 78 56 si
485 2055 91 56 ita
537 2055 169 56 iudicent,
667 2055 156 56 fortasse
784 2055 130 56 satius
875 2055 91 56 est
914 2055 78 56 pati

216 2102 160 57 mortem.
333 2102 73 57 ⁋
362 2102 160 57 Secundo
478 2102 131 57 patet
565 2102 116 57 quod
637 2102 174 57 quilibet
768 2102 131 57 debet
855 2102 145 57 iuuare
942 2102 58 57 vi

209 2144 115 50 cinum
286 2144 76 50 ne
324 2144 166 50 occidatur
451 2144 76 50 si
489 2144 127 50 potest
579 2144 102 50 sine
642 2144 89 50 suo
693 2144 166 50 periculo,
820 2144 115 50 etiam
897 2144 89 50 cum
935 2144 51 50 al

216 2196 140 43 quali
310 2196 187 43 corporis
450 2196 187 43 iactura:
590 2196 233 43 quemadmodum
776 2196 93 43 in
823 2196 124 43 casu
885 2196 109 43 debeo

223 2237 179 52 sustinere
361 2237 138 52 magnam
458 2237 152 52 inediam
568 2237 83 52 ne
610 2237 138 52 frater
706 2237 166 52 moriatur
830 2237 124 52 fame.
899 2237 83 52 quia

224 2277 97 47 est
279 2277 83 47 in
321 2277 152 47 extrema
431 2277 221 47 necessitate.
611 2277 69 47 &
638 2277 124 47 istud
721 2277 124 47 etiam
804 2277 138 47 patet.
886 2277 97 47 xxiii

212 2326 98 50 qui.
273 2326 98 50 iii.
335 2326 86 50 Non
384 2326 172 50 inferenda.
519 2326 74 50 &.
556 2326 147 50 lxxxiii.
666 2326 86 50 di.
716 2326 123 50 Frror.
802 2326 111 50 etiam
875 2326 111 50 licet
937 2326 49 50 si

217 2378 180 44 probabile
356 2378 111 44 quod
425 2378 152 44 aliquam
535 2378 138 44 paruam
632 2378 166 44 iacturam
757 2378 152 44 habebit
867 2378 83 44 in
895 2378 97 44 corpo

220 2410 71 53 re
256 2410 71 53 si
291 2410 130 53 iudicet
386 2410 95 53 quod
445 2410 106 53 alter
516 2410 118 53 aliter
598 2410 130 53 euadere
693 2410 83 53 non
740 2410 130 53 potest.
834 2410 83 53 Nam
882 2410 71 53 si
905 2410 83 53 essei

209 2455 98 57 in
258 2455 131 57 domo
340 2455 262 57 conburendus:
553 2455 164 57 possum
667 2455 82 57 &
700 2455 147 57 debeo
798 2455 98 57 ei
831 2455 164 57 suceurre

222 2504 87 56 re
265 2504 87 56 si
308 2504 145 56 possim
410 2504 130 56 salua
496 2504 116 56 vita
569 2504 101 56 cum
626 2504 174 56 aliquali
757 2504 174 56 corporis
872 2504 116 56 pericu

208 2546 98 49 lo.
264 2546 112 49 vnde
334 2546 197 49 Ambrosius.
489 2546 84 49 i.
531 2546 112 49 lib.
601 2546 84 49 de
643 2546 126 49 offi.
727 2546 98 49 Qui
783 2546 112 49 enim
854 2546 98 49 non
896 2546 98 49 repel

222 2585 82 55 lit
269 2585 58 55 a
292 2585 105 55 socio
362 2585 140 55 iniuriam
467 2585 70 55 si
502 2585 128 55 potest:
596 2585 82 55 tam
642 2585 82 55 est
689 2585 70 55 in
724 2585 105 55 vitio
794 2585 93 55 quam
852 2585 93 55 ille
910 2585 82 55 qui
945 2585 47 55 fa

214 2633 118 52 cit.
288 2633 88 52 Ad
332 2633 103 52 hoc
391 2633 206 52 introducit
553 2633 147 52 factum
656 2633 133 52 Moysi
745 2633 177 52 iuuantis
862 2633 133 52 fratren

215 2678 143 50 contra
315 2678 200 50 Aegyptium.
472 2678 143 50 Exodi.
573 2678 100 50 ii.
630 2678 72 50 &
659 2678 158 50 Prouer.
773 2678 158 50 xxiiii.
888 2678 100 50 ait
931 2678 57 50 Sa

211 2718 143 66 lomon.
311 2718 129 66 Fripe
397 2718 100 66 eum
454 2718 100 66 qui
512 2718 158 66 ducitur
627 2718 86 66 ad
670 2718 158 66 mortem.
784 2718 72 66 &
813 2718 100 66 hoc
870 2718 86 66 si
899 2718 86 66 iniu

1059 310 106 62 ste
1119 310 181 62 ducatur.
1255 310 76 62 ⁋
1285 310 151 62 Tertio
1391 310 196 62 sequitur.
1542 310 91 62 si
1587 310 121 62 homo
1648 310 181 62 defendendi

1057 368 169 58 seipsum
1180 368 108 58 cum
1241 368 215 58 moderamine
1410 368 215 58 inculpatae
1580 368 169 58 tutelae
1703 368 92 58 se
1733 368 108 58 muti-

1061 414 96 57 let
1116 414 96 57 vel
1171 414 164 57 occidat:
1294 414 123 57 vitat
1376 414 137 57 poenam
1472 414 274 57 irregularitatis:
1704 414 96 57 non
1745 414 96 57 autem

1057 457 82 64 si
1098 457 151 64 alterum
1208 457 205 64 defenderet:
1372 457 123 64 etiam
1455 457 137 64 patrem
1550 457 96 64 vel
1605 457 151 64 matrem.
1715 457 82 64 vt
1742 457 96 64 dicit

1067 501 121 58 glos.
1147 501 121 58 super
1228 501 108 58 cap.
1295 501 81 58 Si
1336 501 175 58 furiosus.
1470 501 81 58 de
1511 501 121 58 homi.
1592 501 81 58 in
1632 501 108 58 cle.
1699 501 94 58 Sed
1740 501 94 58 istis

1057 554 144 51 poenis
1157 554 187 51 canonicis
1301 554 100 51 non
1358 554 100 51 est
1415 554 230 51 insistendum.
1602 554 72 51 &
1631 554 187 51 causaest:
1760 554 86 51 quia

1065 588 114 57 ego
1130 588 162 57 possum
1243 588 195 57 occidere
1389 588 227 57 inuadentem
1568 588 97 57 me
1617 588 114 57 cum
1665 588 179 57 moderami-

1060 633 86 59 ne
1103 633 202 59 inculpatae
1261 633 159 59 turelae
1377 633 86 59 in
1420 633 187 59 quocumque
1564 633 115 59 loco
1636 633 101 59 vel
1679 633 159 59 quocumque

1066 678 163 47 tempore:
1189 678 109 47 quia
1257 678 82 47 si
1297 678 95 47 non
1352 678 204 47 impediretur
1515 678 68 47 a
1542 678 95 47 me:
1596 678 82 47 me
1637 678 177 47 occideret
1759 678 82 47 iudi

1068 722 105 60 cio
1128 722 211 60 prudentum:
1294 722 75 60 &
1324 722 90 60 me
1369 722 150 60 occiso
1474 722 90 60 ei
1519 722 165 60 debetur
1639 722 165 60 vltimum
1745 722 90 60 supa

1058 775 176 50 plicium
1186 775 193 50 secundum
1331 775 144 50 leges
1427 775 80 50 a
1459 775 241 50 legissatore
1652 775 176 50 publico
1764 775 80 50 la-

1067 816 124 43 tas.
1145 816 171 43 suppono
1269 816 124 43 quod
1347 816 109 43 non
1409 816 155 43 possim
1517 816 140 43 vitam
1610 816 124 43 meam
1688 816 140 43 tueri
1765 816 78 43 eum

1065 858 181 53 tenendo,
1201 858 106 53 vel
1261 858 121 53 arma
1336 858 90 53 ab
1382 858 90 53 eo
1427 858 196 53 capiendo:
1578 858 121 53 quia
1653 858 90 53 si
1698 858 106 53 hoc
1744 858 90 53 pos-

1064 900 130 49 sim:
1145 900 130 49 male
1227 900 114 49 ago
1292 900 212 49 occidendo
1455 900 130 49 eum:
1536 900 114 49 cum
1602 900 163 49 aliter
1716 900 147 49 vitam
1797 900 49 49 &

1063 944 145 52 quidem
1164 944 159 52 honeste
1280 944 130 52 tueri
1366 944 159 52 possim.
1482 944 72 52 &
1511 944 101 52 cum
1569 944 101 52 non
1627 944 130 52 adsit
1699 944 145 52 legissa-

1067 989 100 50 tor
1124 989 100 50 nec
1181 989 156 50 aliquis
1294 989 128 50 alius
1380 989 85 50 ad
1422 989 228 50 ministrandam
1607 989 114 50 mihi
1664 989 171 50 iustitiam:

1065 1034 135 51 ratio
1155 1034 195 51 naturalis
1305 1034 195 51 committit
1455 1034 120 51 mihi
1529 1034 135 51 vices
1619 1034 165 51 iudicis
1739 1034 90 51 vt
1769 1034 60 51 mi

1058 1080 128 46 tuear.
1148 1080 90 46 reo
1199 1080 103 46 enim
1264 1080 141 46 nunquam
1366 1080 167 46 denegatur
1495 1080 154 46 defensio
1610 1080 116 46 etiam
1674 1080 167 46 excommunica

1057 1121 98 53 to:
1113 1121 126 53 secus
1197 1121 98 53 est
1253 1121 84 53 de
1295 1121 154 53 actore.
1407 1121 84 53 Na
1449 1121 98 53 cum
1505 1121 126 53 alter
1589 1121 84 53 me
1631 1121 168 53 inuadit,
1743 1121 98 53 perso

1055 1166 96 47 nam
1110 1166 151 47 actoris
1220 1166 124 47 etiam
1302 1166 192 47 atrocitate
1453 1166 137 47 quadam
1550 1166 165 47 inuadit.
1673 1166 124 47 Etiam
1742 1166 96 47 ratio

1057 1209 137 52 nabile
1153 1209 96 52 est
1208 1209 110 52 quod
1277 1209 165 52 nocentum
1401 1209 151 52 peccata
1510 1209 82 52 de
1552 1209 124 52 medio
1634 1209 192 52 tollantur:
1785 1209 82 52 in

1060 1256 202 48 nocentibus
1218 1256 231 48 conseruatis:
1406 1256 144 48 potius
1506 1256 115 48 quam
1579 1256 159 48 contra.
1694 1256 115 48 modo
1752 1256 86 48 reus

1053 1302 102 45 est
1112 1302 190 45 innocens:
1258 1302 146 45 saltem
1360 1302 102 45 est
1419 1302 175 45 innocens
1550 1302 88 45 ne
1594 1302 102 45 hoc
1653 1302 117 45 modo
1711 1302 117 45 perima

1062 1346 121 52 tur.
1137 1346 75 52 ⁋
1167 1346 151 52 Quarto
1273 1346 136 52 patet
1364 1346 121 52 quod
1439 1346 196 52 peruersus
1590 1346 106 52 est
1650 1346 106 52 mos
1695 1346 136 52 alicubi

1064 1389 185 49 seruatus:
1206 1389 86 49 vt
1249 1389 185 49 Parisiis:
1392 1389 143 49 duobus
1492 1389 228 49 pugnantibus,
1677 1389 157 49 vicinos
1777 1389 57 49 se

1051 1438 104 50 non
1110 1438 222 50 interponere
1288 1438 89 50 ad
1332 1438 104 50 eos
1391 1438 222 50 separandos:
1569 1438 133 50 etiam
1658 1438 104 50 vbi
1702 1438 133 50 possint

1051 1479 123 45 sine
1127 1479 214 45 discrimine
1296 1479 153 45 vitae.
1403 1479 77 45 ⁋
1434 1479 153 45 Quinto
1541 1479 184 45 sequitur
1679 1479 123 45 quod
1740 1479 92 45 homo

1069 1529 137 50 potest
1165 1529 69 50 &
1193 1529 123 50 debet
1275 1529 123 50 dulci
1357 1529 151 50 eloquio
1467 1529 178 50 inuasorem
1604 1529 151 50 mulcere
1714 1529 82 50 ne
1755 1529 82 50 se
1782 1529 55 50 in

1059 1568 129 57 uadat:
1149 1568 103 57 nisi
1214 1568 129 57 fuerit
1304 1568 116 57 talis
1381 1568 116 57 cuius
1458 1568 154 57 eloquium
1574 1568 116 57 ipsum
1651 1568 167 57 loquentem
1767 1568 64 57 ti-

1054 1612 131 56 moris
1142 1612 73 56 &
1171 1612 175 56 infamiae
1302 1612 175 56 notaret,
1433 1612 117 56 quod
1506 1612 102 56 est
1564 1612 189 56 perrarum:
1710 1612 117 56 quia
1768 1612 73 56 cum

1062 1652 119 56 suaui
1141 1652 145 56 eloquio
1247 1652 106 56 stat
1313 1652 119 56 virum
1392 1652 185 56 intrepidum
1537 1652 79 56 in
1577 1652 172 56 conspectu
1696 1652 145 56 videntium

1058 1700 190 55 assistere:
1208 1700 95 55 ita
1262 1700 81 55 vt
1303 1700 176 55 iudicetur
1438 1700 109 55 alio
1506 1700 68 55 &
1533 1700 190 55 prudentior
1683 1700 68 55 &
1696 1700 136 55 aiosior.

1066 1746 96 60 vel
1121 1746 137 60 potest
1217 1746 137 60 addere
1313 1746 123 60 verba
1395 1746 96 60 per
1450 1746 110 60 quae
1519 1746 96 60 sua
1574 1746 110 60 fama
1642 1746 96 60 non
1683 1746 151 60 denigreln

1064 1791 212 54 quatuncumque
1236 1791 146 54 nobilis
1343 1791 146 54 fuerit:
1449 1791 80 54 vt
1489 1791 159 54 dicendo.
1608 1791 133 54 frater
1701 1791 93 54 mi,
1754 1791 80 54 si
1781 1791 53 54 in

1063 1833 72 56 te
1099 1833 156 56 peccaueri
1219 1833 84 56 vel
1267 1833 72 56 in
1303 1833 108 56 tuos:
1375 1833 144 56 proborum
1483 1833 168 56 sententiae
1615 1833 132 56 paratus
1711 1833 84 56 sum
1747 1833 96 56 acquie

1052 1878 137 61 scere:
1148 1878 96 61 nec
1203 1878 151 61 expedit
1313 1878 110 61 mihi
1382 1878 151 61 minari:
1492 1878 110 61 quia
1560 1878 124 61 famam
1643 1878 124 61 vitae
1711 1878 124 61 praefe-

1054 1928 120 52 ratio:
1138 1928 60 52 &
1162 1928 144 52 alterius
1270 1928 108 52 nitum
1342 1928 96 52 vita
1402 1928 144 52 iacietur
1509 1928 72 52 in
1545 1928 108 52 alea:
1617 1928 96 52 quod
1677 1928 84 52 nec
1725 1928 96 52 tibi
1773 1928 60 52 nec

1058 1966 106 52 mihi
1124 1966 145 52 vellem.
1230 1966 66 52 ⁋
1256 1966 132 52 Vltimo
1349 1966 145 52 infero.
1455 1966 106 52 quod
1521 1966 119 52 modus
1600 1966 106 52 ille
1666 1966 159 52 fugiendi
1772 1966 66 52 est

1064 2014 103 47 nullus
1136 2014 72 47 qui
1177 2014 62 47 in
1208 2014 134 47 Britannia
1311 2014 72 47 est
1352 2014 93 47 satis
1413 2014 93 47 cois.
1475 2014 72 47 dum
1516 2014 123 47 scilicet
1609 2014 185 47 ecclesiastieus
1753 2014 82 47 laicum

1065 2059 158 51 inuadit:
1184 2059 79 51 ad
1223 2059 119 51 trium
1302 2059 119 51 pedum
1381 2059 198 51 interuallum
1540 2059 132 51 laicus
1632 2059 185 51 retrocedit
1764 2059 66 51 tra

1058 2101 121 53 hbens
1138 2101 135 53 lineam
1232 2101 81 53 ex
1273 2101 188 53 transuerso
1421 2101 108 53 ense
1488 2101 94 53 vel
1542 2101 148 53 baculo:
1650 2101 175 53 prohibens
1771 2101 67 53 ec-

1056 2144 226 72 clesiastico
1236 2144 90 72 ne
1282 2144 241 72 appropinquet
1477 2144 105 72 sub
1537 2144 135 72 poena
1627 2144 105 72 qui
1673 2144 150 72 sequetur

1048 2198 112 86 ⁋
1092 2198 224 86 Quinto
1249 2198 291 86 arguitur.
1473 2198 269 86 sequitur
1674 2198 134 86 ex
1719 2198 112 86 di-

1055 2274 116 48 ctis
1128 2274 116 48 quod
1201 2274 87 48 si
1244 2274 145 48 sortes
1346 2274 174 48 Hispanus
1477 2274 116 48 bona
1549 2274 174 48 Platonis
1680 2274 131 48 Galli
1752 2274 73 48 abi

1049 2322 158 47 tulit:
1160 2322 142 47 Plato
1254 2322 205 47 Hispaniam
1412 2322 221 47 ingrediens
1586 2322 126 47 bona
1649 2322 174 47 Ciceronis

1057 2363 156 67 Hispani
1171 2363 142 67 licite
1270 2363 156 67 tollit:
1384 2363 85 67 vt
1427 2363 185 67 plerumque
1569 2363 85 67 in
1612 2363 199 67 regionibus
1754 2363 71 67 fit

1056 2410 104 54 sed
1116 2410 134 54 probo
1205 2410 119 54 quod
1280 2410 119 54 male
1355 2410 134 54 agit:
1444 2410 119 54 quia
1519 2410 149 54 Cicero
1623 2410 104 54 non
1683 2410 149 54 nocuit
1772 2410 60 54 ei

1058 2447 105 62 nec
1118 2447 211 62 cooperatus
1284 2447 105 62 est
1344 2447 136 62 sorti
1434 2447 90 62 ad
1480 2447 211 62 ablationem
1645 2447 166 62 bonorum
1751 2447 75 62 Pla

1051 2497 147 57 tonis.
1154 2497 117 57 ergo
1227 2497 161 57 iniuste
1345 2497 132 57 Plato
1433 2497 147 57 tollit
1536 2497 117 57 eius
1609 2497 132 57 bona.
1697 2497 73 57 ⁋
1712 2497 117 57 Respon

1050 2542 146 50 detur.
1152 2542 102 50 cum
1211 2542 131 50 omnes
1298 2542 175 50 finitimi
1429 2542 160 50 Hispani
1545 2542 146 50 iuuent
1647 2542 87 50 se
1691 2542 146 50 mutuo:
1778 2542 44 50 &

1052 2586 125 49 Plato
1136 2586 97 49 non
1191 2586 139 49 possit
1289 2586 111 49 habe
1358 2586 97 49 sua
1414 2586 97 49 boa
1469 2586 70 49 a
1497 2586 139 49 sorte:
1595 2586 139 49 tollit
1692 2586 83 49 ea
1734 2586 70 49 a
1748 2586 83 49 coo-

1058 2627 177 61 perantibus
1197 2627 101 61 vere
1261 2627 88 61 vel
1311 2627 215 61 praesumptiue,
1488 2627 88 61 nec
1538 2627 88 61 est
1589 2627 139 61 simile:
1690 2627 76 61 si
1728 2627 76 61 tu
1753 2627 76 61 frau

1050 2675 108 53 das
1111 2675 93 53 me
1158 2675 108 53 vno
1219 2675 139 53 scuto
1312 2675 216 53 sophistico
1482 2675 124 53 quod
1559 2675 108 53 ego
1621 2675 154 53 possim
1729 2675 139 53 illud

1047 2721 165 65 scutum
1162 2721 165 65 ponere
1277 2721 99 65 in
1326 2721 148 65 manus
1425 2721 198 65 alterius
1557 2721 214 65 innocentis.
