2286 3305
409 292 100 57 ma
459 292 100 57 in
509 292 266 57 Christianos:
725 292 133 57 tunc
808 292 266 57 cognoscebant
1008 292 166 57 imperato

413 335 88 58 rem
464 335 126 58 caeli.
552 335 88 58 hoc
602 335 88 58 est
653 335 138 58 prodire
753 335 151 58 nolebant
866 335 76 58 ad
904 335 126 58 bellum
992 335 126 58 contra
1068 335 113 58 christi

418 389 109 50 anos.
491 389 61 50 ⁋
515 389 194 50 Respondetur.
672 389 109 50 illud
745 389 121 50 bellum
830 389 97 50 erat
890 389 145 50 iniustum
999 389 73 50 ex
1036 389 109 50 parte
1096 389 85 50 impa-

413 428 140 50 toris:
511 428 98 50 qui
567 428 154 50 volebat
680 428 154 50 tollere
792 428 211 50 christianos
960 428 84 50 de
1003 428 126 50 rerum
1073 428 112 50 natura

417 476 76 56 eo
455 476 101 56 quod
518 476 152 56 Christum
632 476 164 56 colerent.
758 476 88 56 sed
809 476 114 56 tamen
885 476 101 56 illi
948 476 177 56 christiani
1074 476 101 56 pugna.

408 516 89 50 re
453 516 178 50 poterant
586 516 148 50 contra
689 516 133 50 alios
778 516 237 50 christianos,
971 516 89 50 si
1000 516 178 50 peccassent

409 559 81 48 in
450 559 190 48 impatorem.
599 559 122 48 sicut
680 559 108 48 notr
748 559 190 48 christiani
897 559 149 48 pugnant
1005 559 122 48 iuste
1073 559 108 48 contra

415 604 124 58 alios
498 604 221 58 christianos:
678 604 83 58 vt
719 604 124 58 patet
802 604 83 58 ex
843 604 193 58 quaestione
982 604 193 58 praecedente.

411 649 73 50 ⁋
441 649 160 50 Secundo
557 649 189 50 arguitur.
702 649 160 50 Clemens
818 649 160 50 quintus
934 649 87 50 in
978 649 174 50 concilio
1094 649 87 50 Vien

411 697 141 51 nensi,
510 697 127 51 prout
594 697 155 51 habetur
707 697 85 51 in
749 697 197 51 Clementina
904 697 127 51 vnica
989 697 99 51 in.
1045 697 85 51 S.
1073 697 113 51 Porro.

408 736 105 56 de
461 736 245 56 iureiuran.
654 736 140 56 dans
742 736 175 56 formam
864 736 140 56 regi
952 736 228 56 Romanorum
1110 736 70 56 iu

407 782 132 51 randi:
499 782 119 51 dicit
579 782 93 51 sic
632 782 159 51 iurandum
751 782 119 51 esse:
831 782 106 51 quod
897 782 93 51 num
950 782 106 51 quam
1016 782 93 51 cum
1056 782 119 51 Sarrace

412 824 86 60 no
455 824 72 60 /
483 824 158 60 Pagano,
598 824 215 60 schismatico
771 824 101 60 seu
828 824 115 60 alio
900 824 201 60 quodolibus
1043 824 144 60 conionem

418 869 193 56 catholicae
570 869 124 56 fidei
653 869 97 56 non
708 869 166 56 habente:
833 869 97 56 aut
888 869 97 56 cum
943 869 138 56 aliquo
1040 869 111 56 alio
1095 869 83 56 prae

413 916 131 49 fatae
500 916 189 49 ecclesiae
645 916 160 49 inimico
761 916 102 49 vel
819 916 160 49 rebelli
935 916 102 49 seu
993 916 131 49 eidem
1065 916 116 49 manife

416 958 97 54 ste
472 958 166 54 suspecto
596 958 152 54 vnionem
707 958 180 54 quamlibet
846 958 97 54 seu
901 958 194 54 parentelam
1053 958 97 54 aut
1095 958 83 54 com-

408 1006 248 47 foederationem
613 1006 161 47 iniret.
730 1006 73 47 ⁋
759 1006 190 47 Respondeo
905 1006 219 47 dupliciter.
1066 1006 117 47 Primo.

409 1049 156 50 licet
513 1049 191 50 Romanus
651 1049 208 50 pontifex
807 1049 121 50 sit
876 1049 156 50 super
963 1049 225 50 imperatorem

413 1092 89 49 in
458 1092 149 49 terris
562 1092 193 49 ecclesiae
710 1092 119 49 quas
785 1092 134 49 tenet
874 1092 104 49 pro
933 1092 208 49 defensione
1082 1092 104 49 eccle

405 1136 126 49 siae:
489 1136 98 49 non
545 1136 126 49 tamen
628 1136 98 49 est
684 1136 126 49 indem
768 1136 84 49 de
810 1136 126 49 aliis
894 1136 168 49 regibus:
1019 1136 98 49 nec
1075 1136 84 49 de
1103 1136 84 49 duca

421 1182 91 57 tu
466 1182 182 57 Austriae
603 1182 121 57 quem
679 1182 106 57 non
740 1182 137 57 tenet
831 1182 91 57 ab
876 1182 197 57 ecclesia.
1028 1182 167 57 Secundo
1134 1182 61 57 di

414 1230 80 52 co
454 1230 107 52 quod
521 1230 107 52 illa
588 1230 94 52 est
641 1230 94 52 lex
695 1230 161 52 positiua
815 1230 201 52 pontificis:
976 1230 67 52 &
1003 1230 134 52 potest
1083 1230 107 52 impera

411 1270 141 51 torem
505 1270 94 51 in
553 1270 126 51 casu
631 1270 94 51 ab
678 1270 126 51 illo
757 1270 204 51 iuramento
914 1270 220 51 absoluere.
1086 1270 78 51 ⁋
1102 1270 94 51 Ter-

418 1320 103 45 tio
477 1320 191 45 arguitur.
624 1320 176 45 secundae
756 1320 88 45 ad
800 1320 147 45 Corin.
902 1320 103 45 vi.
961 1320 205 45 scribitur.
1108 1320 73 45 No-

405 1354 127 57 lite
484 1354 143 57 iugum
579 1354 158 57 ducere
690 1354 111 57 cum
754 1354 253 57 infidelibus.
959 1354 127 57 Quae
1039 1354 127 57 enim
1102 1354 79 57 par

413 1410 186 44 ticipatio
556 1410 186 44 iustitiae
699 1410 100 44 cum
756 1410 215 44 iniquitate?
928 1410 100 44 aut
986 1410 115 44 quae
1043 1410 143 44 societas

410 1446 123 50 luci
487 1446 92 50 ad
533 1446 200 50 tenebras:
687 1446 123 50 quae
764 1446 139 50 autem
856 1446 200 50 conuentio
1011 1446 169 50 Curisti
1118 1446 62 50 ad

414 1488 168 53 Belials
536 1488 107 53 aut
597 1488 122 53 quae
673 1488 122 53 pars
750 1488 168 53 fidelis
872 1488 107 53 cum
933 1488 183 53 infideli
1071 1488 122 53 ergo
1132 1488 61 53 si

405 1537 106 50 non
466 1537 137 50 licet
557 1537 152 50 fideli
663 1537 212 50 cohabitare
830 1537 106 50 cum
890 1537 197 50 infideli,
1042 1537 106 50 non
1088 1537 106 50 licet

420 1583 172 52 cuiquam
546 1583 110 52 eos
608 1583 141 52 secum
702 1583 188 52 assumere
843 1583 94 52 in
890 1583 156 52 bello.
999 1583 78 52 ⁋
1015 1583 172 52 Responde-

409 1625 122 51 tur,
485 1625 107 51 non
546 1625 107 51 est
607 1625 92 51 ex
653 1625 92 51 se
699 1625 137 51 malum
790 1625 168 51 versari
912 1625 107 51 cum
973 1625 198 51 infideli.
1111 1625 76 51 sed

414 1668 147 62 glossa
517 1668 250 62 interlinearis
724 1668 133 62 super
812 1668 118 62 illo
885 1668 133 62 verbo
974 1668 162 62 (nolite
1077 1668 103 62 iugum

417 1714 165 56 ducere)
537 1714 180 56 exponit.
673 1714 150 56 nolite
778 1714 120 56 esse
853 1714 135 56 socii
943 1714 180 56 malorum.
1079 1714 105 56 hoc
1124 1714 60 56 es

412 1768 153 42 nolite
519 1768 229 42 communicare
702 1768 107 42 cum
763 1768 107 42 eis
824 1768 92 42 in
870 1768 183 42 malitia:
1007 1768 107 42 cum
1053 1768 137 42 fideles

410 1799 155 53 lucem
513 1799 206 53 Christum
667 1799 172 53 colant
788 1799 86 53 &
822 1799 258 53 salutiferam
1011 1799 189 53 doctrinam

417 1847 195 55 habeant:
563 1847 130 55 alii
644 1847 146 55 autem
741 1847 211 55 tenebras.
903 1847 81 55 ⁋
936 1847 227 55 Epilogando
1098 1847 97 55 dico

422 1897 116 55 quod
494 1897 159 55 fidelis
610 1897 145 55 potest
711 1897 174 55 quaerere
841 1897 116 55 opem
914 1897 87 55 ab
957 1897 174 55 infideli
1073 1897 116 55 contra

407 1935 224 53 infidelem:
583 1935 240 53 quemadmodum
775 1935 224 53 Machabaei,
952 1935 80 53 &
984 1935 160 53 nostri
1080 1935 112 53 Chri-

419 1974 161 57 stiani
532 1974 242 57 implorarunt
725 1974 129 57 opem
805 1974 242 57 Tamberlanis
999 1974 193 57 Persarum
1128 1974 64 57 re

415 2024 117 57 gis
482 2024 267 57 pugnacissimi
699 2024 167 57 contra
816 2024 200 57 Pazaiten
966 2024 200 57 Turcarum
1100 2024 100 57 prin

419 2076 145 48 cipem.
520 2076 159 48 possunt
636 2076 130 48 etiam
723 2076 159 48 fideles
839 2076 87 48 in
882 2076 145 48 aliquo
984 2076 145 48 euentu
1071 2076 130 48 implora

420 2113 94 49 re
467 2113 125 49 opem
545 2113 219 49 infidelium
717 2113 156 49 contra
827 2113 188 49 fideles,
967 2113 172 49 cauendo
1092 2113 94 49 ne
1124 2113 63 49 id

422 2160 127 52 cedat
506 2160 84 52 in
549 2160 169 52 iacturam
675 2160 141 52 reipu.
774 2160 225 52 christianae.
957 2160 99 52 hoc
1013 2160 99 52 est
1069 2160 155 52 vocando

417 2204 115 55 eos
482 2204 99 55 in
532 2204 148 55 pauco
630 2204 181 55 numero:
762 2204 115 55 sic
827 2204 99 55 vt
877 2204 197 55 possemus
1025 2204 115 55 eos
1074 2204 115 55 oppri

418 2249 117 48 mere
491 2249 88 48 si
535 2249 131 48 forte
623 2249 146 48 contra
725 2249 219 48 christianos
900 2249 234 48 insurgerent:
1090 2249 73 48 &
1104 2249 88 48 pro-

419 2296 190 49 uidendo
557 2296 104 49 ne
609 2296 155 49 eorum
712 2296 207 49 aduentus
867 2296 173 49 fieret
971 2296 224 49 perniciosus

424 2331 106 61 quo
485 2331 91 61 ad
530 2331 197 61 sequelam:
682 2331 106 61 ita
743 2331 91 61 vt
788 2331 213 61 aperiretur
955 2331 106 61 eis
1016 2331 106 61 via
1077 2331 91 61 in
1107 2331 91 61 limi

411 2376 148 56 tibus
509 2376 115 56 nos
575 2376 230 56 inuadendi:
756 2376 82 56 &
788 2376 181 56 cogendo
920 2376 115 56 eos
985 2376 99 56 ne
1035 2376 164 56 contra
1133 2376 66 56 fi

418 2419 118 54 dem
486 2419 303 54 blasphemarent:
738 2419 101 54 vt
789 2419 185 54 ludaeos
923 2419 202 54 nobiscum
1058 2419 135 54 cohabi

417 2468 183 64 tantes
527 2468 183 64 cogimus.

604 2526 232 68 Vbitatur
778 2526 174 68 circa
894 2526 174 68 ista:
1010 2526 116 68 an
1049 2526 155 68 liceat

607 2576 105 73 vti
667 2576 180 73 insidiis
802 2576 90 73 in
847 2576 150 73 bello.
951 2576 165 73 Secundo
1056 2576 135 73 dubitai

604 2632 82 63 an
645 2632 110 63 homo
714 2632 165 63 teneatur
838 2632 192 63 restituere
989 2632 96 63 sua
1044 2632 110 63 quae
1099 2632 96 63 furto

553 2660 128 93 cquam
638 2660 100 93 vel
695 2660 142 93 rapina
795 2660 171 93 abstulit
923 2660 185 93 abiniusto
1051 2660 142 93 possesso

1246 292 98 49 re.
1302 292 140 49 Tertio
1400 292 182 49 dubitatur
1540 292 84 49 de
1582 292 98 49 his
1638 292 280 49 quaerecuperantur
1875 292 84 49 ab
1903 292 112 49 hosti-

1249 334 100 51 bus
1306 334 100 51 per
1363 334 156 51 milites
1476 334 85 51 an
1519 334 114 51 sint
1590 334 213 51 restituenda
1761 334 142 51 primis
1861 334 171 51 dominis:
1974 334 43 51 &

1245 385 171 48 quomodo
1370 385 125 48 bona
1448 385 93 48 in
1495 385 140 48 bello
1588 385 125 48 sint
1666 385 218 48 partienda.
1837 385 78 48 ⁋
1868 385 93 48 Ad
1899 385 125 48 primum

1255 427 138 54 dicitur
1355 427 100 54 quod
1417 427 150 54 insidiae
1530 427 100 54 sunt
1592 427 138 54 licitae
1692 427 75 54 in
1730 427 113 54 bello
1805 427 125 54 iusto.
1892 427 88 54 nam
1930 427 88 54 losue

1245 473 180 45 tetendit
1380 473 180 45 insidias
1516 473 150 45 contra
1621 473 135 45 vrbem
1711 473 120 45 Hai,
1786 473 165 45 edoctus
1907 473 90 45 ab
1937 473 75 45 ora

1245 516 120 55 culo.
1325 516 133 55 losue.
1418 516 120 55 viii.
1498 516 107 55 Homo
1565 516 120 55 etiam
1645 516 133 55 potest
1738 516 173 55 occultare
1871 516 120 55 verum
1938 516 80 55 quod

1249 562 98 51 non
1305 562 153 51 tenetur
1416 562 153 51 dicere.
1528 562 112 51 quam
1598 562 167 51 materiam
1723 562 112 51 quia
1793 562 126 51 alibi
1877 562 139 51 latius
1960 562 56 51 de

1252 603 125 58 duxi,
1336 603 97 58 non
1391 603 167 58 insisto.
1516 603 97 58 sed
1572 603 125 58 tamen
1655 603 111 58 homo
1725 603 125 58 tenet
1808 603 153 58 seruare
1906 603 111 58 promis

1241 645 111 52 sum
1304 645 174 52 verbale
1431 645 158 52 hosti.
1541 645 205 52 Propterea
1699 645 221 52 Sedechias.
1873 645 111 52 ii.
1920 645 95 52 Para

1256 690 120 55 lipo.
1336 690 134 55 xxxvi.
1430 690 174 55 arguitur,
1563 690 80 55 eo
1603 690 107 55 quod
1670 690 134 55 fregit
1764 690 187 55 iuramentum
1911 690 107 55 quod
1965 690 54 55 fe

1254 737 131 56 cerat
1342 737 116 56 regi
1414 737 276 56 Nabuchodonosor.
1646 737 102 56 Sic
1704 737 116 56 enim
1777 737 131 56 illic
1849 737 160 56 scribitur

1253 780 150 50 Arege
1353 780 166 50 quoque
1469 780 299 50 Nabuchodonosor
1719 780 199 50 recessit
1868 780 116 50 qui
1918 780 100 50 adiu

1246 825 200 45 rauerat
1391 825 127 45 eum
1464 825 127 45 per
1536 825 163 45 deum.
1645 825 91 45 ⁋
1681 825 109 45 Ad
1736 825 218 45 secundam
1881 825 145 45 dubita

1251 868 154 58 tionem
1359 868 231 58 respodetur.
1544 868 201 58 supposito
1698 868 123 58 quod
1775 868 154 58 sortes
1883 868 77 58 a
1914 868 93 58 me
1945 868 77 58 abs

1242 914 134 44 tulit
1331 914 119 44 duos
1406 914 134 44 boues
1495 914 104 44 vel
1554 914 163 44 vestem:
1673 914 89 44 si
1718 914 119 44 sine
1777 914 238 44 interpolatione

1251 959 184 56 temporis,
1393 959 99 56 hoc
1449 959 99 56 est
1506 959 227 56 incontinenti
1691 959 85 56 vt
1733 959 85 56 in
1776 959 199 56 quaestione
1918 959 99 56 prae-

1246 1003 185 54 cedente
1381 1003 185 54 loquuti
1516 1003 168 54 sumus,
1634 1003 219 54 argumento
1802 1003 185 54 quarto:
1920 1003 101 54 abs-

1246 1042 149 60 tulero
1350 1042 193 60 violentia
1499 1042 134 60 equum
1588 1042 164 60 sortis:
1707 1042 104 60 non
1767 1042 149 60 teneor
1856 1042 164 60 restitue-

1257 1092 97 49 te
1305 1092 97 49 ei
1354 1092 130 49 suum
1435 1092 146 49 equum
1532 1092 130 49 nisi
1613 1092 130 49 ipse
1695 1092 130 49 mihi
1776 1092 130 49 meos
1857 1092 130 49 duos
1922 1092 113 49 boues

1253 1140 218 50 restituerit:
1430 1140 109 50 nisi
1499 1140 123 50 equus
1580 1140 109 50 plus
1648 1140 150 50 valeat:
1757 1140 109 50 quia
1825 1140 82 50 si
1866 1140 123 50 equus
1934 1140 82 50 eius

1264 1180 153 46 valeat
1371 1180 107 46 duo
1432 1180 138 46 scuta
1524 1180 138 46 vltra
1616 1180 169 46 quinque
1739 1180 153 46 boues:
1846 1180 153 46 teneor
1938 1180 92 46 dare

1255 1223 82 54 ei
1296 1223 151 54 quinque
1406 1223 137 54 scuta,
1503 1223 96 54 non
1558 1223 124 54 tamen
1640 1223 96 54 est
1695 1223 110 54 idem
1764 1223 220 54 incontinenti
1943 1223 69 54 &
1956 1223 69 54 cum

1244 1267 300 58 interpoiatione.
1497 1267 142 58 patet
1591 1267 110 58 per
1654 1267 158 58 simile
1765 1267 95 58 ex
1796 1267 237 58 Deuteronomio.

1247 1311 78 49 in
1286 1311 129 49 cuius.
1376 1311 103 49 xix.
1441 1311 116 49 capi.
1519 1311 181 49 scribitur:
1661 1311 103 49 quod
1726 1311 78 49 si
1764 1311 142 49 aliquis
1868 1311 91 49 non
1920 1311 78 49 de
1945 1311 78 49 indu

1249 1357 133 56 stria
1338 1357 236 56 interfecerit
1529 1357 177 56 aliquem:
1662 1357 206 56 propinquus
1824 1357 147 56 occisi
1912 1357 118 56 impune

1260 1407 165 51 poterit
1380 1407 240 51 incontinenti
1575 1407 180 51 occidere
1709 1407 195 51 occisorem
1859 1407 165 51 dummodo
1964 1407 60 51 do

1249 1444 124 59 lore
1326 1444 233 59 stimuletur:
1512 1444 140 59 etiam
1605 1444 124 59 dato
1683 1444 124 59 quod
1760 1444 140 59 prior
1853 1444 171 59 occisor
1962 1444 78 59 non

1251 1488 154 56 fuerit
1359 1488 123 56 reus
1436 1488 170 56 mortis:
1559 1488 139 56 multa
1652 1488 123 56 enim
1729 1488 216 56 perpetrata
1883 1488 154 56 instante

1247 1531 161 54 dolore
1360 1531 194 54 remanent
1505 1531 210 54 impunita:
1667 1531 129 54 quae
1747 1531 97 54 si
1796 1531 194 54 cessante
1925 1531 113 54 dolo-

1250 1583 93 51 re
1297 1583 187 51 fierent,
1437 1583 156 51 essent
1546 1583 203 51 punienda.
1702 1583 109 51 Sed
1765 1583 93 51 si
1811 1583 171 51 tempore
1920 1583 125 51 inter-

1259 1621 134 51 polato
1352 1621 147 51 conetur
1459 1621 93 51 rem
1512 1621 107 51 suam
1579 1621 187 51 recuperare
1726 1621 93 51 per
1779 1621 200 51 violentiam:
1926 1621 107 51 impro-

1252 1664 87 55 be
1295 1664 130 55 agit.
1382 1664 101 55 Non
1440 1664 116 55 enim
1512 1664 159 55 oportet
1628 1664 203 55 perturbare
1787 1664 174 55 politiam
1917 1664 72 55 &
1932 1664 101 55 remp.

1257 1713 76 46 &
1287 1713 183 46 sibiipsi
1425 1713 214 46 ministrare
1593 1713 214 46 iustitiam.
1761 1713 138 46 Tamen
1853 1713 107 46 non
1898 1713 138 46 tenetur

1258 1757 106 49 rem
1319 1757 121 49 suam
1394 1757 213 49 restituere
1561 1757 121 49 illi
1637 1757 106 49 qui
1698 1757 137 49 nihil
1789 1757 137 49 iuris
1880 1757 152 49 habuit
1971 1757 61 49 in

1262 1798 84 51 re
1304 1798 112 51 sua:
1374 1798 112 51 quia
1444 1798 84 51 in
1486 1798 112 51 casu
1556 1798 126 51 talis
1640 1798 98 51 non
1697 1798 140 51 aufert
1795 1798 98 51 rem
1851 1798 154 51 alienam
1963 1798 98 51 sed

1257 1842 107 52 suam
1324 1842 94 52 vel
1377 1842 107 52 sibi
1444 1842 161 52 debitam:
1564 1842 67 52 &
1591 1842 94 52 per
1645 1842 187 52 consequens
1792 1842 120 52 talis
1872 1842 147 52 ablatio
1966 1842 67 52 nec

1258 1891 97 48 est
1314 1891 139 48 furtum
1411 1891 69 48 /
1438 1891 97 48 nec
1494 1891 152 48 rapina:
1605 1891 97 48 cum
1660 1891 97 48 non
1715 1891 152 48 auferat
1826 1891 125 48 illud
1909 1891 125 48 animo
1979 1891 69 48 lu-

1259 1930 147 50 crandi:
1365 1930 93 50 nec
1419 1930 134 50 noceat
1512 1930 160 50 proximo.
1632 1930 67 50 &
1659 1930 120 50 ratio
1739 1930 107 50 est.
1806 1930 107 50 quia
1873 1930 134 50 nullus
1953 1930 80 50 tene

1257 1976 102 56 tur
1316 1976 88 56 ad
1360 1976 248 56 restitutionem
1564 1976 102 56 rei
1622 1976 117 56 sibi
1695 1976 160 56 debitae
1812 1976 117 56 illi
1885 1976 102 56 cui
1943 1976 102 56 non
1987 1976 58 56 de

1256 2018 133 52 betur:
1349 2018 106 52 quia
1415 2018 146 52 frustra
1521 2018 199 52 restitueret
1681 2018 106 52 quod
1747 2018 146 52 iterato
1853 2018 106 52 sibi
1906 2018 133 52 restitui

1256 2062 142 51 debet.
1355 2062 85 51 Et
1398 2062 142 51 loquor
1497 2062 85 51 de
1540 2062 113 51 foro
1610 2062 227 51 conscientie.
1795 2062 142 51 Aliter
1894 2062 113 51 enim
1951 2062 85 51 fie-

1261 2104 86 56 ret
1310 2104 74 56 in
1347 2104 99 56 foro
1409 2104 173 56 exteriore.
1545 2104 111 56 tamen
1619 2104 74 56 si
1656 2104 123 56 fuerit
1742 2104 185 56 condemnatus
1890 2104 74 56 in
1928 2104 99 56 foro
1977 2104 74 56 con-

1253 2151 207 57 tradictorio,
1421 2151 129 57 perdet
1512 2151 91 57 per
1563 2151 116 57 modum
1641 2151 142 57 poenae:
1745 2151 103 57 quam
1809 2151 103 57 tunc
1874 2151 155 57 soluenda
1977 2151 65 57 est

1262 2205 89 46 cum
1313 2205 89 46 est
1364 2205 165 46 damnatus.
1491 2205 64 46 ⁋
1517 2205 76 46 Ad
1555 2205 127 46 primam
1644 2205 127 46 partem
1733 2205 140 46 tertiae
1835 2205 203 46 dubitationis
1987 2205 51 46 re

1273 2241 152 54 spondetur
1390 2241 94 54 quod
1449 2241 117 54 debent
1531 2241 140 54 restitui
1636 2241 82 54 eis
1683 2241 117 54 quorum
1765 2241 105 54 primo
1835 2241 199 54 erant.litetr.
1987 2241 47 54 de

1266 2284 153 52 captiuis.
1384 2284 70 52 l.
1419 2284 70 52 i.
1454 2284 70 52 &.
1489 2284 82 52 ii.
1536 2284 82 52 hoc
1583 2284 82 52 est
1630 2284 106 52 verum
1701 2284 70 52 in
1736 2284 106 52 rebus
1806 2284 94 52 quam
1865 2284 117 52 habent
1935 2284 106 52 postli-

1259 2327 149 52 minium:
1368 2327 109 52 quod
1436 2327 95 52 est
1490 2327 95 52 ius
1544 2327 109 52 quod
1612 2327 149 52 debetur
1721 2327 163 52 captiuis
1843 2327 163 52 postquam
1965 2327 68 52 a
1979 2327 54 52 ca

1260 2375 199 55 ptiuitate
1413 2375 184 55 liberati
1551 2375 138 55 sunt:
1643 2375 92 55 vt
1689 2375 123 55 sunt
1765 2375 138 55 equi:
1857 2375 138 55 naues
1934 2375 107 55 onera

1264 2420 114 57 tae,
1335 2420 157 57 currus,
1449 2420 71 57 &
1477 2420 142 57 boues:
1577 2420 71 57 &
1606 2420 100 57 hoc
1663 2420 114 57 nisi
1734 2420 100 57 lex
1791 2420 214 57 municipalis
1948 2420 85 57 prae

1268 2461 180 59 iudicet.
1403 2461 90 59 Ad
1448 2461 180 59 secundam
1583 2461 150 59 partem
1687 2461 135 59 dubii
1777 2461 165 59 dicitur
1897 2461 120 59 quod
1972 2461 105 59 in-

1257 2504 141 53 multis
1355 2504 126 53 locis
1440 2504 141 53 captus
1538 2504 84 53 in
1580 2504 126 53 bello
1665 2504 98 53 fit
1721 2504 141 53 solius
1819 2504 197 53 capientis.
1960 2504 84 53 alia

1267 2549 123 47 autem
1349 2549 109 47 bona
1418 2549 82 47 vt
1459 2549 123 47 boues
1541 2549 68 47 /
1568 2549 109 47 oues
1637 2549 68 47 /
1664 2549 68 47 &
1691 2549 109 47 equi
1760 2549 192 47 diuiduntur
1910 2549 68 47 a
1924 2549 123 47 praefe-

1270 2594 95 46 cto
1325 2594 163 46 militum.
1447 2594 82 46 Et
1488 2594 109 46 quia
1556 2594 122 46 leges
1637 2594 272 46 consuetudinariae
1868 2594 82 46 in
1909 2594 122 46 istis
1977 2594 68 46 suf

1266 2636 181 73 ficiunt:
1402 2636 196 73 propterea
1553 2636 211 73 circatales
1719 2636 136 73 leges
1809 2636 166 73 humanas
1930 2636 106 73 non
1976 2636 75 73 est

1238 2680 246 74 insistendum.
