2317 3314
446 282 120 72 lum
514 282 154 72 esset
617 282 222 72 iniustum.
788 282 120 72 Sed
857 282 103 72 an
908 282 205 72 damnatus
1062 282 103 72 ad
1096 282 137 72 mortem

442 336 142 65 iuste:
541 336 99 65 cui
598 336 113 65 pats
669 336 99 65 via
725 336 170 65 abeundi,
853 336 170 65 teneatur
980 336 198 65 discedere,
1122 336 99 65 maior

454 384 87 63 est
503 384 199 63 difficultas.
665 384 62 63 &
690 384 187 63 probabilius
840 384 125 63 iudico
927 384 100 63 quod
990 384 87 63 non
1039 384 150 63 tenetur:
1139 384 75 63 quia

447 424 204 55 rationabilem
613 424 204 55 excusationem
779 424 128 55 habent
868 424 77 55 de
906 424 89 55 hoc
957 424 77 55 vt
996 424 77 55 ab
1034 424 102 55 illo
1085 424 140 55 praecepto

448 470 87 54 sit
497 470 175 54 absolutus:
635 470 112 54 sicut
710 470 137 54 tempore
809 470 150 54 martyrii
922 470 75 54 de
959 470 162 54 consilio.
1084 470 75 54 Et
1121 470 100 54 idem
1171 470 50 54 di

449 520 99 51 co:
506 520 85 51 si
548 520 113 51 homo
619 520 99 51 sic
676 520 156 51 iudicet
789 520 85 51 ad
832 520 142 51 mortem
931 520 85 51 ne
974 520 142 51 vnquam
1073 520 170 51 comedat:
1186 520 43 51 &

455 565 145 47 ponatur
560 565 119 47 cibus
639 565 119 47 prope
718 565 105 47 eum:
784 565 132 47 potest
876 565 171 47 abstinere
1008 565 119 47 nihil
1074 565 145 47 comedendo

443 608 114 52 sicut
519 608 126 52 potest
608 608 88 52 non
658 608 164 52 aufugere.
785 608 76 52 Et
823 608 152 52 quicquid
936 608 101 52 alii
999 608 126 52 dicant
1088 608 63 52 /
1113 608 101 52 idem
1164 608 63 52 est

446 653 98 50 nec
502 653 182 50 discrimen
642 653 126 50 vllum
726 653 140 50 video.
824 653 98 50 sed
880 653 84 50 si
922 653 140 50 sortes
1020 653 126 50 iuste
1090 653 140 50 damnetur

453 696 78 50 ad
492 696 183 50 amissionem
636 696 144 50 bonorum
740 696 170 50 fortumae:
871 696 91 50 non
923 696 91 50 est
976 696 144 50 licitum
1080 696 144 50 aliquid
1172 696 52 50 de

449 740 93 51 eis
502 740 132 51 capere
594 740 119 51 vltra
674 740 119 51 illud
753 740 106 51 quod
820 740 132 51 potest
912 740 185 51 succurrere
1058 740 106 51 suae
1111 740 106 51 vitae:

449 786 104 57 quia
514 786 182 57 acquisitio
657 786 130 57 talium
748 786 91 57 est
800 786 78 57 de
839 786 104 57 iure
904 786 169 57 positiuo.
1034 786 117 57 Aliud
1112 786 104 57 enim
1164 786 52 57 do

449 830 110 59 minium
526 830 110 59 habent
603 830 66 59 in
636 830 88 59 suam
691 830 110 59 vitam:
769 830 132 59 scilicet
868 830 132 59 dominium
956 830 121 59 naturale.

606 914 199 70 irca
730 914 199 70 hanc
855 914 298 70 materiam
1053 914 174 70 moue-

525 963 174 93 Quamquam
656 963 87 93 bo
700 963 160 93 aliquas
816 963 247 93 dubitationes.
1019 963 131 93 Prima
1091 963 131 93 dubita-

591 1017 127 71 ltio.
676 1017 142 71 Sortes
775 1017 127 71 habet
860 1017 113 71 vnum
931 1017 127 71 pedem
1016 1017 85 71 in
1044 1017 170 71 compedibus

597 1071 115 59 quaes
674 1071 153 59 frangere
789 1071 141 59 nequit:
891 1071 141 59 ponitur
994 1071 141 59 seorsum
1096 1071 77 59 ab
1121 1071 90 59 aliis

431 1107 65 65 &
457 1107 117 65 prope
535 1107 91 65 eum
587 1107 182 65 cultellus:
730 1107 78 65 si
769 1107 117 65 tibia
847 1107 65 65 /
873 1107 117 65 manum
951 1107 65 65 /
977 1107 91 65 vel
1029 1107 117 65 aliud
1094 1107 117 65 membrum

449 1150 179 57 ibscindat
587 1150 138 57 potest
684 1150 138 57 abire,
780 1150 69 57 &
808 1150 110 57 suae
877 1150 124 57 vitae
960 1150 207 57 succurrere.
1125 1150 83 57 si
1153 1150 55 57 ma

439 1195 111 60 neat,
513 1195 148 60 morietur
624 1195 99 60 fame
686 1195 74 60 in
723 1195 186 60 compedibus:
872 1195 99 60 quid
933 1195 99 60 opus
995 1195 87 60 est
1045 1195 124 60 facto?
1119 1195 99 60 Raspon

438 1238 106 59 deo,
504 1238 93 59 non
557 1238 120 59 video
637 1238 146 59 aliquod
744 1238 106 59 nisi
810 1238 80 59 vt
850 1238 146 59 membrum
956 1238 160 59 frangat:
1076 1238 120 59 sicut
1143 1238 66 59 chi

441 1288 132 55 rurgus
533 1288 159 55 abscidit
652 1288 145 55 membrum
758 1288 159 55 putridum
877 1288 159 55 reliquam
996 1288 172 55 inficiens
1128 1288 79 55 vt
1154 1288 53 55 to

429 1333 104 63 tum
489 1333 194 63 copositum
638 1333 149 63 viuat.
742 1333 90 63 de
787 1333 149 63 duobus
892 1333 119 63 enim
966 1333 134 63 malis
1056 1333 149 63 poenae
1145 1333 75 63 mi-

436 1379 103 47 nus
495 1379 103 47 est
554 1379 207 47 eligendum.
746 1379 162 47 Secundo
865 1379 207 47 dubitatur.
1027 1379 177 47 Sacerdos
1145 1379 74 47 vi-

427 1417 101 59 det
484 1417 115 59 vnum
556 1417 172 59 paruulum
685 1417 230 59 baptizandum:
872 1417 72 59 &
901 1417 172 59 tyrannus
1030 1417 101 59 est
1088 1417 101 59 eum
1131 1417 86 59 occi

425 1463 128 68 surus
510 1463 86 68 si
553 1463 185 68 expectet:
696 1463 86 68 si
738 1463 171 68 aufugiat
867 1463 171 68 paruulus
995 1463 185 68 morietur:
1123 1463 86 68 quia

427 1505 136 69 ponatur
526 1505 74 69 in
563 1505 148 69 periculo
674 1505 124 69 vitae,
761 1505 87 69 vel
810 1505 99 69 quod
872 1505 136 69 tyranus
971 1505 136 69 occidet
1070 1505 124 69 paruui
1144 1505 62 69 uam

446 1558 93 55 uid
499 1558 120 55 debet
579 1558 160 55 sacerdos
699 1558 80 55 in
739 1558 107 55 isto
805 1558 107 55 casu
872 1558 147 55 facere?
979 1558 213 55 Respondetur:
1138 1558 67 55 ba-

448 1604 140 54 tizabit
550 1604 165 54 paruulum.
677 1604 63 54 &
702 1604 114 54 ratio
778 1604 102 54 est:
842 1604 102 54 quia
905 1604 76 54 si
943 1604 152 54 sacerdos
1058 1604 89 54 sit
1108 1604 76 54 in
1134 1604 76 54 bona

426 1649 219 58 dispositione:
606 1649 116 58 solum
683 1649 154 58 morietur
799 1649 154 58 corpore.
915 1649 77 58 si
954 1649 103 58 vero
1018 1649 90 58 non
1069 1649 90 58 sit
1121 1649 77 58 in
1147 1649 64 58 bo-

436 1685 78 68 na
475 1685 222 68 dispositione:
658 1685 131 68 potest
749 1685 78 68 in
788 1685 117 68 breui
867 1685 144 68 tempore
971 1685 78 68 se
1010 1685 183 68 disponere.
1141 1685 65 68 par

432 1737 120 55 uulus
512 1737 120 55 autem
592 1737 160 55 perpetuo
712 1737 200 55 damnabitur:
872 1737 107 55 quod
938 1737 120 55 magis
1018 1737 160 55 cauendum
1125 1737 80 55 est.

459 1772 139 65 Tertio
556 1772 194 65 dubitatur.
709 1772 97 65 sit
764 1772 111 65 vnus
833 1772 125 65 asser
917 1772 83 65 in
958 1772 111 65 naue
1028 1772 153 65 fracta:
1125 1772 69 65 qui

422 1820 126 56 aegre
506 1820 112 56 duos
576 1820 70 56 /
604 1820 98 56 sed
660 1820 112 56 vnum
730 1820 182 56 sustinere
869 1820 154 56 potest:
981 1820 84 56 an
1023 1820 140 56 possim
1107 1820 98 56 sociu

426 1869 105 54 meum
491 1869 144 54 pellere
596 1869 79 54 ne
636 1869 144 54 asserem
740 1869 170 54 lucretur.
871 1869 210 54 Respondetur.
1042 1869 66 54 a
1055 1869 144 54 principio

423 1908 155 79 possum
531 1908 201 79 elaborare
686 1908 170 79 asserem
810 1908 139 79 primo
903 1908 201 79 obtinere:
1058 1908 108 79 sed
1104 1908 93 79 ipsd

416 1945 98 75 ab
465 1945 130 75 alio
546 1945 196 75 obtento,
693 1945 114 75 non
758 1945 147 75 debeo
856 1945 114 75 eum
905 1945 163 75 eijcere.

466 2034 216 75 Quarto
617 2034 302 75 dubitatur:
854 2034 129 75 an
919 2034 216 75 liceat
1048 2034 151 75 occi-

427 2092 119 65 dere
501 2092 208 65 innocentem
664 2092 104 65 pro
724 2092 208 65 defendenda
887 2092 119 65 vita
961 2092 178 65 propria.
1094 2092 74 65 &
1109 2092 89 65 pro-

422 2130 124 74 batur
505 2130 111 74 quod
574 2130 111 74 sic:
643 2130 138 74 posito
740 2130 111 74 quod
809 2130 124 74 esset
892 2130 124 74 nauis
975 2130 180 74 hominibus
1099 2130 111 74 refer-

429 2175 86 76 ta:
478 2175 86 76 sic
527 2175 147 76 scilicet
638 2175 74 76 vt
675 2175 61 76 a
699 2175 160 76 principio
822 2175 86 76 non
871 2175 184 76 percipiatur
1019 2175 98 76 quod
1068 2175 135 76 hominium.

412 2227 150 55 nimia
512 2227 200 55 grauitas
662 2227 150 55 ponet
762 2227 150 55 nauim
862 2227 117 55 sub
929 2227 167 55 aquas,
1045 2227 117 55 eam
1095 2227 100 55 sub-

419 2274 208 53 mergendo:
579 2274 112 53 sed
643 2274 192 53 temporis
787 2274 192 53 successu
932 2274 144 53 illud
1012 2274 192 53 depraehen-

430 2312 141 67 ditur.
529 2312 113 67 tunc
599 2312 113 67 sic.
670 2312 127 67 licet
754 2312 127 67 sorti
839 2312 155 67 eijcere
951 2312 169 67 Platonem
1078 2312 113 67 suae
1135 2312 56 67 vi

412 2352 107 63 tae
473 2352 245 63 succurrendo.
672 2352 123 63 sint
749 2352 169 63 quatuor
871 2352 153 63 gratia
979 2352 169 63 exempli
1101 2352 92 63 in
1132 2352 61 63 na

415 2411 86 48 ui
458 2411 100 48 vel
515 2411 86 48 in
558 2411 186 48 nauicula:
701 2411 115 48 quia
773 2411 129 48 aequa
859 2411 100 48 est
917 2411 215 48 difficultas
1089 2411 86 48 de
1117 2411 72 48 mil

416 2440 80 72 le
456 2440 80 72 in
496 2440 120 72 magna
576 2440 120 72 naui:
656 2440 93 72 sed
709 2440 173 72 breuitati
842 2440 187 72 insistendo
989 2440 107 72 sint
1056 2440 107 72 isti
1109 2440 80 72 qua-

416 2491 112 65 tuor
486 2491 84 65 a.
528 2491 84 65 b.
570 2491 84 65 c.
612 2491 84 65 d.
654 2491 140 65 melius
752 2491 98 65 est
809 2491 112 65 quod
879 2491 98 65 duo
935 2491 154 65 maneant
1033 2491 154 65 incolumes

417 2529 150 69 scilicet
530 2529 75 69 a.
568 2529 63 69 &
593 2529 100 69 bce.
655 2529 100 69 quam
718 2529 113 69 omnes
793 2529 138 69 quatuor
893 2529 213 69 submergantur.
1068 2529 88 69 sed
1118 2529 88 69 non
1155 2529 38 69 o

416 2576 125 71 mnes
495 2576 172 71 possunt
620 2576 125 71 esse
698 2576 234 71 superstites
885 2576 94 71 ex
932 2576 219 71 hypothesi:
1088 2576 94 71 ergo

419 2614 178 66 licitum
548 2614 130 66 erit
630 2614 162 66 duobus
743 2614 178 66 eijcere
873 2614 146 66 alios
970 2614 146 66 duos.
1067 2614 113 66 Non
1116 2614 81 66 va-

403 2656 119 82 let
471 2656 187 82 dicere:
607 2656 255 82 implorandum
812 2656 136 82 esse
897 2656 187 82 diuinum
1016 2656 170 82 auxilium

1289 298 85 72 &
1323 298 254 72 expectandum
1526 298 203 72 quousque
1678 298 152 72 omnes
1780 298 288 72 submergantur.
1999 298 85 72 hoc

1279 348 159 67 inqua
1385 348 124 67 non
1456 348 177 67 valet:
1580 348 141 67 quia
1668 348 177 67 debent
1792 348 141 67 modo
1881 348 177 67 humano
1987 348 88 67 suc

1294 396 162 60 currere
1412 396 132 60 vitae
1500 396 118 60 suae
1574 396 118 60 omni
1647 396 118 60 modo
1721 396 162 60 licito.
1839 396 103 60 Non
1897 396 147 60 aliter
1986 396 88 60 nan-

1298 441 128 63 puer
1378 441 176 63 Abraham
1506 441 160 63 Sarram
1618 441 160 63 vxorem
1730 441 176 63 dicebat
1858 441 128 63 esse
1922 441 144 63 sororem

1279 486 92 56 ne
1325 486 183 56 mulieris
1462 486 153 56 gratia
1569 486 244 56 occideretur.
1767 486 183 56 Genesis.
1904 486 122 56 xii.
1965 486 107 56 Fodem

1287 533 142 49 modo
1376 533 266 49 argumentari
1589 533 159 49 potes
1695 533 106 49 de
1748 533 177 49 duobus
1854 533 213 49 attingenti

1287 567 106 65 bus
1347 567 151 65 costam
1453 567 136 65 nauis
1544 567 181 65 fractae:
1680 567 121 65 quos
1756 567 181 65 sustinet
1892 567 136 65 costa
1982 567 76 65 a
1997 567 76 65 pri

1291 613 149 61 cipio:
1395 613 104 61 sed
1455 613 104 61 non
1514 613 89 61 in
1559 613 119 61 fine
1633 613 89 61 ob
1678 613 193 61 raritatem
1827 613 149 61 aquae:
1931 613 104 61 vel
1976 613 89 61 mino

1283 664 91 60 rem
1335 664 233 60 profunditatem:
1529 664 91 60 vel
1581 664 104 60 vnam
1646 664 129 60 partem
1736 664 129 60 costae
1827 664 155 60 fractam.
1956 664 104 60 Raspon

1290 701 120 55 deo.
1365 701 150 55 debent
1470 701 165 55 mittere
1589 701 150 55 sortem
1694 701 135 55 sicut
1784 701 150 55 factum
1888 701 105 55 est
1948 701 105 55 cum
1993 701 75 55 lo-

1283 748 95 64 na
1331 748 205 64 propheta:
1488 748 79 64 &
1520 748 126 64 illi
1599 748 142 64 super
1693 748 126 64 quos
1772 748 142 64 cadet
1867 748 142 64 sors,
1946 748 126 64 patien

1283 787 101 66 ter
1340 787 145 66 nabent
1442 787 130 66 ferre
1529 787 87 66 vt
1572 787 217 66 proiiciatur
1746 787 87 66 in
1789 787 130 66 mare.
1876 787 101 66 Sed
1934 787 87 66 si
1963 787 101 66 omnes

1275 842 211 59 renitantur
1440 842 90 59 de
1486 842 135 59 sorte
1576 842 196 59 mittenda:
1726 842 75 59 &
1756 842 150 59 dicant
1861 842 90 59 se
1907 842 135 59 velle
1982 842 90 59 expe

1281 879 110 70 ctare
1354 879 134 70 euentum
1452 879 86 70 rei
1501 879 61 70 &
1525 879 171 70 voluntatem
1660 879 98 70 dei:
1721 879 86 70 iam
1770 879 147 70 quaestio
1880 879 86 70 est
1929 879 73 70 an
1965 879 73 70 a.
2002 879 61 70 &
2014 879 49 70 b.

1282 928 153 54 possint
1394 928 153 54 eijcere
1505 928 84 54 c.
1547 928 70 54 &
1575 928 84 54 d.
1617 928 112 54 Voco
1686 928 126 54 posse
1770 928 112 54 quod
1840 928 84 54 de
1882 928 112 54 iure
1937 928 126 54 pateot.

1277 974 76 63 si
1315 974 101 63 sic,
1379 974 139 63 licebit
1480 974 152 63 occidere
1594 974 177 63 innocentem
1733 974 127 63 scitum
1822 974 101 63 esse
1885 974 127 63 talem.
1961 974 114 63 Respon-

1283 1012 136 71 detur.
1379 1012 136 71 satius
1474 1012 95 71 est
1528 1012 109 71 duos
1596 1012 163 71 submergi
1718 1012 109 71 quam
1786 1012 136 71 omnes.
1881 1012 177 71 Propterea
2004 1012 54 71 ap

1287 1063 120 52 paret
1367 1063 107 52 quod
1434 1063 80 52 a.
1474 1063 67 52 &
1501 1063 80 52 b.
1541 1063 120 52 patet
1621 1063 147 52 eijcere
1728 1063 80 52 c.
1769 1063 67 52 &
1795 1063 80 52 de
1835 1063 94 52 pro
1889 1063 161 52 seruanda
1996 1063 67 52 sua

1283 1109 125 45 vita:
1367 1109 97 45 sed
1422 1109 97 45 eos
1478 1109 97 45 non
1533 1109 139 45 sponte
1631 1109 181 45 occidunt.
1770 1109 125 45 etiam
1853 1109 83 45 si
1895 1109 125 45 omnes
1979 1109 111 45 man-

1289 1142 149 67 sissent
1398 1142 81 67 in
1439 1142 122 67 naui,
1520 1142 122 67 omnes
1601 1142 203 67 periissent.
1764 1142 95 67 Nec
1818 1142 95 67 hoc
1872 1142 95 67 est
1926 1142 136 67 contra
2008 1142 54 67 di

1281 1185 92 58 cta
1333 1185 92 58 vbi
1386 1185 171 58 dicebatur
1517 1185 105 58 quod
1583 1185 105 58 quis
1648 1185 131 58 potest
1740 1185 157 58 occidere
1858 1185 171 58 inuasorem
1976 1185 92 58 iniu-

1281 1233 97 70 ste
1337 1233 97 70 pro
1392 1233 195 70 defendenda
1545 1233 97 70 sua
1601 1233 125 70 vita:
1684 1233 111 70 quia
1753 1233 97 70 hic
1809 1233 139 70 agitur
1906 1233 97 70 vbi
1962 1233 111 70 quis
2017 1233 56 70 oe

1276 1287 132 47 cidit
1364 1287 206 47 innocentem
1526 1287 88 47 vt
1570 1287 147 47 saluet
1673 1287 132 47 vitam
1761 1287 176 47 propria.
1894 1287 88 47 vt
1938 1287 132 47 patet
2011 1287 59 47 de

1286 1327 77 60 a.
1325 1327 167 60 eijciente
1453 1327 77 60 c.
1492 1327 90 60 vbi
1543 1327 116 60 eadem
1620 1327 141 60 ratione
1723 1327 77 60 c.
1761 1327 90 60 pot
1812 1327 154 60 occidere
1928 1327 77 60 a.
1966 1327 77 60 se
1992 1327 77 60 inua

1283 1366 143 64 dentem.
1387 1366 91 64 Sed
1439 1366 130 64 contra
1530 1366 117 64 istud
1608 1366 169 64 arguitur.
1738 1366 78 64 ex
1777 1366 104 64 isto
1842 1366 156 64 sequitur
1959 1366 104 64 quod
2011 1366 52 64 si

1281 1415 186 46 tyrannus
1420 1415 109 46 sub
1482 1415 140 46 poena
1575 1415 155 46 mortis
1684 1415 233 46 praeciperet
1870 1415 124 46 mihi
1932 1415 140 46 occide-

1272 1458 89 57 re
1317 1458 164 57 sortem:
1436 1458 104 57 hoc
1495 1458 149 57 possem
1599 1458 104 57 pro
1659 1458 178 57 saluanda
1792 1458 104 57 mea
1852 1458 134 57 vita:
1926 1458 134 57 dummodo

1277 1506 187 55 assentiam
1421 1506 115 55 quod
1493 1506 173 55 tyrannus
1622 1506 101 55 hoc
1680 1506 158 55 faciet:
1795 1506 115 55 quod
1867 1506 187 55 concedere
1996 1506 58 55 vi

1270 1544 125 72 detur
1354 1544 139 72 durum.
1451 1544 70 72 &
1479 1544 125 72 probo
1562 1544 236 72 consequentiam
1757 1544 83 72 ex
1799 1544 125 72 eodem
1882 1544 125 72 fonte
1966 1544 83 72 ex
1993 1544 70 72 quo

1269 1582 151 63 scatet
1374 1582 166 63 solutio
1495 1582 241 63 principalis.
1691 1582 136 63 Etiam
1782 1582 106 63 qua
1842 1582 166 63 ratione
1947 1582 106 63 pota.

1268 1635 133 61 eijcere
1364 1635 72 61 c.
1400 1635 120 61 potest
1485 1635 108 61 ipsum
1557 1635 157 61 occidere:
1678 1635 96 61 quia
1738 1635 96 61 quid
1798 1635 120 61 refert
1882 1635 157 61 proiicere
1991 1635 60 61 eum

1277 1675 101 66 in
1328 1675 135 66 mare
1412 1675 101 66 in
1463 1675 118 66 quo
1531 1675 271 66 submergetur:
1751 1675 85 66 &
1784 1675 152 66 ferro
1869 1675 186 66 perimeret

1277 1719 204 66 Respondetur.
1443 1719 115 66 color
1519 1719 89 66 est
1570 1719 76 66 in
1608 1719 191 66 concessione
1761 1719 127 66 omnium
1850 1719 178 66 illatorum.
1990 1719 89 66 sed

1279 1769 74 69 ne
1316 1769 110 69 locum
1389 1769 196 69 carnificibus
1548 1769 123 69 demus:
1634 1769 123 69 potest
1720 1769 98 69 dici
1781 1769 86 69 non
1830 1769 98 69 esse
1892 1769 135 69 simile:
1977 1769 74 69 quia

1268 1814 137 58 multi
1359 1814 183 58 proiecti
1497 1814 92 58 in
1542 1814 122 58 mare
1619 1814 168 58 euadunt
1741 1814 183 58 natando,
1878 1814 107 58 vbi
1939 1814 107 58 est
1985 1814 61 58 mi

1274 1847 94 73 hi
1321 1847 157 73 dubium
1432 1847 94 73 an
1479 1847 157 73 natare
1589 1847 157 73 sciat.
1699 1847 126 73 ltem
1778 1847 110 73 ego
1841 1847 110 73 sum
1904 1847 94 73 in
1935 1847 126 73 partia

1264 1894 89 75 li
1309 1894 222 75 possessione
1486 1894 148 75 nauis:
1590 1894 133 75 secus
1678 1894 104 75 est
1737 1894 89 75 de
1782 1894 118 75 vita
1856 1894 192 75 alterius.
1989 1894 59 75 Si

1267 1938 113 79 haec
1337 1938 155 79 solutio
1450 1938 113 79 tibi
1521 1938 127 79 nimis
1605 1938 99 79 pia
1662 1938 183 79 videatur:
1802 1938 99 79 dic
1859 1938 113 79 quod
1915 1938 113 79 voles.

1315 1991 218 90 Quinto
1467 1991 305 90 dubitatur:
1707 1991 131 90 an
1772 1991 261 90 clericus
1946 1991 109 90 com

1264 2064 154 73 misso
1366 2064 222 73 homicidio
1537 2064 171 73 perdat
1657 2064 256 73 beneficium.
1862 2064 154 73 Sexto
1965 2064 120 73 du-

1275 2105 180 70 bitatur.
1410 2105 135 70 vtrum
1500 2105 165 70 aliquis
1620 2105 105 70 sit
1679 2105 210 70 torquendus
1844 2105 150 70 licite
1949 2105 90 70 vt
1979 2105 60 70 ex

1262 2154 109 73 sua
1325 2154 233 73 confessione
1511 2154 202 73 inferatur
1667 2154 140 73 mors.
1791 2154 93 73 Ad
1838 2154 171 73 quintam
1947 2154 93 73 dubi

1270 2200 170 62 tationem
1397 2200 213 62 respondetur
1567 2200 113 62 quod
1638 2200 198 62 homicidium
1794 2200 227 62 superueniens
1964 2200 71 62 ha-

1267 2243 137 73 benti
1358 2243 213 73 beneficium
1525 2243 106 73 non
1586 2243 152 73 priuat
1692 2243 243 73 beneficiatum
1890 2243 106 73 suo
1936 2243 106 73 bene-

1259 2289 123 67 ficio
1341 2289 109 67 ipso
1409 2289 136 67 facto:
1505 2289 95 67 sed
1559 2289 109 67 opus
1627 2289 95 67 est
1682 2289 191 67 sententia.
1832 2289 82 67 ad
1873 2289 95 67 hoc
1927 2289 95 67 est
1968 2289 68 67 te-

1263 2339 106 60 xtus
1329 2339 93 60 in.
1382 2339 80 60 c.
1422 2339 173 60 Clericis,
1555 2339 80 60 ne
1595 2339 146 60 clerici
1701 2339 93 60 vel
1754 2339 159 60 monachi.
1874 2339 93 60 sed
1927 2339 80 60 si
1953 2339 80 60 homi

1265 2382 136 67 cidium
1360 2382 95 67 seu
1415 2382 109 67 illa
1483 2382 231 67 irregularitas
1673 2382 163 67 positiua
1795 2382 136 67 humana
1876 2382 163 67 praecessit

1269 2430 214 64 collationem:
1442 2430 93 64 non
1496 2430 120 64 tenet
1576 2430 174 64 collatio,
1709 2430 107 64 quia
1776 2430 120 64 facta
1856 2430 147 64 indigno
1963 2430 67 64 &
1976 2430 67 64 im-

1257 2461 135 75 habili
1351 2461 81 75 ad
1391 2461 202 75 executionem
1553 2461 162 75 officii.
1674 2461 81 75 vt
1715 2461 81 75 in
1755 2461 108 75 cap.
1822 2461 148 75 finali.
1930 2461 81 75 de
1957 2461 81 75 ten-

1258 2514 100 68 po.
1315 2514 172 68 ordinam.
1472 2514 86 68 Ad
1515 2514 143 68 sextam
1616 2514 229 68 dubitationem
1802 2514 143 68 dcitur
1902 2514 115 68 quod
1973 2514 100 68 duo

1248 2563 224 52 requiruntur
1428 2563 90 52 ad
1472 2563 180 52 torturam
1607 2563 105 52 vel
1667 2563 90 52 ad
1712 2563 224 52 quaestiones
1891 2563 120 52 quod
1951 2563 90 52 idem

1252 2600 115 68 est.
1323 2600 129 68 primo
1410 2600 115 68 quod
1482 2600 158 68 veritas
1597 2600 144 68 aliter
1697 2600 144 68 haberi
1798 2600 101 68 non
1855 2600 158 68 possit:
1956 2600 86 68 quia

1263 2639 180 79 quaestio
1398 2639 105 79 fit
1458 2639 135 79 causa
1548 2639 210 79 indagandae
1713 2639 210 79 veritatis:
1878 2639 75 79 &
1908 2639 90 79 in
1938 2639 90 79 sub-

1262 2682 149 83 uidium.
1370 2682 81 83 v.
1410 2682 108 83 qui.
1478 2682 81 83 v.
1518 2682 81 83 in
1559 2682 108 83 cap.
1626 2682 122 83 Illi.
1707 2682 149 83 Secundo
1815 2682 189 83 requiritur
1950 2682 81 83 quod
