2340 3360
404 277 237 68 accumulare:
593 277 173 68 aliquid
720 277 173 68 dicemus
846 277 142 68 circa
940 277 110 68 ea:
988 277 189 68 inchoantes

421 344 73 40 a
451 344 160 40 vulpino
567 344 131 40 fure,
655 344 131 40 trium
742 344 190 40 literarum
888 344 131 40 viro:
976 344 160 40 Quatuor
1078 344 102 40 circa

419 376 116 49 hanc
491 376 174 49 materiam
621 376 203 49 quasituri.
781 376 145 49 Primo,
882 376 87 49 an
925 376 130 49 furto
1012 376 145 49 aliena
1099 376 87 49 sub-

422 419 155 56 trahens
534 419 155 56 peccet.
647 419 155 56 Secunda
759 419 169 56 quaestio
886 419 112 56 erit
956 419 84 56 de
984 419 197 56 cauillatione

423 467 150 53 quadam
528 467 150 53 nodosa
634 467 150 53 furti.
739 467 150 53 Tertia
844 467 90 53 de
889 467 241 53 restitutione
1070 467 120 53 furti.

425 510 83 57 Et
467 510 111 57 quia
536 510 138 57 aliqui
633 510 97 57 non
688 510 111 57 bene
757 510 152 57 capiunt
868 510 97 57 quo
923 510 111 57 modo
992 510 97 57 pro
1048 510 125 57 furto
1117 510 69 57 sim

428 558 133 53 plici,
521 558 93 53 hoc
574 558 93 53 est
627 558 80 53 vt
667 558 213 53 distinguitur
841 558 133 53 contra
934 558 147 53 rapina,
1027 558 160 53 infligatur

428 598 129 51 mors:
514 598 143 51 Quarto
614 598 158 51 quaram,
729 598 86 51 an
772 598 100 51 hoc
829 598 158 51 liceat.
944 598 86 51 Et
987 598 115 51 haec
1059 598 129 51 erunt
1131 598 57 51 de

426 644 119 54 furto
505 644 146 54 proprie
611 644 132 54 dicto.
704 644 119 54 Primo
783 644 106 54 ergo
849 644 185 54 quaeritur,
995 644 79 54 an
1034 644 119 54 furto
1101 644 79 54 alie

417 689 88 51 na
461 689 190 51 asportans
607 689 161 51 peccet.
724 689 73 51 â‹
754 689 102 51 Pro
812 689 190 51 solutione
958 689 219 51 quaestionis
1119 689 73 51 ani

428 739 174 48 maduerte:
561 739 107 48 quod
628 739 94 48 per
682 739 134 48 furtum
775 739 161 48 interdum
896 739 214 48 intelligimus
1056 739 134 48 rapinam,

419 776 66 48 &
445 776 105 48 omne
511 776 158 48 illicite
630 776 171 48 detentum.
761 776 92 48 quo
814 776 105 48 modo
880 776 145 48 capitur
985 776 79 48 in
1012 776 184 48 prohibitione

417 822 195 50 decalogi.
567 822 90 50 &.
612 822 150 50 xiiii.
717 822 120 50 qui.
792 822 90 50 v.
836 822 180 50 Poenale.
971 822 105 50 Sic
1016 822 180 50 simoniacus

420 868 86 54 non
469 868 172 54 ingrediens
604 868 86 54 per
653 868 123 54 ostium
739 868 86 54 est
788 868 98 54 fur.
849 868 123 54 xxiii.
935 868 74 54 q.
972 868 110 54 iiii.
1045 868 98 54 Tres
1094 868 86 54 perso

421 908 112 57 nas.
491 908 98 57 Sic
547 908 126 57 etiam
631 908 168 57 vsuraria
757 908 154 57 pecunia
870 908 98 57 est
926 908 154 57 furtum.
1038 908 84 57 Si
1066 908 126 57 proprie

428 955 172 55 capiatur,
560 955 93 55 est
613 955 146 55 volitio
719 955 159 55 capiendi
838 955 106 55 quod
904 955 146 55 putatur
1010 955 159 55 alienum,
1116 955 79 55 clan

423 1003 139 50 culum
515 1003 154 50 inuito
623 1003 169 50 domino,
746 1003 139 50 animo
839 1003 200 50 lucrandi.
993 1003 123 50 Haec
1054 1003 139 50 defini-

413 1048 109 46 tio
476 1048 171 46 quadrat
600 1048 109 46 cum
662 1048 93 46 ea
708 1048 124 46 quam
786 1048 109 46 dat
848 1048 217 46 Imperator.
1018 1048 171 46 Instit.
1127 1048 62 46 de

420 1095 120 45 obli,
500 1095 107 45 quae
566 1095 80 45 ex
606 1095 147 45 delict.
713 1095 107 45 nas.
780 1095 80 45 S.
820 1095 147 45 Furtum.
926 1095 93 45 vbi
980 1095 67 45 &
1006 1095 133 45 nomnis
1086 1095 107 45 etymo-

429 1131 147 56 ogiam
527 1131 212 56 explicat.
690 1131 147 56 Addut
788 1131 163 56 aliqui
902 1131 163 56 mobile
1016 1131 82 56 &
1033 1131 163 56 corpora-

425 1177 101 54 le,
482 1177 101 54 per
540 1177 101 54 hoc
598 1177 173 54 simoniam
728 1177 72 54 &
757 1177 144 54 vsuram
858 1177 231 54 excludentes.
1046 1177 101 54 sed
1089 1177 101 54 faci-

425 1217 87 51 le
469 1217 102 51 est
527 1217 116 51 haec
600 1217 189 51 impugnare
745 1217 102 51 per
803 1217 232 51 metaphysicam
992 1217 73 51 /
1021 1217 160 51 petendo
1122 1217 73 51 quo

418 1269 115 47 modo
490 1269 101 47 sit
547 1269 130 47 vsura
634 1269 216 47 spiritualis
807 1269 101 47 vel
864 1269 130 47 circa
951 1269 101 47 rem
994 1269 202 47 spiritualem.

429 1309 104 57 sed
489 1309 104 57 non
548 1309 178 57 insisto.
682 1309 238 57 Definitionem
875 1309 208 57 aggredior.
1038 1309 89 57 in
1083 1309 104 57 qua
1128 1309 59 57 vo

427 1355 132 50 litio
516 1355 162 50 ponitur
633 1355 118 50 loco
707 1355 176 50 generis:
839 1355 103 50 non
898 1355 88 50 vt
942 1355 132 50 verum
1030 1355 147 50 genus:
1118 1355 74 50 cum

423 1397 137 51 furtu
514 1397 258 51 connotationem
727 1397 213 51 peregrinam
894 1397 152 51 habeat
1000 1397 182 51 respectu
1122 1397 76 51 ter

429 1448 128 49 mini
509 1448 191 49 volitio:
652 1448 112 49 sed
716 1448 96 49 vt
764 1448 160 49 melius
876 1448 112 49 rem
940 1448 144 49 ipsam
1019 1448 176 49 capiamus:

430 1483 149 58 placuit
539 1483 95 58 ita
593 1483 149 58 dicere.
701 1483 149 58 Dicitur
809 1483 122 58 (quod
890 1483 149 58 putatur
998 1483 162 58 alienum)
1120 1483 68 58 &
1133 1483 68 58 non

430 1533 172 51 alienum:
559 1533 115 51 quia
630 1533 86 51 si
673 1533 100 51 rem
731 1533 115 51 meam
802 1533 129 51 capio
888 1533 115 51 quam
960 1533 129 51 credo
1046 1533 115 51 esse
1103 1533 86 51 alie

429 1575 117 53 nam:
503 1575 147 53 furtum
606 1575 191 53 committo.
752 1575 73 53 &
782 1575 103 53 hic
841 1575 162 53 capitur
958 1575 162 53 alienum
1076 1575 117 53 fiue
1134 1575 59 53 ad

436 1629 110 48 ysum
505 1629 110 48 siue
574 1629 83 48 ad
615 1629 234 48 proprietatem:
808 1629 83 48 vt
849 1629 138 48 siquis
945 1629 96 48 rem
1000 1629 110 48 meam
1069 1629 83 48 ex
1097 1629 96 48 pigno

426 1660 93 57 re
473 1660 109 57 vel
535 1660 202 57 hypotheca
690 1660 155 57 habet:
799 1660 78 57 &
830 1660 109 57 ego
892 1660 202 57 clanculum
1031 1660 171 57 sutripiam

432 1705 135 49 furtum
526 1705 176 49 committo:
661 1705 108 49 quia
729 1705 122 49 capio
810 1705 108 49 quod
877 1705 108 49 scio
945 1705 108 49 esse
1012 1705 162 49 alienum:
1120 1705 81 49 scio

425 1755 114 54 enim
496 1755 128 54 alium
581 1755 85 54 in
624 1755 100 54 hoc
681 1755 100 54 ius
738 1755 156 54 aliquod
852 1755 156 54 habere.
965 1755 156 54 Dicitur
1065 1755 128 54 (inuito

426 1797 143 62 domino)
530 1797 104 62 quia
595 1797 78 62 si
634 1797 143 62 dominus
738 1797 195 62 consentiret
893 1797 91 62 vel
945 1797 91 62 est
997 1797 182 62 verosimile
1127 1797 78 62 pru-

440 1837 115 51 denti
517 1837 102 51 quod
581 1837 205 51 consentiret:
748 1837 102 51 siue
812 1837 179 51 consentiat
953 1837 102 51 siue
1017 1837 102 51 non:
1081 1837 115 51 nullo
1145 1837 51 51 mo

424 1885 82 50 do
465 1885 96 50 est
520 1885 150 50 furtum.
630 1885 68 50 &
657 1885 178 50 intelligo
794 1885 96 50 per
848 1885 150 50 dominum
958 1885 96 50 rei
1013 1885 123 50 illum
1095 1885 96 50 qui
1149 1885 82 50 in

424 1932 82 48 re
465 1932 218 48 auctoritatem
642 1932 136 48 habet:
738 1932 109 48 siue
806 1932 95 48 sit
860 1932 150 48 dominus
969 1932 164 48 inferior
1092 1932 82 48 vt
1119 1932 82 48 cau-

434 1973 68 47 sa
468 1973 147 47 secundam:
581 1973 79 47 cui
626 1973 125 47 dominus
717 1973 136 47 superior
819 1973 159 47 consentit:
944 1973 91 47 siue
1001 1973 125 47 dominus
1080 1973 125 47 superior,

434 2020 98 50 qui
490 2020 126 50 omnem
574 2020 195 50 potestatem
727 2020 84 50 in
769 2020 98 50 rem
825 2020 167 50 accipit,
950 2020 84 50 vt
978 2020 223 50 despoliationem

431 2061 171 46 Aegypti.
559 2061 143 46 Exodi.
659 2061 100 46 xi.
716 2061 100 46 hoc
774 2061 114 46 idem
845 2061 143 46 patet.
945 2061 143 46 xiiii.
1045 2061 157 46 quaest.
1145 2061 57 46 v.

439 2107 122 54 Dixit
521 2107 163 54 dominus.
643 2107 149 54 Dicitur
752 2107 136 54 (animo
847 2107 177 54 lucrandi)
983 2107 109 54 quia
1051 2107 136 54 siquis
1132 2107 68 54 rem

430 2147 154 53 auferat
542 2147 84 53 vt
584 2147 126 53 alium
669 2147 140 53 reddat
767 2147 182 53 cautiorem
907 2147 98 53 vel
963 2147 140 53 gratia
1062 2147 126 53 ioci:
1132 2147 70 53 non

438 2192 191 50 committit
585 2192 162 50 furtum.
703 2192 73 50 â‹
732 2192 88 50 Ex
776 2192 103 50 hac
835 2192 220 50 definitione
996 2192 206 50 consequuntur

439 2238 147 49 alique
542 2238 265 49 propositiones.
763 2238 133 49 Prima
852 2238 118 49 est.
925 2238 162 49 Aliquis
1043 2238 147 49 peccat
1131 2238 74 49 pec

430 2278 117 58 cato
503 2278 132 58 furti
591 2278 73 58 &
620 2278 132 58 nihil
708 2278 175 58 furatur,
840 2278 88 58 vt
883 2278 117 58 ille
957 2278 102 58 qui
1015 2278 117 58 vult
1073 2278 132 58 subtra-

436 2325 113 51 here
506 2325 169 51 alienum,
633 2325 99 51 sed
690 2325 99 51 non
746 2325 141 51 potest
845 2325 155 51 habere.
957 2325 70 51 â‹
986 2325 85 51 Ex
1028 2325 99 51 qua
1070 2325 141 51 proposi-

432 2370 114 46 tione
508 2370 139 46 secundo
609 2370 152 46 sequitur
723 2370 101 46 quod
787 2370 89 46 non
837 2370 114 46 omnis
913 2370 89 46 fur
964 2370 139 46 tenetur
1065 2370 76 46 ad
1090 2370 114 46 restitu

432 2413 132 49 tionem
524 2413 132 49 furti,
617 2413 106 49 quod
683 2413 119 49 patet
762 2413 79 49 de
802 2413 106 49 fure
868 2413 119 49 dato:
947 2413 106 49 ille
1013 2413 106 49 enim
1079 2413 92 49 non
1119 2413 92 49 solum

438 2458 146 56 peccat
541 2458 161 56 peccato
658 2458 146 56 furti:
760 2458 102 56 sed
819 2458 102 56 est
877 2458 117 56 fur.
951 2458 73 56 â‹
980 2458 146 56 Tertio
1068 2458 146 56 sequitur

441 2509 119 49 quod
515 2509 134 49 furtu
604 2509 74 49 a
634 2509 148 49 rapina
738 2509 163 49 differt
857 2509 134 49 penes
946 2509 193 49 clanculum
1094 2509 74 49 &
1109 2509 104 49 mani-

435 2546 176 57 festum,
563 2546 176 57 secundo
690 2546 128 57 modo
770 2546 207 57 capiendo.
930 2546 80 57 â‹
962 2546 160 57 Quarto
1057 2546 160 57 sequitur

451 2593 118 51 quod
525 2593 103 51 ego
584 2593 177 51 auferens
717 2593 118 51 meum
791 2593 89 51 ab
836 2593 118 51 illo
909 2593 74 51 a
939 2593 103 51 quo
998 2593 118 51 alia
1072 2593 103 51 via
1116 2593 89 51 habe

441 2640 89 45 re
486 2640 104 45 non
545 2640 149 45 possum
649 2640 193 45 iuridice:
798 2640 134 45 coram
887 2640 104 45 deo
946 2640 104 45 non
1006 2640 178 45 committo
1125 2640 89 45 fur-

433 2679 120 62 tum.
508 2679 150 62 Patet,
613 2679 120 62 quia
688 2679 150 62 aufero
793 2679 135 62 meum,
884 2679 75 62 &
914 2679 120 62 ille
989 2679 150 62 nullum
1094 2679 105 62 ius
1154 2679 90 62 in

1245 278 134 61 illud
1335 278 149 61 habet,
1439 278 104 61 nec
1498 278 164 61 videtur
1618 278 119 61 esse
1692 278 89 61 in
1737 278 104 61 hoc
1797 278 194 61 peccatum.
1931 278 104 61 secus

1252 336 105 47 est
1312 336 90 47 si
1357 336 150 47 possim
1462 336 165 47 probare
1582 336 105 47 rem
1642 336 120 47 esse
1718 336 135 47 meam:
1808 336 75 47 &
1838 336 105 47 eam
1883 336 150 47 iuridice

1257 379 160 48 nabere.
1374 379 117 48 tunc
1447 379 117 48 enim
1520 379 117 48 male
1593 379 102 48 ago
1651 379 102 48 rem
1709 379 117 48 meam
1782 379 190 48 clanculum
1913 379 117 48 surti-

1260 419 141 59 piendo.
1362 419 77 59 Si
1401 419 115 59 autem
1477 419 115 59 sciam
1554 419 89 59 rem
1605 419 102 59 esse
1669 419 115 59 meam:
1746 419 64 59 &
1771 419 141 59 probare
1874 419 141 59 nesciam
1963 419 64 59 ren

1252 467 138 58 meam:
1344 467 108 58 non
1405 467 138 58 debeo
1498 467 169 58 rapere:
1621 467 123 58 quia
1698 467 108 58 hoc
1759 467 169 58 cederet
1882 467 92 58 in
1913 467 123 58 detri-

1254 511 160 54 mentum
1366 511 256 54 reipublicae.
1574 511 96 54 Si
1622 511 208 54 clanculum
1781 511 160 54 habere
1877 511 144 54 possum:

1258 558 95 55 non
1313 558 149 55 videtur
1421 558 109 55 esse
1489 558 177 55 peccatum.
1625 558 109 55 tunc
1693 558 109 55 enim
1761 558 95 55 non
1816 558 163 55 laeditur
1938 558 109 55 ille
1992 558 41 55 a

1251 601 108 57 quo
1312 601 154 57 capio,
1420 601 108 57 nec
1482 601 232 57 respublica.
1668 601 77 57 â‹
1699 601 154 57 Quinto
1807 601 185 57 sequitur
1930 601 93 57 quod

1251 645 181 54 existens
1387 645 90 54 in
1432 645 166 54 extrema
1553 645 226 54 necessitate
1733 645 166 54 capiens
1839 645 181 54 necessaria

1269 690 95 49 ro
1317 690 110 49 suo
1380 690 221 49 nutrimento
1553 690 110 49 non
1616 690 158 49 peccat
1726 690 173 49 peccato
1853 690 158 49 furti.
1947 690 79 49 hoc

1259 734 94 47 in
1306 734 172 47 materia
1432 734 235 47 elecmosynae
1620 734 188 47 superius
1761 734 172 47 patuit.
1886 734 78 47 â‹
1902 734 125 47 Sexto.

1257 775 107 55 Qui
1318 775 169 55 alienum
1441 775 138 55 capit
1533 775 92 55 vt
1579 775 153 55 faciat
1686 775 230 55 eleemosynam
1854 775 169 55 committit

1258 823 158 62 furtum:
1373 823 115 62 quia
1445 823 130 62 capit
1531 823 173 62 alienum:
1661 823 72 62 &
1689 823 130 62 actus
1776 823 130 62 cadit
1862 823 130 62 super
1934 823 101 62 obie-

1258 869 109 53 ctum
1327 869 137 53 malum:
1422 869 123 53 licet
1504 869 232 53 circumstantia
1696 869 123 53 finis
1778 869 96 53 sit
1833 869 123 53 bona.
1915 869 96 53 sed
1956 869 68 53 hoc

1250 912 92 50 non
1302 912 170 50 sufficit.
1433 912 65 50 &
1459 912 118 50 istud
1538 912 157 50 habetur.
1656 912 131 50 xiiii.
1747 912 196 50 quaestione.
1904 912 79 50 v.
1930 912 105 50 Forte.

1268 955 84 50 &.
1310 955 140 50 xxxii.
1408 955 154 50 quaest.
1520 955 126 50 iiii.
1604 955 98 50 Sic
1660 955 98 50 non
1716 955 126 50 sunt.
1800 955 70 50 â‹
1828 955 154 50 Septimo
1926 955 112 50 sequi-

1265 1001 91 54 tur
1317 1001 104 54 quod
1382 1001 195 54 quatucumque
1538 1001 104 54 quis
1603 1001 117 54 parum
1682 1001 156 54 accipiat
1799 1001 104 54 quod
1864 1001 143 54 putatur
1955 1001 78 54 esse

1255 1046 152 47 alienum
1366 1046 221 47 contradicere
1546 1046 138 47 domino
1643 1046 263 47 rationabiliter,
1864 1046 97 47 est
1905 1046 125 47 furtum.

1276 1090 107 43 ratet
1348 1090 83 43 per
1395 1090 107 43 totam
1467 1090 191 43 definitionem
1622 1090 119 43 furti.
1705 1090 72 43 &.
1741 1090 119 43 xiiii.
1824 1090 95 43 qui.
1884 1090 83 43 vi.
1932 1090 72 43 c.
1956 1090 83 43 fina-

1261 1130 101 58 li.
1318 1130 72 58 &
1347 1130 86 58 de
1390 1130 115 58 poe.
1462 1130 129 58 dist.
1548 1130 86 58 i.
1591 1130 86 58 S.
1634 1130 187 58 Vulgaris.
1778 1130 72 58 â‹
1806 1130 144 58 Octauo
1892 1130 144 58 sequitur

1258 1177 98 54 non
1314 1177 112 54 omne
1384 1177 140 54 furtum
1481 1177 209 54 deliberatum
1649 1177 112 54 esse
1719 1177 168 54 peccatum
1844 1177 168 54 mortale.
1956 1177 70 54 Pa-

1254 1224 105 54 tet
1314 1224 90 54 de
1359 1224 135 54 furto
1449 1224 180 54 alicuius
1584 1224 120 54 quod
1658 1224 105 54 non
1718 1224 105 54 est
1778 1224 195 54 notabilis
1913 1224 120 54 damni.

1264 1264 153 47 Furtum
1371 1264 122 47 enim
1447 1264 168 47 mortale
1569 1264 107 47 est
1630 1264 168 47 volitio
1752 1264 198 47 auferendi
1889 1264 153 47 notabile

1257 1309 151 49 bonum.
1363 1309 75 49 â‹
1393 1309 121 49 Nono
1468 1309 196 49 sequitur.
1619 1309 151 49 Furtum
1725 1309 106 49 est
1785 1309 196 49 auaritia.
1921 1309 121 49 Furtum

1250 1352 111 51 est
1314 1352 159 51 vsura.
1425 1352 79 51 â‹
1457 1352 159 51 Decimo
1568 1352 191 51 sequitur
1711 1352 175 51 aliquod
1838 1352 159 51 furtum
1934 1352 95 51 esse

1264 1395 156 50 eiusdem
1377 1395 156 50 speciei
1491 1395 255 50 specialissimae
1704 1395 99 50 cum
1760 1395 156 50 rapina.
1874 1395 142 50 Patet.
1959 1395 71 50 ha-

1254 1439 127 49 beam
1333 1439 111 49 ego
1397 1439 127 49 hanc
1476 1439 237 49 volitionem.
1665 1439 127 49 volo
1744 1439 158 49 capere
1855 1439 127 49 hoc.
1918 1439 127 49 demon-

1267 1487 161 54 strando
1384 1487 132 54 illud
1472 1487 117 54 quod
1545 1487 132 54 credo
1633 1487 117 54 esse
1706 1487 161 54 alienum
1823 1487 132 54 nullo
1896 1487 146 54 sciente:

1257 1539 147 48 postea
1360 1539 250 48 superueniente
1566 1539 147 48 domino
1669 1539 103 48 rei
1727 1539 73 48 &
1757 1539 206 48 resistente
1918 1539 103 48 ego
1963 1539 73 48 ra-

1267 1572 153 58 piendo
1374 1572 107 58 rem
1435 1572 153 58 possum
1542 1572 214 58 continuare
1711 1572 214 58 volitionem
1879 1572 123 58 meam
1941 1572 107 58 prae-

1265 1623 109 51 uiam
1333 1623 109 51 quae
1401 1623 122 51 prius
1483 1623 109 51 erat
1551 1623 150 51 latens:
1660 1623 109 51 nunc
1728 1623 109 51 vero
1796 1623 150 51 aperta.
1905 1623 109 51 ergo
1959 1623 82 51 idem

1262 1664 147 53 actus
1360 1664 229 53 voluntatis
1539 1664 163 53 numero
1654 1664 114 53 qui
1719 1664 147 53 prius
1817 1664 131 53 erat
1882 1664 147 53 furtum,

1275 1707 148 47 postea
1379 1707 192 47 efficitur
1526 1707 163 47 rapina.
1645 1707 118 47 Immo
1719 1707 118 47 stat
1793 1707 118 47 quod
1866 1707 118 47 nunc
1926 1707 103 47 primo

1261 1757 116 49 sit
1328 1757 165 49 furtum
1443 1757 198 49 mortale:
1592 1757 83 49 &
1625 1757 165 49 postea
1741 1757 132 49 idem
1823 1757 149 49 actus
1906 1757 132 49 numero

1267 1797 117 48 erit
1341 1797 176 48 meritum.
1473 1797 103 48 sed
1531 1797 103 48 hoc
1590 1797 103 48 non
1649 1797 117 48 erit
1722 1797 147 48 simul.
1825 1797 147 48 Patet.
1913 1797 117 48 habeam

1265 1840 102 54 ego
1324 1840 116 54 hanc
1396 1840 218 54 volitionem.
1571 1840 116 54 volo
1643 1840 189 54 surripere
1789 1840 116 54 hunc
1862 1840 145 54 librum
1949 1840 87 54 pro-

1272 1881 123 49 pter
1349 1881 139 49 deum:
1441 1881 247 49 demonstrando
1641 1881 154 49 librum
1749 1881 139 49 tuum.
1842 1881 108 49 iam
1903 1881 108 49 est
1950 1881 92 49 fur-

1265 1926 105 53 tum
1325 1926 105 53 per
1385 1926 150 53 sextum
1489 1926 239 53 corollarium,
1684 1926 180 53 continuo
1819 1926 135 53 illum
1908 1926 150 53 actum:
1998 1926 45 53 &

1264 1973 90 51 in
1309 1973 135 51 medio
1399 1973 165 51 tempore
1519 1973 90 51 tu
1564 1973 105 51 das
1624 1973 120 51 mihi
1700 1973 135 51 illum
1790 1973 165 51 librum:
1910 1973 105 51 iam
1955 1973 90 51 iste

1259 2017 127 49 actus
1344 2017 99 49 est
1400 2017 170 49 meritum:
1527 2017 71 49 &
1556 2017 141 49 possum
1655 2017 113 49 esse
1725 2017 85 49 in
1768 2017 155 49 gratia:
1881 2017 141 49 saltem
1965 2017 71 49 est

1269 2067 135 49 actus
1359 2067 135 49 bonus
1449 2067 209 49 moraliter.
1613 2067 105 49 Qui
1673 2067 135 49 tamen
1763 2067 135 49 habet
1852 2067 135 49 caput
1927 2067 105 49 refer

1259 2106 109 51 tum
1322 2106 187 51 doctrina
1462 2106 172 51 communi
1587 2106 203 51 aliquorum
1743 2106 125 51 quam
1806 2106 234 51 speculationem

1277 2149 139 57 putat:
1374 2149 139 57 aliter
1472 2149 139 57 censet
1569 2149 69 57 &
1597 2149 125 57 male.
1680 2149 69 57 â‹
1708 2149 167 57 Vndecimo
1833 2149 167 57 sequitur
1944 2149 83 57 quod

1258 2201 114 49 stat
1329 2201 199 49 aequaliter
1486 2201 142 49 furari
1585 2201 85 49 ab
1628 2201 128 49 eodem
1713 2201 157 49 aequali
1827 2201 199 49 intensione
1970 2201 71 49 gra

1271 2239 129 46 duali
1357 2239 143 46 actus:
1457 2239 72 46 &
1485 2239 229 46 inaequaliter
1672 2239 172 46 peccare.
1801 2239 143 46 Patet.
1901 2239 86 46 si
1929 2239 115 46 Sortes

1263 2282 175 57 praecise
1395 2282 160 57 haberet
1511 2282 146 57 centum
1613 2282 131 57 scuta
1701 2282 117 57 sibi
1774 2282 219 57 necessaria:
1949 2282 73 57 &
1963 2282 88 57 pri-

1263 2329 92 44 mo
1309 2329 169 44 furarer
1431 2329 92 44 ab
1477 2329 107 44 ceo
1539 2329 169 44 viginti
1662 2329 153 44 scuta:
1769 2329 77 44 &
1800 2329 153 44 postea
1907 2329 123 44 alia
1968 2329 77 44 vi-

1275 2373 151 56 ginti:
1381 2373 121 56 plus
1456 2373 136 56 pecco
1547 2373 181 56 secundo,
1683 2373 121 56 quam
1758 2373 151 56 primo:
1864 2373 121 56 quia
1924 2373 121 56 Sortes

1270 2416 114 58 plus
1341 2416 129 58 eget:
1427 2416 72 58 &
1456 2416 114 58 plus
1527 2416 143 58 tertio
1627 2416 114 58 quam
1699 2416 172 58 secundo.
1827 2416 100 58 sed
1885 2416 186 58 frangendo

1264 2460 130 57 arcam
1350 2460 145 57 primo,
1452 2460 72 57 &
1480 2460 174 57 auferens
1611 2460 159 57 viginti
1726 2460 130 57 scuta
1813 2460 116 57 plus
1885 2460 130 57 pecco
1958 2460 72 57 qua

1269 2504 176 46 auferens
1401 2504 190 46 tantundem
1547 2504 117 46 post
1621 2504 102 46 me:
1679 2504 117 46 quia
1752 2504 102 46 sum
1811 2504 161 46 occasio
1913 2504 132 46 secundi

1274 2548 136 57 furti:
1369 2548 68 57 &
1397 2548 95 57 hoc
1451 2548 81 57 si
1492 2548 95 57 non
1546 2548 136 57 fuerit
1641 2548 163 57 excessus
1763 2548 95 57 per
1817 2548 149 57 inopiam
1926 2548 81 57 in
1953 2548 95 57 secun

1269 2593 103 54 do.
1328 2593 74 54 â‹
1358 2593 192 54 Duodecimo
1505 2593 177 54 sequitur
1638 2593 118 54 quod
1712 2593 118 54 haec
1785 2593 236 54 consequentia
1962 2593 74 54 est

1263 2648 148 40 nulla.
1367 2648 178 40 aequalis
1501 2648 163 40 pecunia
1619 2648 104 40 est
1679 2648 89 40 ab
1723 2648 104 40 his
1783 2648 148 40 duobus
1887 2648 163 40 ablata.
1991 2648 59 40 er

1275 2680 84 72 go
1317 2680 195 72 aequaliter
1470 2680 181 72 peccatur,
1609 2680 111 72 quia
1679 2680 111 72 stat
1749 2680 111 72 vnum
1818 2680 111 72 esse
1888 2680 167 72 pauperem
1999 2680 42 72 &
