2302 3313
211 321 140 54 alium
304 321 186 54 diuitem.
443 321 78 54 ⁋
474 321 93 54 Et
521 321 93 54 ex
567 321 140 54 illo,
660 321 248 54 Decimotertio
846 321 155 54 sequitur

213 367 103 53 per
272 367 250 53 calculationem
478 367 118 53 quod
551 367 132 53 maius
639 367 103 53 est
698 367 176 53 peccatum
830 367 132 53 furto
904 367 88 53 sub-

213 405 164 61 trahere
332 405 104 61 duo
392 405 134 61 scuta
482 405 75 61 a
512 405 164 61 paupere
631 405 104 61 qui
691 405 164 61 viginti
810 405 75 61 a
840 405 134 61 rege:
914 405 75 61 sed

203 455 100 51 ad
253 455 183 51 minorem
386 455 282 51 restitutionem
619 455 116 51 est
685 455 216 51 obnoxius.
851 455 83 51 ⁋
868 455 133 51 Decimo

205 498 142 55 quarto
304 498 170 55 sequitur
432 498 114 55 quod
503 498 128 55 dando
588 498 170 55 scienter
716 498 128 55 malam
801 498 170 55 pecuniam
915 498 71 55 lo-

204 551 90 46 co
249 551 135 46 bonae
339 551 210 46 comittitur
504 551 165 46 furtum:
625 551 120 46 siue
700 551 90 46 in
745 551 150 46 lumine
835 551 150 46 candelae

205 587 116 50 siue
278 587 87 50 in
322 587 146 50 lumine
424 587 116 50 diei
497 587 131 50 alter
584 587 102 50 non
642 587 204 50 cognoscat.
802 587 73 50 &
831 587 131 50 licet
904 587 73 50 ego

210 633 160 53 accipiam
330 633 120 53 illam
410 633 120 53 malam
490 633 160 53 pecuniam
611 633 80 53 ab
651 633 120 53 alio,
731 633 134 53 possum
824 633 120 53 tamen
891 633 107 53 licite

203 680 125 43 dare
282 680 203 43 clanculum
438 680 125 43 illi
516 680 110 43 qui
579 680 94 43 me
626 680 203 43 fefellit.
783 680 78 43 ⁋
798 680 188 43 Decimoquin

205 723 93 46 to
251 723 186 46 sequitur
391 723 124 46 quod
468 723 93 46 si
515 723 155 46 Sortes
623 723 155 46 habeat
732 723 124 46 vsum
809 723 124 46 equi
887 723 124 46 mei:
949 723 47 46 &

209 766 100 54 ego
266 766 187 54 clanculum
410 766 129 54 illum
496 766 129 54 equum
582 766 172 54 auferam,
711 766 144 54 furtum
811 766 144 54 facio.
898 766 100 54 licet

212 812 113 52 enim
282 812 99 52 sit
339 812 99 52 res
395 812 99 52 mea
451 812 99 52 quo
507 812 84 52 ad
550 812 239 52 proprietatem:
747 812 99 52 non
803 812 127 52 tamen
887 812 99 52 quo
930 812 56 52 ad

203 855 156 47 vsum.
307 855 87 47 ⁋
341 855 277 47 Decimosexto.
567 855 104 47 Si
619 855 173 47 habeam
740 855 173 47 vestem
844 855 139 47 Sortis

211 899 93 54 in
257 899 185 54 pignore:
396 899 124 54 ipsa
473 899 154 54 vtendo
581 899 154 54 furtum
689 899 185 54 committo
829 899 124 54 nisi
890 899 93 54 eius

217 944 208 57 voluntatem
380 944 193 57 expressam
529 944 104 57 vel
588 944 267 57 rationabiliter
796 944 193 57 praesumptam

207 984 166 53 habeam.
328 984 75 53 ⁋
358 984 257 53 Decimoseptimo
569 984 181 53 sequitur
705 984 121 53 quod
781 984 181 53 agricola
901 984 91 53 con-

210 1030 132 53 mittit
302 1030 132 53 furtum
394 1030 132 53 partem
487 1030 132 53 agelli
579 1030 132 53 vicini
671 1030 92 53 sui
724 1030 106 53 sibi
790 1030 185 53 adiiciens,
922 1030 66 53 per

216 1076 260 61 definitionem.
430 1076 76 61 ⁋
460 1076 244 61 Decimooctauo
659 1076 183 61 sequitur
796 1076 122 61 quod
873 1076 107 61 hoc
919 1076 76 61 pec

208 1116 114 56 cato
279 1116 143 56 peccat
379 1116 100 56 qui
437 1116 129 56 radit
522 1116 172 56 pecuniam
651 1116 114 56 plus
723 1116 143 56 aequo:
823 1116 100 56 sic
880 1116 86 56 vt
908 1116 72 56 non

204 1163 155 59 maneat
313 1163 140 59 iusti
406 1163 202 59 ponderis.
561 1163 78 59 ⁋
592 1163 217 59 Decimonono
763 1163 186 59 sequitur
887 1163 93 59 quod

211 1207 140 51 filius
309 1207 168 51 interdum
435 1207 182 51 committit
575 1207 140 51 furtum
673 1207 140 51 contra
771 1207 140 51 patrem
869 1207 70 51 &
883 1207 112 51 matre:

203 1249 116 50 quia
275 1249 174 50 surripit
405 1249 159 50 alienum
521 1249 188 50 clanculum
666 1249 145 50 inuito
768 1249 145 50 dmino.
869 1249 72 50 ⁋
884 1249 101 50 Vige-

203 1298 124 47 simo
281 1298 78 47 &
312 1298 171 47 vltimo.
437 1298 93 47 si
484 1298 140 47 detur
577 1298 124 47 mihi
655 1298 124 47 vsus
732 1298 124 47 equi
810 1298 93 47 ad
857 1298 140 47 decem
935 1298 62 47 mi

203 1340 114 49 lia
268 1340 179 49 passuum
398 1340 81 49 &
430 1340 114 49 non
495 1340 163 49 vltra,
609 1340 81 49 &
642 1340 114 49 ego
707 1340 130 49 vtar
788 1340 130 49 equo
869 1340 98 49 ad
902 1340 81 49 duo

210 1383 134 53 decim
299 1383 104 53 vel
359 1383 149 53 vltra,
463 1383 178 53 committo
597 1383 164 53 furtum.
716 1383 134 53 secus
805 1383 104 53 est
864 1383 89 53 si
894 1383 104 53 habe-

195 1434 126 53 rem
267 1434 253 53 facultatem
466 1434 181 53 domini
574 1434 253 53 praesumptam.

200 1477 106 89 ⁋
242 1477 318 89 Definitione
497 1477 191 89 furti
624 1477 106 89 &
667 1477 318 89 corollariis
900 1477 85 89 de

198 1558 203 48 finitionis
358 1558 232 48 declaratiuis
547 1558 218 48 praemissis:
721 1558 116 48 pono
779 1558 203 48 conclusiones

200 1601 144 54 titulo
300 1601 216 54 quaestionis
473 1601 230 54 responsiuas.
660 1601 144 54 quarum
761 1601 130 54 Prima
847 1601 115 54 est.
905 1601 86 54 Omne

209 1646 151 51 furtum
314 1646 105 51 est
375 1646 196 51 peccatum.
525 1646 151 51 patet.
631 1646 151 51 Furtum
736 1646 211 51 prohibetur
887 1646 105 51 Exodi

200 1695 112 51 xx.
264 1695 112 51 Non
328 1695 160 51 furtum
440 1695 176 51 facies.
568 1695 80 51 &
601 1695 96 51 in
649 1695 224 51 praeceptis
809 1695 176 51 decalogi.

204 1736 78 53 ⁋
235 1736 171 53 Secunda
359 1736 217 53 conclusio.
529 1736 171 53 Aliquod
653 1736 155 53 furtum
762 1736 140 53 etiam
839 1736 155 53 delibera

200 1778 102 49 tum
259 1778 102 49 est
317 1778 131 49 solum
404 1778 160 49 veniale
520 1778 189 49 peccatum.
665 1778 189 49 Probatur.
811 1778 160 49 Aliquod
912 1778 73 49 fur

204 1823 102 47 tum
263 1823 102 47 est
321 1823 116 47 quod
393 1823 102 47 non
451 1823 102 47 est
510 1823 189 47 notabilis
655 1823 203 47 bonitatis,
815 1823 116 47 nequ
873 1823 116 47 notabi

204 1866 103 54 lem
263 1866 176 54 malitiam
395 1866 147 54 infert
498 1866 147 54 domino
601 1866 117 54 rei:
674 1866 117 54 ergo
747 1866 117 54 tale
821 1866 147 54 furtum
909 1866 73 54 est

212 1912 117 50 solum
290 1912 182 50 venialiter
433 1912 195 50 prohibitum.
589 1912 78 50 In
628 1912 117 50 super
706 1912 156 50 arguitur
823 1912 78 50 ad
862 1912 117 50 idem.
927 1912 65 50 ex-

196 1962 160 48 tremum
308 1962 223 48 supplicium
483 1962 112 48 non
547 1962 192 48 infertur
691 1962 96 48 in
739 1962 128 48 foro
818 1962 160 48 humano
914 1962 80 48 pro

204 2009 189 48 quolibet
346 2009 189 48 delicto:
488 2009 110 48 sed
551 2009 110 48 pro
614 2009 268 48 grandioribus:
834 2009 126 48 ergo
897 2009 95 48 deus

197 2056 101 40 non
254 2056 188 40 quidlibet
399 2056 174 40 delictum
529 2056 159 40 imputat
645 2056 202 40 mortaliter
804 2056 87 40 in
847 2056 101 40 suo
891 2056 101 40 foro.

198 2090 196 54 Praeterea
349 2090 91 54 si
394 2090 196 54 quodlibet
545 2090 151 54 furtum
651 2090 136 54 esset
741 2090 166 54 mortale
847 2090 151 54 peccatum

209 2137 97 59 hoc
265 2137 125 59 esset
348 2137 180 59 propterea
486 2137 111 59 quia
555 2137 138 59 furtum
652 2137 194 59 prohibetur
804 2137 83 59 in
832 2137 152 59 praecepto

216 2182 111 50 vno
280 2182 191 50 decalogi
423 2182 79 50 /
455 2182 111 50 vel
518 2182 159 50 Exodi.
629 2182 111 50 xx.
693 2182 111 50 sed
757 2182 111 50 hoc
820 2182 111 50 non
868 2182 127 50 arguit

206 2229 125 46 esse
284 2229 187 46 mortale:
425 2229 94 46 vt
471 2229 140 46 patet
565 2229 94 46 de
612 2229 125 46 luxu
690 2229 156 46 aliquo
799 2229 140 46 inter
877 2229 109 46 coniu

210 2274 106 49 ges
270 2274 181 49 veniali,
406 2274 75 49 &
436 2274 317 49 transgressionibus
708 2274 136 49 aliis
783 2274 196 49 deliberatis

201 2315 151 53 contra
306 2315 121 53 alia
382 2315 196 53 praecepta
533 2315 226 53 venialibus.
714 2315 75 53 &
744 2315 136 53 patet
819 2315 166 53 manifeste

203 2357 98 50 de
252 2357 196 50 mendacio
399 2357 163 50 iocoso
513 2357 114 50 vel
578 2357 228 50 officioso.
758 2357 82 50 ⁋
790 2357 163 50 Tertia
888 2357 98 50 con-

203 2397 174 60 clusio.
330 2397 174 60 Aliquod
457 2397 159 60 furtum
568 2397 111 60 est
631 2397 190 60 mortale.
774 2397 206 60 Probatur.
917 2397 79 60 Ali

207 2453 112 40 quo
271 2453 144 40 furto
367 2453 240 40 notabiliter
559 2453 192 40 laeditur
704 2453 208 40 proximus.
864 2453 112 40 aut
912 2453 80 40 me-

205 2490 114 49 lius
276 2490 100 49 pro
333 2490 114 49 rege
404 2490 185 49 loquendo,
547 2490 85 49 in
589 2490 142 49 aliquo
689 2490 128 49 furto
774 2490 171 49 aufertur
888 2490 100 49 proxi

200 2536 97 49 mo
248 2536 193 49 notabile
393 2536 161 49 bonum:
506 2536 129 49 ergo
586 2536 177 49 aliquod
715 2536 161 49 furtum
828 2536 113 49 est
876 2536 113 49 morta

215 2578 83 57 le
257 2578 180 57 peccatum.
395 2578 83 57 In
437 2578 125 57 super
520 2578 97 57 pro
575 2578 138 57 aliquo
672 2578 125 57 furto
755 2578 194 57 infligitur
893 2578 97 57 iuste

201 2629 146 49 mors:
298 2629 98 49 vt
347 2629 114 49 iam
412 2629 98 49 in
461 2629 114 49 hac
526 2629 179 49 materia
656 2629 195 49 dicemus.
802 2629 81 49 &
835 2629 114 49 pro
883 2629 98 49 solo

201 2669 157 55 veniali
315 2669 157 55 nunquam
429 2669 114 55 mors
500 2669 143 55 licite
600 2669 185 55 infertur.
743 2669 157 55 igitur.
857 2669 71 55 ⁋
885 2669 128 55 Quar-

201 2710 91 62 ta
246 2710 212 62 conclusio.
413 2710 167 62 Aliquod
534 2710 152 62 furtum
640 2710 167 62 mortale
762 2710 106 62 est
822 2710 121 62 alio
883 2710 106 62 furto

1049 311 185 64 mortali
1184 311 152 64 multo
1285 311 202 64 grauius.
1437 311 168 64 Patet.
1555 311 135 64 quia
1639 311 185 64 grauius
1757 311 84 64 est

1049 367 189 55 peccatum
1191 367 142 55 furti
1286 367 158 55 furari
1396 367 79 55 a
1427 367 173 55 paupere
1553 367 110 55 qui
1616 367 79 55 a
1648 367 173 55 diuite:
1758 367 79 55 nam

1050 410 142 51 maius
1145 410 221 51 nocumentum
1318 410 95 51 ei
1365 410 189 51 infertur
1507 410 142 51 circa
1602 410 126 51 bona
1680 410 126 51 quae
1743 410 95 51 sunt

1047 458 89 56 ei
1092 458 134 56 magis
1181 458 223 56 necessaria:
1359 458 74 56 &
1389 458 163 56 maioris
1507 458 208 56 tristitiae
1671 458 163 56 materia
1775 458 59 56 ei

1048 501 124 49 datur
1131 501 96 49 qui
1186 501 151 49 diuiti.
1296 501 151 49 igitur.
1406 501 151 49 Secundo
1516 501 165 49 probatur
1640 501 124 49 idem.
1708 501 124 49 aliquod

1040 544 156 53 furtum
1150 544 109 53 est
1212 544 250 53 sacrilegium:
1416 544 94 53 vt
1463 544 203 53 auferendo
1619 544 156 53 sacrum
1729 544 94 53 de
1760 544 78 53 sa-

1052 588 125 55 cro:
1130 588 109 55 vel
1193 588 109 55 non
1255 588 156 55 sacrum
1364 588 93 55 de
1411 588 156 55 sacro:
1520 588 109 55 vel
1582 588 156 55 sacrum
1691 588 93 55 de
1738 588 109 55 non
1785 588 62 55 sa

1043 634 109 46 cro
1106 634 140 46 loco:
1199 634 125 46 quia
1277 634 109 46 hoc
1340 634 140 46 habet
1433 634 203 46 specialem
1574 634 249 46 prohibitionem.

1049 673 119 58 sic
1117 673 102 58 de
1168 673 221 58 abigeatu,
1338 673 255 58 dispergendo
1541 673 170 58 gregem
1660 673 85 58 &
1694 673 136 58 inde
1762 673 85 58 fu-

1046 727 144 49 rando
1142 727 160 49 pecus.
1254 727 112 49 sic
1318 727 96 49 de
1366 727 176 49 plagio,
1493 727 176 49 hominem
1621 727 176 49 liberum
1733 727 96 49 ven-

1050 765 163 49 dendo:
1164 765 81 49 &
1196 765 98 49 de
1245 765 212 49 peculatum
1408 765 179 49 hominem
1539 765 228 49 religiosum
1718 765 114 49 vel
1767 765 65 49 pu

1050 810 149 59 blicum
1154 810 208 59 alienando.
1318 810 149 59 xxiii.
1422 810 89 59 q.
1467 810 134 59 iiii.
1556 810 119 59 Quid
1631 810 134 59 ergo.
1705 810 134 59 Aliquod

1053 857 147 54 autem
1151 857 114 54 est
1216 857 163 54 furtum
1330 857 180 54 simplex
1461 857 196 54 mortale.
1608 857 131 54 ltem
1690 857 114 54 est
1739 857 114 54 maius

1053 897 205 47 peccatum:
1211 897 142 47 furto
1305 897 205 47 asportare
1463 897 142 47 mille
1557 897 142 47 scuta
1652 897 126 47 quam
1715 897 126 47 partem

1044 942 156 54 eorum:
1154 942 78 54 &
1185 942 187 54 vtrumque
1326 942 109 54 est
1388 942 187 54 mortale:
1529 942 125 54 ergo
1607 942 172 54 aliquod
1716 942 125 54 furtum

1043 988 185 53 mortale
1178 988 152 53 aliud
1279 988 202 53 excedit.
1431 988 84 53 ⁋
1464 988 168 53 Quinta
1582 988 236 53 conclusio.
1751 988 84 53 Fur

1037 1029 109 58 tum
1100 1029 94 58 ex
1147 1029 141 58 parte
1241 1029 172 58 obiecti
1366 1029 125 58 siue
1444 1029 94 58 ex
1491 1029 156 58 genere
1600 1029 109 58 non
1663 1029 109 58 est
1726 1029 109 58 ita
1772 1029 63 58 ma

1049 1076 131 57 gnum
1130 1076 196 57 peccatum
1278 1076 98 57 vt
1327 1076 229 57 homicidium
1507 1076 115 57 vel
1572 1076 245 57 fornicatio.
1752 1076 82 57 Pro

1050 1127 152 47 batur.
1156 1127 152 47 Furtum
1262 1127 106 47 est
1323 1127 136 47 circa
1414 1127 121 47 bona
1489 1127 182 47 fortunae
1626 1127 121 47 quae
1702 1127 121 47 sunt
1762 1127 76 47 bo-

1048 1162 93 52 na
1094 1162 171 52 inania:
1218 1162 93 52 vt
1265 1162 93 52 in
1311 1162 155 52 fronte
1420 1162 140 52 huius
1513 1162 233 52 quaestionis
1683 1162 155 52 diximus.

1046 1207 240 48 Homicidium
1235 1207 154 48 autem
1337 1207 86 48 &
1372 1207 240 48 fornicatio
1561 1207 137 48 sunt
1646 1207 154 48 circa
1732 1207 103 48 bona

1048 1253 189 56 corporis.
1194 1253 160 56 igitur.
1310 1253 102 56 Cum
1368 1253 102 56 hoc
1426 1253 131 56 tamen
1513 1253 116 56 stat
1585 1253 116 56 quod
1658 1253 102 56 sit
1701 1253 131 56 aliquod

1038 1292 148 58 furtum
1142 1292 148 58 tantae
1245 1292 177 58 malitiae
1378 1292 74 58 &
1407 1292 162 58 maioris
1525 1292 118 58 quam
1599 1292 162 58 simplex
1702 1292 133 58 fornica

1045 1340 117 56 tio:
1118 1340 117 56 immo
1192 1340 117 56 quam
1265 1340 102 56 hoc
1323 1340 219 56 homicidium.
1499 1340 146 56 Dabile
1601 1340 146 56 namque
1703 1340 102 56 est
1747 1340 88 56 fur-

1054 1383 106 61 tum
1114 1383 166 61 minoris
1235 1383 181 61 malitiae
1371 1383 121 61 quam
1446 1383 211 61 fornicatio
1612 1383 181 61 simplex:
1748 1383 75 61 &
1763 1383 75 61 fur

1045 1428 109 51 tum
1107 1428 171 51 maioris
1231 1428 186 51 malitiae
1370 1428 109 51 qui
1432 1428 217 51 fornicatio
1603 1428 186 51 simplex:
1742 1428 124 51 ergo

1047 1470 132 57 etiam
1136 1470 147 57 potest
1239 1470 118 57 dari
1312 1470 132 57 furtu
1400 1470 177 57 aequalis
1533 1470 177 57 malitiae
1665 1470 103 57 cum
1710 1470 132 57 fornica

1042 1519 136 55 tione
1133 1519 197 55 simplici.
1284 1519 136 55 licet
1375 1519 91 55 in
1420 1519 106 55 hac
1481 1519 197 55 illatione
1617 1519 227 55 vniuersaliter

1045 1560 233 61 intelligendo
1235 1560 146 61 possit
1337 1560 175 61 instari.
1468 1560 131 61 sicut
1556 1560 175 61 Campanus
1687 1560 146 61 instat
1789 1560 87 61 in

1048 1606 106 56 xv.
1108 1606 151 56 Tertii
1214 1606 196 56 Euclidis.
1365 1606 106 56 sed
1425 1606 226 56 imprudentis
1606 1606 136 56 esset
1696 1606 136 56 tales
1772 1606 60 56 an

1046 1648 142 57 gulos
1141 1648 269 57 contingentiae
1363 1648 237 57 extrinsecos
1552 1648 95 57 in
1600 1648 158 57 nostra
1695 1648 142 57 materia

1045 1696 156 51 texere.
1159 1696 185 51 Praeterea
1301 1696 85 51 ad
1343 1696 156 51 aliquod
1457 1696 142 51 furtum
1557 1696 128 51 rerum
1628 1696 213 51 necessariarum

1047 1739 147 60 homini
1150 1739 176 60 sequitur
1282 1739 220 60 homicidium:
1458 1739 117 60 ergo
1531 1739 117 60 tale
1604 1739 147 60 furtum
1707 1739 103 60 cum
1751 1739 88 60 effe

1047 1785 193 56 ctualiter
1195 1785 207 56 homicidium
1358 1785 193 56 includat,
1506 1785 104 56 est
1565 1785 104 56 ita
1625 1785 133 56 graue
1714 1785 89 56 vt
1758 1785 104 56 ho-

1038 1835 209 51 micidium.
1199 1835 80 51 ⁋
1231 1835 145 51 Sexta
1327 1835 225 51 conclusio.
1504 1835 161 51 rapina
1616 1835 112 51 est
1680 1835 145 51 maius
1761 1835 80 51 pec

1047 1866 120 72 catum
1127 1866 107 72 quam
1194 1866 134 72 furtum
1287 1866 161 72 caeteris
1408 1866 161 72 paribus.
1528 1866 80 72 si
1568 1866 147 72 caetera
1675 1866 107 72 sint
1729 1866 107 72 paria:

1042 1918 181 54 aequales
1178 1918 121 54 sunt
1253 1918 136 54 actus
1343 1918 226 54 voluntatis,
1524 1918 75 54 &
1555 1918 211 54 aequaliter
1705 1918 136 54 ablata:

1046 1961 70 57 &
1074 1961 126 57 omnia
1158 1961 112 57 alia
1227 1961 112 57 sunt
1297 1961 139 57 paria:
1395 1961 98 57 hoc
1451 1961 139 57 dempto
1548 1961 112 57 quod
1618 1961 112 57 vnus
1688 1961 126 57 capit
1757 1961 84 57 clan

1039 2001 134 62 culum
1128 2001 134 62 decem
1217 2001 74 62 &
1247 2001 134 62 alter
1336 2001 163 62 totidem
1455 2001 148 62 rapit.
1559 2001 104 62 sed
1618 2001 104 62 cum
1678 2001 104 62 hoc
1722 2001 119 62 raptor

1055 2049 199 58 violentiam
1211 2049 71 58 &
1240 2049 171 58 iniuriam
1368 2049 171 58 actualem
1496 2049 71 58 &
1525 2049 199 58 manifestam
1681 2049 142 58 infert
1767 2049 71 58 con

1043 2097 96 54 tra
1098 2097 151 54 dominum
1208 2097 110 54 rei.
1277 2097 110 54 ergo
1345 2097 110 54 plus
1414 2097 151 54 peccat,
1524 2097 96 54 non
1579 2097 96 54 sic
1634 2097 110 54 fur.
1702 2097 82 54 In
1730 2097 96 54 super

1048 2146 95 52 per
1103 2146 136 52 rapina
1198 2146 163 52 secundum
1320 2146 122 52 leges
1401 2146 149 52 ciuiles
1510 2146 190 52 infligitur
1659 2146 149 52 vltimum
1754 2146 81 52 sup-

1040 2184 157 55 plicium.
1158 2184 209 55 patetilitur.
1328 2184 79 55 de
1367 2184 144 55 poenis.
1472 2184 79 55 l.
1511 2184 196 55 Capitalium.
1668 2184 79 55 S.
1694 2184 131 55 Grassato

1042 2235 124 57 res.
1119 2235 93 57 &.
1165 2235 93 57 S.
1212 2235 186 57 Famosos.
1351 2235 139 57 Talis
1444 2235 139 57 autem
1537 2235 139 57 poena
1630 2235 108 57 pro
1692 2235 139 57 furto
1770 2235 77 57 non

1033 2275 248 61 infligitur,
1232 2275 99 61 vt
1281 2275 132 61 post
1364 2275 116 61 hac
1414 2275 165 61 dicemus.

1025 2326 118 82 ⁋
1073 2326 236 82 Contra
1238 2326 236 82 primam
1403 2326 378 82 conclusionem
1710 2326 165 82 ar-

1046 2394 176 64 guitur.
1174 2394 176 64 Capiens
1301 2394 176 64 racemos
1429 2394 96 64 ex
1477 2394 160 64 vineis
1589 2394 96 64 in
1637 2394 160 64 calore
1748 2394 112 64 non

1047 2443 167 60 peccat:
1169 2443 107 60 vel
1229 2443 167 60 capiens
1351 2443 137 60 pyrum
1443 2443 91 60 in
1488 2443 167 60 campis:
1610 2443 76 60 &
1640 2443 137 60 talis
1716 2443 107 60 facit

1045 2487 154 63 furtum:
1157 2487 98 63 cum
1213 2487 140 63 capiat
1311 2487 154 63 alienum
1423 2487 98 63 non
1479 2487 224 63 consentiente
1661 2487 140 63 dmino:
1745 2487 84 63 quia

1038 2530 88 55 de
1082 2530 117 55 eius
1155 2530 190 55 voluntate
1301 2530 131 55 nihil
1388 2530 131 55 scit.
1476 2530 73 55 ⁋
1505 2530 233 55 Respondetur.
1695 2530 117 55 quia
1753 2530 73 55 co-

1041 2570 141 67 tingit
1139 2570 127 67 virum
1224 2570 113 67 pati
1294 2570 127 67 sitim
1379 2570 99 67 cui
1435 2570 183 67 difficile
1576 2570 99 67 sit
1632 2570 197 67 abstinere:
1773 2570 56 67 ne

1041 2621 75 58 go
1078 2621 100 58 quod
1140 2621 100 58 tunc
1203 2621 125 58 faciat
1290 2621 137 58 furtum.
1389 2621 137 58 Dominus
1489 2621 100 58 enim
1551 2621 75 58 si
1589 2621 125 58 sciret
1663 2621 150 58 circumstan

1043 2672 112 49 tiam
1113 2672 98 49 rei
1169 2672 210 49 consentiret
1337 2672 98 49 vel
1393 2672 196 49 consentire
1546 2672 154 49 deberet
1658 2672 84 49 vt
1700 2672 98 49 ita
1742 2672 84 49 cape

1035 2716 105 61 ret:
1100 2716 92 61 aut
1153 2716 79 61 si
1192 2716 144 61 dominus
1297 2716 118 61 illic
1376 2716 131 61 esset:
1468 2716 105 61 iste
1533 2716 131 61 emeret
1625 2716 79 61 ab
1665 2716 79 61 eo
1691 2716 131 61 racemum:
