2324 3317
248 317 147 68 videtur
354 317 107 68 quod
421 317 93 68 non
474 317 160 68 peccabit
594 317 133 68 saltem
687 317 200 68 mortaliter:
847 317 93 68 cum
900 317 67 68 a
914 317 93 68 nullo

242 381 156 59 capiat
352 381 187 59 notabile
492 381 156 59 bonum.
601 381 78 59 â‹
633 381 94 59 Ad
679 381 156 59 primum
789 381 140 59 dico.
882 381 109 59 vel
929 381 78 59 Pla

240 426 80 53 to
280 426 106 53 scit
346 426 133 53 Sortem
439 426 106 53 tunc
506 426 186 53 abstulisse
652 426 133 53 decem:
745 426 67 53 &
772 426 93 53 sic
825 426 146 53 concedo
918 426 80 53 quod

244 466 136 60 peccet
340 466 205 60 mortaliter.
504 466 68 60 &
531 466 96 60 ita
586 466 150 60 apparet
695 466 109 60 quod
763 466 164 60 quilibet
872 466 123 60 auferes

251 515 109 54 vnum
319 515 136 54 granum
414 515 81 54 si
455 515 136 54 sciant
550 515 81 54 de
591 515 81 54 se
632 515 163 54 inuicem,
754 515 136 54 peccat
835 515 163 54 mortaliter

242 555 85 51 si
284 555 171 51 nesciat,
412 555 99 51 non
469 555 171 51 oportet:
597 555 114 51 quia
668 555 142 51 nescit
768 555 85 51 de
810 555 185 51 ablatione
938 555 57 51 no

238 603 158 44 tabili.
353 603 72 44 &
382 603 144 44 Sortes
482 603 130 44 solum
569 603 173 44 peccauit
699 603 216 44 venialiter.
857 603 144 44 Interdum

245 647 114 47 enim
316 647 128 47 minus
401 647 171 47 auferens
529 647 114 47 plus
600 647 156 47 peccat:
714 647 85 47 vt
756 647 85 47 si
799 647 142 47 Sortes
899 647 85 47 in
927 647 71 47 can

244 686 99 60 pis
301 686 142 60 habeat
400 686 114 60 tres
471 686 142 60 panes,
570 686 142 60 quorum
669 686 170 60 quilibet
797 686 184 60 sufficiat
925 686 85 60 suc-

238 729 162 56 currere
356 729 118 56 suae
429 729 176 56 extremae
562 729 235 56 necessitati:
753 729 132 56 Plato
841 729 132 56 primo
915 729 88 56 aufe

238 777 100 53 rat
295 777 85 53 ei
337 777 128 53 duos:
423 777 142 53 postea
522 777 142 53 Cicero
622 777 128 53 vnum:
707 777 100 53 hic
764 777 114 53 plus
835 777 142 53 peccat
921 777 71 53 qua

229 822 131 50 ille.
316 822 102 50 Sed
374 822 145 50 dicis.
475 822 160 50 Ponamus
591 822 116 50 quod
664 822 145 50 nolint
765 822 218 50 restituere:
925 822 73 50 Sor

235 875 104 42 tes
295 875 149 42 dicat:
399 875 104 42 ego
459 875 164 42 peccaui
578 875 134 42 solum
667 875 209 42 venialiter
831 875 209 42 auferendo:

240 910 108 52 nec
301 910 155 52 teneor
410 910 216 52 restituere
580 910 108 52 sub
641 910 139 52 poena
734 910 170 52 peccati
842 910 155 52 mortalis

247 955 128 52 Plato
332 955 143 52 dicat:
432 955 128 52 minus
518 955 157 52 abstuli
632 955 114 52 quam
703 955 157 52 Sortes:
818 955 100 52 sed
875 955 114 52 ipse
932 955 71 52 non

237 1007 160 49 tenetur
354 1007 203 49 restituere
513 1007 102 49 sub
571 1007 131 49 poena
659 1007 160 49 peccati
775 1007 189 49 mortalis:
920 1007 116 49 ergo

245 1049 94 53 nec
298 1049 107 53 ego.
365 1049 107 53 Dico
433 1049 107 53 quod
500 1049 134 53 Sortes
594 1049 81 53 in
634 1049 107 53 illo
701 1049 107 53 casu
768 1049 148 53 tenetur
862 1049 148 53 restitue-

229 1084 89 51 re
274 1084 104 51 sub
333 1084 133 51 poena
421 1084 163 51 peccati
540 1084 177 51 mortalis
673 1084 74 51 /
702 1084 133 51 licet
791 1084 133 51 solum
865 1084 148 51 peccaue-

239 1132 96 52 rit
294 1132 192 52 venialiter
445 1132 192 52 auferendo.
597 1132 96 52 nam
652 1132 82 52 si
693 1132 124 52 mille
775 1132 206 52 abstulerunt
927 1132 82 52 mil-

237 1176 96 51 le
285 1176 144 51 grana
381 1176 96 51 ab
429 1176 112 51 vno
493 1176 176 51 cumulo:
621 1176 192 51 quilibet
764 1176 144 51 eorum
844 1176 160 51 peccauit

232 1221 208 51 venialiter
395 1221 208 51 auferendo,
558 1221 104 51 vel
618 1221 133 51 forte
707 1221 104 51 non
766 1221 193 51 peccauit.
914 1221 89 51 et
944 1221 59 51 si

245 1270 140 50 postea
343 1270 182 50 sciuerint
483 1270 84 50 de
525 1270 84 50 se
567 1270 154 50 inuicem
678 1270 112 50 quod
748 1270 238 50 paterfamilias
930 1270 70 50 no-

243 1314 172 52 tabiliter
375 1314 133 52 laesus
468 1314 106 52 sit:
535 1314 159 52 tenentur
654 1314 119 52 omnes
733 1314 186 52 restituere
879 1314 93 52 sub
919 1314 93 52 poena

251 1354 158 46 peccati
366 1354 187 46 mortalis.
510 1354 173 46 alioquin
640 1354 216 46 fraudaretur
812 1354 173 46 innocens
928 1354 86 46 suis

243 1397 145 58 bonis.
345 1397 102 58 Sed
403 1397 87 58 si
447 1397 131 58 omnes
534 1397 233 58 restituerent
724 1397 102 58 vno
782 1397 160 58 dempto,
898 1397 73 58 &
913 1397 87 58 ipse

244 1439 182 52 clanculum
384 1439 140 52 abiret
482 1439 98 52 cum
538 1439 98 52 suo
594 1439 140 52 grano,
693 1439 98 52 non
749 1439 154 52 oportet
861 1439 126 52 ipsum
931 1439 70 52 pec

233 1488 126 54 care
312 1488 221 54 mortaliter
486 1488 110 54 hoc
549 1488 221 54 retinendo.
722 1488 79 54 â‹
754 1488 95 54 Ad
801 1488 142 54 aliud
896 1488 110 54 vbi
943 1488 63 54 po

246 1531 93 52 nis
299 1531 106 52 vnum
365 1531 146 52 callide
472 1531 133 52 furari
565 1531 67 52 a
592 1531 133 52 variis
685 1531 67 52 /
711 1531 106 52 puta
778 1531 133 52 Cacum:
871 1531 120 52 talem
937 1531 67 52 non

240 1575 178 47 excuso.
369 1575 194 47 Alioquin
515 1575 194 47 auferens
660 1575 81 47 a
693 1575 243 47 communitate
870 1575 146 47 Veneto-

231 1620 110 48 rum
294 1620 79 48 &
326 1620 205 48 Romanorum
483 1620 95 48 in
531 1620 158 48 diebus
641 1620 158 48 quibus
751 1620 126 48 Roma
830 1620 189 48 floruit:
956 1620 47 48 &

235 1661 108 48 nunc
303 1661 68 48 a
330 1661 189 48 coenobitis
479 1661 162 48 nostris,
600 1661 95 48 non
654 1661 176 48 peccaret:
789 1661 95 48 cum
843 1661 68 48 a
870 1661 122 48 nullo
938 1661 81 48 capi

232 1717 87 42 at
275 1717 173 42 notabile
405 1717 144 42 bonum,
506 1717 101 42 sed
563 1717 72 42 a
592 1717 231 42 communitate.
780 1717 87 42 Si
823 1717 144 42 dicas.
910 1717 115 42 habent

225 1750 295 55 subordinationem
473 1750 93 55 ad
519 1750 171 55 quandam
643 1750 202 55 vnitatem:
798 1750 93 55 vt
829 1750 186 55 coenobitae

233 1800 98 57 ad
282 1800 196 57 abbatem:
429 1800 163 57 Veneti
543 1800 82 57 &
575 1800 163 57 Romani
690 1800 98 57 ad
739 1800 180 57 senatum
869 1800 82 57 &
902 1800 98 57 ad
934 1800 82 57 pa-

238 1842 170 52 tricios.
365 1842 113 52 ldem
436 1842 113 52 dico
506 1842 99 52 vbi
563 1842 127 52 nulla
648 1842 127 52 esset
732 1842 240 52 subordinatio:
916 1842 85 52 quia

232 1887 170 45 sufficit
360 1887 114 45 quod
431 1887 99 45 sit
487 1887 170 45 notabile
615 1887 128 45 bonum
701 1887 156 45 ablatum
814 1887 85 45 de
857 1887 99 45 se.
899 1887 114 45 furari

230 1931 126 45 tamen
314 1931 70 45 a
342 1931 196 45 pauperiore
496 1931 98 45 est
552 1931 126 45 maius
635 1931 168 45 peccatum
761 1931 168 45 caeteris
873 1931 140 45 paribus.

244 1974 71 52 â‹
272 1974 100 52 Pro
329 1974 114 52 tota
400 1974 100 52 hac
457 1974 157 52 materia
571 1974 171 52 capiatur
700 1974 114 52 haec
771 1974 128 52 scala
842 1974 171 52 ascendendi

238 2017 87 45 ad
282 2017 247 45 intelligendam
486 2017 218 45 solutionem.
660 2017 189 45 Percutiat
805 2017 189 45 Alexander
936 2017 73 45 Ma-

238 2063 116 46 cedo
310 2063 145 46 Clitum
411 2063 188 46 vndecies:
556 2063 101 46 ita
614 2063 87 46 vt
657 2063 145 46 primus
758 2063 130 46 ictus
845 2063 101 46 non
903 2063 101 46 sit
946 2063 58 46 ad

229 2105 136 50 mortem
325 2105 136 50 vsque,
420 2105 95 50 sed
475 2105 123 50 parum
556 2105 150 50 laedat:
665 2105 95 50 sic
720 2105 82 50 vt
761 2105 109 50 stet
829 2105 109 50 esse
883 2105 123 50 veniale

221 2155 181 49 peccatum,
360 2155 69 49 &
388 2155 97 49 sic
443 2155 83 49 de
485 2155 125 49 aliis
568 2155 167 49 ictibus.
693 2155 153 49 interim
805 2155 139 49 videns
888 2155 125 49 charis-

228 2195 134 49 simum
317 2195 148 49 Clitum
421 2195 223 49 debilitatum
599 2195 89 49 in
644 2195 148 49 decimo
748 2195 134 49 ictu,
837 2195 163 49 iudicat
941 2195 74 49 vel

226 2242 150 46 sapiens
335 2242 191 46 iudicaret,
485 2242 82 46 si
526 2242 150 46 amplius
635 2242 191 46 percutiat,
784 2242 150 46 occidet
893 2242 95 46 vel
934 2242 68 46 non

239 2285 162 57 tabiliter
363 2285 124 57 laedet
450 2285 124 57 amicum
537 2285 137 57 Clitum.
637 2285 87 57 Vel
686 2285 75 57 si
724 2285 137 57 constat
823 2285 100 57 quod
886 2285 87 57 non
923 2285 87 57 omnis

229 2326 174 55 pforatio
360 2326 145 55 carnis
462 2326 160 55 inducit
578 2326 160 55 mortem,
694 2326 160 55 ponatur
810 2326 116 55 quod
868 2326 145 55 penetra:

230 2370 96 49 tio
285 2370 124 49 decem
368 2370 151 49 partium
478 2370 96 49 non
533 2370 151 49 inducat
643 2370 137 49 mortem
739 2370 69 49 /
766 2370 96 49 sed
821 2370 110 49 bene
876 2370 124 49 vndecim

218 2421 174 50 sensim:
344 2421 158 50 Brutus
455 2421 158 50 mittat
565 2421 189 50 pugionem
707 2421 95 50 in
755 2421 110 50 cor
818 2421 142 50 lulii
897 2421 110 50 Caesa

222 2461 103 56 ris
281 2461 73 56 /
310 2461 73 56 &
340 2461 162 56 constet
457 2461 132 56 Bruto
546 2461 103 56 per
604 2461 235 56 reuelationem
795 2461 88 56 ab
825 2461 176 56 Aesculapio

240 2502 105 52 vel
300 2502 224 52 Hippocrate:
479 2502 120 52 tunc
554 2502 194 52 posterius
704 2502 150 52 semper
809 2502 165 52 amplius
913 2502 90 52 pec-

243 2547 107 48 cat.
309 2547 80 48 Et
350 2547 107 48 idem
416 2547 94 48 est
470 2547 80 48 in
510 2547 174 48 proposito
643 2547 174 48 argumenti
777 2547 214 48 principalis:
937 2547 67 48 hoc

238 2593 144 63 dempto
338 2593 115 63 quod
410 2593 115 63 vnum
482 2593 173 63 peccatum
612 2593 101 63 est
670 2593 130 63 circa
756 2593 130 63 maius
843 2593 173 63 obiectum
958 2593 43 63 &

233 2637 125 50 peius
317 2637 97 50 qui
372 2637 139 50 aliud.
470 2637 70 50 â‹
498 2637 97 50 Sed
553 2637 139 50 contra
651 2637 125 50 totum
734 2637 125 50 illud
818 2637 181 50 arguitur.
943 2637 70 50 Vo-

233 2683 139 46 litio
325 2683 186 46 vndecima
465 2683 108 46 est
526 2683 371 46 improportionabiliter
851 2683 139 46 maior
929 2683 77 46 de-

235 2725 126 62 cima:
319 2725 126 62 sicut
403 2725 154 62 mortale
514 2725 209 62 transcendit
682 2725 168 62 veniale:
808 2725 112 62 quia
863 2725 140 62 notabile

1068 308 138 80 bonum
1160 308 200 80 aufertur:
1313 308 123 80 ergo
1390 308 200 80 duodecima
1543 308 169 80 volitio
1666 308 123 80 erit
1728 308 107 80 morta

1073 380 109 50 lis
1136 380 372 50 improportionabiliter
1461 380 140 50 maior
1554 380 186 50 vndecima
1678 380 171 50 volitione

1073 429 106 56 quia
1139 429 146 56 videtur
1245 429 119 56 eadem
1324 429 132 56 ratio.
1417 429 66 56 â‹
1444 429 199 56 Respondetur
1603 429 146 56 negando
1695 429 146 56 consequn-

1075 474 127 46 tiam.
1159 474 127 46 sicut
1244 474 141 46 aliqua
1342 474 197 46 concauitas
1497 474 113 46 nasi
1568 474 99 46 non
1624 474 169 46 sufficit
1736 474 113 46 denomi

1076 516 105 59 nate
1141 516 118 59 virum
1220 516 131 59 simum:
1311 516 65 59 &
1337 516 144 59 ponatur
1442 516 105 59 quod
1507 516 118 59 decem
1586 516 131 59 paruae
1664 516 183 59 depressiones

1073 560 99 50 non
1130 560 213 50 sufficiant:
1300 560 71 50 &
1329 560 170 50 vndecima
1456 560 128 50 primo
1542 560 185 50 sufficiat
1684 560 71 50 /
1712 560 99 50 vel
1755 560 85 50 deci

1070 605 81 54 ma
1110 605 175 54 depressio
1245 605 94 54 est
1298 605 135 54 vltima
1393 605 94 54 non
1447 605 202 54 sufficiens,
1608 605 94 54 non
1662 605 162 54 qualibet
1770 605 67 54 se-

1071 650 138 45 quens
1162 650 199 45 vndecimam
1315 650 260 45 depressionem,
1529 650 199 45 simitatis
1682 650 107 45 sic
1728 650 122 45 variat

1067 692 269 52 denominationem.
1294 692 71 52 â‹
1322 692 170 52 Interdum
1449 692 99 52 pro
1506 692 184 52 solutione
1648 692 184 52 argumenti
1775 692 71 52 ali

1079 740 101 51 ter
1136 740 202 51 imaginatus
1295 740 101 51 sum
1353 740 72 51 /
1381 740 101 51 vce
1439 740 115 51 quod
1511 740 101 51 sic
1569 740 144 51 furans
1670 740 130 51 grana
1742 740 101 51 pecca

1071 780 113 58 bat
1135 780 177 58 peccato
1264 780 225 58 omissionis
1441 780 242 58 mortaliter:
1635 780 81 58 &
1667 780 177 58 mouebar
1780 780 64 58 ex

1067 818 104 57 illo
1132 818 65 57 /
1158 818 104 57 quia
1223 818 169 57 videbatur
1353 818 104 57 mihi
1418 818 156 57 aequalis
1534 818 117 57 ratio
1612 818 78 57 de
1651 818 169 57 quaelibet
1768 818 78 57 voli

1069 863 126 52 tione
1153 863 155 52 cadente
1266 863 126 52 super
1350 863 112 52 vnum
1420 863 141 52 granum
1519 863 112 52 siue
1589 863 126 52 primo
1673 863 112 52 loco
1744 863 70 52 /
1758 863 98 52 vlti-

1063 899 78 69 mo
1102 899 65 69 /
1128 899 91 69 vel
1180 899 130 69 medio.
1271 899 65 69 &
1297 899 104 69 quia
1362 899 91 69 non
1414 899 169 69 videbatur
1545 899 117 69 ratio
1623 899 104 69 quod
1688 899 143 69 totiens
1779 899 65 69 pec

1066 957 126 50 caret
1150 957 196 50 mortaliter
1304 957 112 50 quot
1374 957 140 50 essent
1471 957 140 50 actus:
1569 957 98 50 vel
1625 957 112 50 quod
1695 957 126 50 nullo
1765 957 84 50 modo

1067 1000 169 63 peccaret
1194 1000 211 63 mortaliter:
1362 1000 141 63 incidi
1461 1000 84 63 in
1503 1000 99 63 hoc
1560 1000 113 63 quod
1630 1000 141 63 peccat
1714 1000 127 63 peccato

1065 1039 220 56 omissionis:
1241 1039 103 56 cum
1300 1039 132 56 nulla
1388 1039 191 56 commissio
1535 1039 191 56 sufficere
1667 1039 176 56 videretur.

1076 1085 154 50 Omissio
1188 1085 112 50 fuit
1258 1085 98 50 hoc
1313 1085 126 50 modo.
1397 1085 182 50 tenebatur
1537 1085 84 50 in
1579 1085 195 50 praesentia
1718 1085 126 50 obiecto

1066 1135 101 53 rum
1123 1135 145 53 habere
1225 1135 116 53 vnum
1297 1135 130 53 nolle
1384 1135 159 53 efficax
1500 1135 188 53 auferendi
1644 1135 174 53 alienum:
1760 1135 87 53 quod

1062 1175 118 50 quia
1136 1175 104 50 non
1195 1175 133 50 habet
1284 1175 148 50 peccat
1388 1175 207 50 mortaliter
1551 1175 207 50 omittendo.
1714 1175 133 50 sicut
1788 1175 59 50 oc

1067 1224 134 52 cidens
1161 1224 81 52 in
1201 1224 175 52 ebrietate
1335 1224 94 52 vel
1389 1224 81 52 in
1429 1224 161 52 dementia
1550 1224 161 52 exterius
1671 1224 134 52 peccat
1752 1224 94 52 secun

1070 1268 101 47 dum
1127 1268 115 47 vnum
1199 1268 130 47 modum
1286 1268 173 47 dicendi:
1415 1268 72 47 &
1444 1268 130 47 actus
1530 1268 173 47 exterior
1660 1268 101 47 est
1717 1268 144 47 malus:
1804 1268 43 47 &

1073 1309 123 53 tamen
1155 1309 137 53 nullus
1251 1309 123 53 actus
1333 1309 164 53 interior
1456 1309 123 53 malus
1538 1309 192 53 respondet.
1689 1309 96 53 vbi
1730 1309 123 53 videtur

1076 1354 113 49 esse
1146 1354 226 49 confugiendum
1330 1354 85 49 ad
1372 1354 113 49 vnam
1443 1354 127 49 puram
1528 1354 212 49 omissionem.
1697 1354 71 49 â‹
1725 1354 99 49 Sed
1767 1354 71 49 con

1071 1399 84 53 tra
1119 1399 107 53 istud
1190 1399 155 53 arguitur.
1310 1399 96 53 tunc
1370 1399 143 53 sequitur
1477 1399 96 53 quod
1537 1399 96 53 quam
1596 1399 119 53 primum
1680 1399 72 53 tu
1716 1399 131 53 venires
1799 1399 48 53 in

1072 1443 228 52 bibliotheca
1254 1443 137 52 meam,
1345 1443 198 52 tenereris
1497 1443 152 52 habere
1604 1443 122 52 vnum
1680 1443 137 52 nolle
1756 1443 91 52 aufe

1078 1483 125 54 rendi
1162 1483 139 54 libros
1259 1483 125 54 meos,
1343 1483 70 54 &
1371 1483 84 54 in
1412 1483 111 54 foro
1482 1483 97 54 vel
1538 1483 84 54 in
1579 1483 139 54 templo
1677 1483 167 54 respectu
1788 1483 56 54 cu

1072 1530 173 57 iussibet
1201 1530 158 57 obiecti
1316 1530 187 57 concupiti
1460 1530 130 57 esses
1547 1530 187 57 deuinctus
1691 1530 144 57 habere
1777 1530 72 57 tot

1062 1573 222 52 nolitiones,
1240 1573 118 52 quod
1314 1573 163 52 videtur
1432 1573 177 52 absurdum
1565 1573 74 52 &
1595 1573 163 52 falsum.
1713 1573 118 52 Pari
1772 1573 74 52 for

1071 1621 90 47 ma
1116 1621 150 47 quando
1221 1621 165 47 haberes
1341 1621 135 47 actum
1431 1621 135 47 malum
1522 1621 225 47 voluntatis,
1687 1621 150 47 peccares

1074 1664 162 57 peccato
1192 1664 220 57 omissionis.
1368 1664 147 57 patet:
1471 1664 117 57 quia
1544 1664 132 57 esses
1632 1664 191 57 obligatus
1765 1664 73 57 non

1067 1712 136 47 habere
1162 1712 122 47 istum
1244 1712 136 47 actum:
1339 1712 68 47 &
1366 1712 81 47 eu
1407 1712 136 47 habes:
1502 1712 149 47 igitur.
1610 1712 122 47 Licet
1692 1712 109 47 haec
1746 1712 95 47 argu-

1066 1759 127 48 menta
1151 1759 198 48 viderentur
1306 1759 212 48 responsioni
1476 1759 170 48 imponere
1603 1759 198 48 silentium,
1744 1759 99 48 nisus

1063 1800 96 58 sum
1118 1800 123 58 tamen
1200 1800 205 58 respondere.
1364 1800 82 58 Ad
1405 1800 137 58 primum
1501 1800 109 58 nego
1569 1800 219 58 consequntiam
1734 1800 109 58 quando

1067 1835 155 57 obiectum
1183 1835 207 57 praesentatur
1352 1835 78 57 in
1390 1835 181 57 praesentia
1533 1835 142 57 locali.
1636 1835 116 57 secus
1714 1835 65 57 e
1740 1835 129 57 quando

1065 1886 232 55 praesentatur
1254 1886 203 55 obiectiue:
1414 1886 145 55 quando
1515 1886 116 55 homo
1588 1886 116 55 exit
1660 1886 87 55 in
1704 1886 131 55 actum
1776 1886 73 55 ex-

1074 1929 189 53 teriorem:
1220 1929 102 53 qui
1278 1929 146 53 quidem
1380 1929 131 53 actus
1468 1929 102 53 non
1526 1929 131 53 habet
1613 1929 102 53 tam
1671 1929 131 53 malum
1744 1929 102 53 actum

1066 1974 202 54 interiorem
1224 1974 116 54 quam
1297 1974 101 54 est
1354 1974 173 54 exterior
1484 1974 188 54 reputatus
1629 1974 72 54 a
1643 1974 188 54 prudentibus

1078 2020 122 52 modo
1154 2020 184 52 exterior
1292 2020 184 52 acceptio
1430 2020 153 52 alieni
1537 2020 107 52 est
1598 2020 199 52 mortalis:
1751 2020 77 52 &
1766 2020 77 52 non

1062 2068 161 49 videtur
1180 2068 117 49 quis
1253 2068 132 49 actus
1341 2068 176 49 interior
1473 2068 103 49 sit
1532 2068 176 49 mortalis
1664 2068 88 49 in
1708 2068 132 49 casu.
1781 2068 59 49 Se

1064 2111 160 47 cundum
1176 2111 224 47 argumentum
1352 2111 144 47 ferme
1448 2111 96 47 ae
1497 2111 192 47 qualiter
1641 2111 192 47 procedit
1769 2111 80 47 con

1062 2153 103 57 tra
1121 2153 133 57 omnem
1210 2153 206 57 opinionem.
1372 2153 162 57 concedo
1489 2153 118 57 quod
1563 2153 162 57 tenetur
1681 2153 103 57 non
1725 2153 118 57 habere

1072 2195 129 51 illum
1158 2195 143 51 actum:
1258 2195 72 51 &
1286 2195 100 51 qui
1343 2195 100 51 eum
1401 2195 129 51 habet
1486 2195 143 51 peccat
1587 2195 157 51 peccato
1687 2195 157 51 commissio

1074 2241 127 47 nis.
1153 2241 127 47 tunc
1232 2241 142 47 autem
1327 2241 142 47 solum
1422 2241 127 47 homo
1502 2241 158 47 peccat
1612 2241 174 47 peccato
1723 2241 111 47 omis-

1074 2280 146 59 sionis
1177 2280 146 59 quando
1279 2280 161 59 omittit
1396 2280 146 59 habere
1498 2280 131 59 actum
1586 2280 117 59 quem
1659 2280 161 59 tenetur
1761 2280 73 59 ha-

1070 2324 115 56 bere:
1147 2324 102 56 quod
1211 2324 90 56 non
1262 2324 166 56 contingit
1390 2324 77 56 in
1429 2324 179 56 proposito,
1569 2324 90 56 non
1620 2324 102 56 enim
1684 2324 141 56 tenetur
1774 2324 64 56 ha-

1072 2371 114 56 bere
1143 2371 143 56 nolle,
1243 2371 143 56 quando
1343 2371 100 56 est
1400 2371 129 56 actus
1486 2371 171 56 interior
1614 2371 143 56 tantae
1700 2371 143 56 malitiae

1076 2416 158 46 quantae
1190 2416 172 46 exterior
1319 2416 186 46 reputatur
1462 2416 72 46 a
1491 2416 229 46 sapientibus.
1677 2416 143 46 Siquis
1763 2416 72 46 vo-

1071 2457 145 55 luerit
1173 2457 218 55 conformiter
1348 2457 116 55 huic
1421 2457 116 55 modo
1493 2457 160 55 dicere:
1610 2457 145 55 dicat.
1697 2457 131 55 placen-

1075 2502 133 49 mihi
1158 2502 149 49 magis
1258 2502 149 49 prius
1357 2502 166 49 dicta.
1473 2502 199 49 Possumus
1622 2502 133 49 enim
1689 2502 149 49 seruare

1067 2547 151 49 tantam
1172 2547 181 49 malitiam
1308 2547 90 49 in
1353 2547 120 49 actu
1428 2547 196 49 interiore
1579 2547 90 49 vt
1624 2547 181 49 superius
1745 2547 90 49 nisi

1069 2590 139 50 sumus
1161 2590 216 50 ostendere:
1331 2590 154 50 quanta
1439 2590 77 50 a
1470 2590 232 50 prudentibus
1656 2590 170 50 ponitur
1779 2590 93 50 in

1071 2635 206 47 exteriore.
1233 2635 162 47 Malitia
1351 2635 147 47 namque
1454 2635 133 47 actus
1542 2635 206 47 exterioris
1704 2635 88 47 ab
1734 2635 103 47 inte-

1068 2677 134 53 riore
1158 2677 164 53 pendet.
1277 2677 194 53 Propterea
1426 2677 149 53 satius
1531 2677 104 53 est
1590 2677 90 53 in
1635 2677 149 53 radice
1725 2677 119 53 loquem

1063 2722 100 70 do
1113 2722 217 70 confugere
1280 2722 100 70 ad
1314 2722 217 70 interiorem.
