2341 3322
483 302 102 59 lum
542 302 161 59 quantum
659 302 205 59 verosimile
820 302 102 59 est
879 302 117 59 quod
952 302 117 59 fama
1025 302 102 59 vel
1083 302 146 59 lucrum
1171 302 88 59 scho

491 362 138 49 lastici
592 362 101 49 sibi
655 362 138 49 attulit
755 362 75 49 ex
793 362 101 49 eius
856 362 189 49 praesentia,
1007 362 88 49 non
1057 362 88 49 ei:
1107 362 101 49 quia
1157 362 101 49 tantum

482 405 140 56 alteri
580 405 154 56 regenti
693 405 182 56 dedisset:
833 405 98 56 sed
889 405 197 56 restitutio
1043 405 98 56 est
1100 405 168 56 facienda
1212 405 56 56 si

488 457 99 43 cut
544 457 85 43 de
587 457 127 43 vsura
672 457 170 43 incerta.
799 457 99 43 hoc
856 457 170 43 sequitur
983 457 113 43 Pan.
1054 457 85 43 in
1096 457 113 43 cap.
1153 457 99 43 fina.

488 492 127 60 huius
573 492 183 60 rubricae.
714 492 127 60 Licet
798 492 127 60 istud
883 492 99 60 sit
939 492 198 60 apparenter
1095 492 155 60 dictum:
1193 492 71 60 non

488 533 111 60 tamen
562 533 136 60 placet.
660 533 74 60 Et
697 533 111 60 ratio
771 533 99 60 est:
833 533 99 60 quia
895 533 123 60 regens
981 533 111 60 nihil
1055 533 136 60 recipit
1154 533 99 60 quod
1203 533 62 60 iu-

490 584 102 43 ste
548 584 102 43 non
606 584 218 43 reciperetur
780 584 87 43 ab
823 584 116 43 alio
896 584 160 43 regente
1012 584 102 43 non
1070 584 131 43 dante
1142 584 116 43 mutuo.

497 624 89 51 Nec
548 624 114 51 valet
624 624 127 51 dicere
713 624 102 51 quod
777 624 140 51 recipit
878 624 165 51 pecuniam:
1005 624 102 51 quia
1069 624 102 51 illa
1132 624 89 51 est
1170 624 89 51 causa

483 672 135 47 minus
573 672 224 47 principalis
752 672 150 47 mutui.
857 672 105 47 hoc
917 672 105 47 sic
977 672 194 47 suadetur.
1111 672 150 47 sacerdos

489 715 109 46 non
552 715 249 46 celebraturus
754 715 124 46 nisi
832 715 156 46 habeat
940 715 109 46 sex
1003 715 156 46 paruos
1111 715 140 46 albos
1189 715 78 46 mi-

487 760 100 47 nus
544 760 256 47 principaliter:
757 760 185 47 celebrans
900 760 157 47 propter
1014 760 114 47 deum
1071 760 185 47 principali-

490 803 108 49 ter,
558 803 95 49 non
612 803 176 49 committit
748 803 176 49 simoniam:
883 803 95 49 nec
937 803 135 49 peccat
1032 803 95 49 per
1086 803 122 49 illum
1154 803 108 49 actum.

487 847 183 48 Similiter
628 847 183 48 beneficii
769 847 169 48 collator
896 847 155 48 confert
1008 847 141 48 licite
1107 847 127 48 sorti
1177 847 85 48 bene

496 890 117 51 cium
569 890 248 51 principaliter
774 890 117 51 quia
847 890 102 51 est
905 890 175 51 idoneus:
1037 890 73 51 &
1066 890 131 51 minus
1139 890 117 51 princi

485 939 174 49 paliter
612 939 127 49 quia
691 939 111 49 est
754 939 127 49 suus
834 939 269 49 consanguineus
1055 939 111 49 vel
1103 939 158 49 famulus:

485 987 101 44 ita
542 987 86 44 vt
585 987 187 44 famulatus
729 987 101 44 vel
787 987 158 44 sanguis
902 987 101 44 sit
960 987 130 44 causa
1046 987 115 44 sine
1118 987 101 44 qua
1176 987 115 44 non:

488 1024 80 55 &
520 1024 111 55 qua
584 1024 175 55 seclusa
711 1024 111 55 non
775 1024 207 55 conferret
934 1024 96 55 ei
982 1024 159 55 potius
1077 1024 191 55 beneficium

491 1068 105 58 quam
556 1068 131 58 alteri
648 1068 118 58 aeque
726 1068 144 58 idoneo.
831 1068 65 58 &
857 1068 118 58 illud
935 1068 131 58 licite
1027 1068 131 58 facit:
1118 1068 78 58 vt
1144 1068 118 58 posthac

491 1117 130 48 dist.
577 1117 116 48 xxv.
650 1117 130 48 huius
737 1117 159 48 amplius
853 1117 174 48 patebit.
983 1117 116 48 ergo
1055 1117 130 48 eodem
1142 1117 116 48 modo
1200 1117 58 48 in

487 1157 198 53 proposito.
643 1157 99 53 Sed
699 1157 142 53 contra
799 1157 99 53 hoc
855 1157 142 53 dicis.
954 1157 128 53 capio
1039 1157 142 53 lucrum
1124 1157 128 53 praeter

478 1205 136 46 sortem
574 1205 82 46 vi
615 1205 136 46 mutui:
710 1205 109 46 quia
778 1205 123 46 illud
860 1205 95 46 non
914 1205 95 46 est
968 1205 109 46 mihi
1037 1205 163 46 debitum.
1145 1205 123 46 Respon-

483 1250 135 46 detur
573 1250 165 46 negando
693 1250 120 46 quod
768 1250 90 46 vi
813 1250 135 46 mutui
902 1250 165 46 capiam:
1022 1250 105 46 sed
1082 1250 165 46 ratione
1187 1250 75 46 im-

495 1294 141 48 probi
590 1294 173 48 laboris
715 1294 79 48 &
747 1294 204 48 doctrinae
904 1294 110 48 qua
967 1294 110 48 eum
1029 1294 173 48 erudio,
1139 1294 126 48 inflam

492 1339 139 50 mando
584 1339 185 50 affectum
723 1339 139 50 eius,
815 1339 77 50 &
846 1339 231 50 illuminando
1031 1339 247 50 intellectum.
1216 1339 46 50 &

481 1381 95 47 hoc
536 1381 81 47 si
576 1381 95 47 ita
630 1381 162 47 vtiliter
752 1381 95 47 eum
806 1381 149 47 erudiam
914 1381 81 47 vt
954 1381 135 47 alter:
1049 1381 68 47 &
1076 1381 95 47 ita
1130 1381 122 47 parum
1197 1381 68 47 ca-

487 1419 122 49 piam
563 1419 91 49 vt
608 1419 152 49 vicini
715 1419 122 49 mei:
791 1419 122 49 puta
867 1419 137 49 solum
958 1419 152 49 capiam
1064 1419 182 49 debitum:
1186 1419 76 49 hoc

486 1466 92 53 est
539 1466 119 53 nihil
618 1466 158 53 indebite
737 1466 132 53 capio.
829 1466 92 53 Sed
882 1466 132 53 fateor
974 1466 106 53 quod
1040 1466 132 53 mutuum
1133 1466 92 53 est
1173 1466 92 53 causa

483 1511 121 49 sine
558 1511 106 49 qua
619 1511 121 49 non,
694 1511 136 49 quare
785 1511 121 49 iste
860 1511 166 49 moratur
981 1511 91 49 in
1026 1511 136 49 cursu
1117 1511 121 49 meo:
1193 1511 106 49 sed

490 1559 159 47 ratione
605 1559 144 47 illius
706 1559 130 47 nihil
792 1559 173 47 accipio:
922 1559 101 47 sed
980 1559 159 47 ratione
1095 1559 173 47 laboris.
1210 1559 58 47 mu

484 1603 121 49 tuum
560 1603 121 49 enim
635 1603 106 49 est
696 1603 136 49 causa
787 1603 106 49 per
847 1603 182 49 accidens
983 1603 136 49 quare
1074 1603 167 49 propter
1180 1603 76 49 eum

487 1648 167 46 laborem.
612 1648 70 46 &
640 1648 97 46 non
696 1648 181 46 sequitur:
835 1648 139 46 mutuum
933 1648 97 46 est
988 1648 125 46 causa
1072 1648 97 46 per
1114 1648 139 46 accidens

480 1690 179 53 laboris:
614 1690 75 53 &
644 1690 134 53 labor
733 1690 134 53 causa
823 1690 194 53 propinqua
972 1690 134 53 decem
1061 1690 194 53 scutorum:
1195 1690 60 53 er

491 1736 98 53 go
540 1736 164 53 mutuum
655 1736 115 53 est
720 1736 148 53 causa
819 1736 148 53 decem
917 1736 213 53 scutorum.
1081 1736 115 53 Nam
1131 1736 131 53 regula

479 1782 128 54 illa,
564 1782 170 54 quicquid
692 1782 99 54 est
748 1782 128 54 causa
833 1782 142 54 causae
933 1782 99 54 est
989 1782 128 54 causa
1075 1782 170 54 causati:
1188 1782 71 54 non

490 1826 129 54 tenet
575 1826 86 54 in
618 1826 143 54 causis
718 1826 100 54 per
775 1826 186 54 accidens:
918 1826 71 54 &
947 1826 100 54 vix
1004 1826 86 54 in
1047 1826 143 54 causis
1147 1826 100 54 per
1190 1826 71 54 se.

485 1869 176 46 Priamus
613 1869 128 46 enim
693 1869 112 46 non
756 1869 128 46 erat
836 1869 144 46 causa
932 1869 223 46 occisionis
1091 1869 176 46 Patrocli:

487 1913 124 47 licet
570 1913 138 47 Hector
666 1913 110 47 eius
735 1913 138 47 filius
831 1913 138 47 illius
928 1913 138 47 mortis
1024 1913 124 47 causa
1107 1913 151 47 fuerit.
1203 1913 55 47 Si

481 1955 159 53 dicas,
593 1955 112 53 non
656 1955 143 53 minus
752 1955 207 53 laborarem
911 1955 128 53 isto
991 1955 191 53 absente.
1135 1955 128 53 Dico
1198 1955 64 53 si

488 1998 116 52 huic
560 1998 130 52 medio
646 1998 202 52 innitaris,
805 1998 202 52 concludens
964 1998 116 52 quod
1036 1998 72 52 a
1065 1998 130 52 nullo
1137 1998 116 52 debeam

483 2041 175 49 accipere
614 2041 175 49 turonum:
745 2041 73 49 &
775 2041 102 49 sic
833 2041 175 49 propriis
964 2041 175 49 militare
1080 2041 175 49 stipendiis

486 2087 148 54 cogar:
590 2087 118 54 quia
664 2087 192 54 quocunque
812 2087 163 54 oblato,
930 2087 89 54 ob
975 2087 118 54 eius
1049 2087 192 54 absentiam
1182 2087 74 54 non

494 2137 141 50 ninus
588 2137 188 50 legerem.
729 2137 125 50 Dico
808 2137 188 50 secundo:
949 2137 125 50 quod
1027 2137 157 50 tantum
1137 2137 125 50 lego
1199 2137 63 50 ei

483 2173 133 58 quantum
580 2173 133 58 omnibus
677 2173 121 58 aliis:
761 2173 97 58 quia
822 2173 121 58 potest
907 2173 121 58 audire
992 2173 109 58 omnia
1064 2173 85 58 qua
1113 2173 97 58 dico
1173 2173 73 58 in
1197 2173 61 58 le-

485 2221 145 58 ctione.
590 2221 92 58 Nec
643 2221 132 58 iterum
735 2221 119 58 valet
814 2221 132 58 dicere
906 2221 105 58 quod
972 2221 132 58 capiam
1064 2221 145 58 aliquid
1157 2221 105 58 aesti-

481 2268 140 55 mabile
579 2268 168 55 pecunia:
704 2268 112 55 quia
774 2268 126 55 tollo
858 2268 84 55 ab
900 2268 84 55 eo
942 2268 195 55 libertatem
1095 2268 126 55 alium
1179 2268 98 55 ad-

486 2318 150 50 eundi:
591 2318 120 50 modo
666 2318 120 50 auro
740 2318 105 50 non
800 2318 105 50 est
860 2318 209 50 aestimanda
1025 2318 194 50 libertas.
1159 2318 105 50 prout

489 2352 132 52 vulgo
577 2352 190 52 iactatur.
724 2352 102 52 Non
782 2352 117 52 bene
855 2352 102 52 pro
914 2352 132 52 fuluo
1002 2352 176 52 libertas
1119 2352 146 52 venditur

490 2399 129 54 auro.
576 2399 115 54 Dico
648 2399 86 54 me
691 2399 101 54 non
749 2399 158 54 tollere
864 2399 86 54 ab
907 2399 86 54 eo
950 2399 216 54 libertatem:
1123 2399 115 54 quia
1180 2399 72 54 non

482 2446 91 51 est
534 2446 117 51 mecum
612 2446 117 51 maior
691 2446 157 51 seruitus
808 2446 104 51 quam
874 2446 91 51 cum
926 2446 117 51 alio.
1004 2446 91 51 vel
1056 2446 78 51 si
1095 2446 104 51 sit:
1148 2446 104 51 soluat

482 2492 72 47 &
510 2492 101 47 eat
568 2492 101 47 quo
626 2492 144 47 velit.
726 2492 158 47 Quamuis
842 2492 130 47 etiam
928 2492 130 47 alius
1014 2492 144 47 regens
1115 2492 130 47 legat
1201 2492 86 47 in

493 2535 177 51 geniosius
629 2535 109 51 quam
697 2535 109 51 ego:
765 2535 109 51 immo
833 2535 68 51 &
860 2535 163 51 vtilius,
982 2535 109 51 quod
1050 2535 122 51 maius
1132 2535 109 51 est:
1186 2535 68 51 non

485 2576 140 55 pecco:
583 2576 112 55 quia
653 2576 168 55 sufficit
779 2576 112 55 quod
849 2576 84 55 ei
892 2576 210 55 satisfaciam
1060 2576 70 55 &
1074 2576 182 55 multitudini

485 2620 276 58 scholasticorum:
717 2620 174 58 alioquin
847 2620 174 58 regentes
978 2620 145 58 idonei
1079 2620 73 58 &
1094 2620 160 58 sufficien

483 2666 117 56 tes,
557 2666 161 56 propter
674 2666 176 56 aduentum
805 2666 263 56 excellentioris
1025 2666 190 56 peccarent
1157 2666 102 56 legen

477 2713 104 62 do:
537 2713 119 62 quod
611 2713 104 62 non
670 2713 104 62 est
730 2713 193 62 dicendum.
878 2713 89 62 Et
923 2713 178 62 vlterius
1057 2713 119 62 dico
1131 2713 89 62 me
1161 2713 104 62 posse

1324 306 91 63 ei
1369 306 167 63 mutuare
1491 306 182 63 pecuniam
1628 306 167 63 quamdiu
1749 306 198 63 lectionem
1901 306 122 63 meam
1962 306 152 63 visitaue

1325 359 107 55 rit:
1392 359 67 55 &
1418 359 188 55 praefinire
1566 359 161 55 terminum
1686 359 94 55 quo
1740 359 161 55 recipiam
1861 359 161 55 pecuniam
1981 359 80 55 si
2008 359 94 55 forte

1323 402 174 55 abierit.
1453 402 101 55 Non
1511 402 159 55 oportet
1627 402 203 55 respondere
1786 402 87 55 ad
1830 402 203 55 argumentum
1975 402 130 55 stipen-

1324 446 99 52 dii
1381 446 114 52 (cum
1452 446 99 52 non
1508 446 128 52 egeat
1594 446 114 52 alia
1665 446 227 52 responsione)
1849 446 128 52 vltra
1935 446 128 52 decem
2006 446 99 52 scuta

1319 493 106 49 quae
1385 493 133 49 regens
1478 493 120 49 capit
1558 493 93 49 pro
1612 493 106 49 toto
1678 493 120 49 cursu
1758 493 173 49 Parisiis.
1891 493 67 49 &
1918 493 120 49 licet
1984 493 120 49 aliquis

1320 537 139 55 alius
1412 537 154 55 regens
1520 537 201 55 promittat
1675 537 93 55 ei
1721 537 93 55 se
1767 537 139 55 minus
1860 537 232 55 accepturum:
2030 537 77 55 non

1323 582 135 55 grauo
1413 582 105 55 eum
1473 582 120 55 quia
1547 582 105 55 non
1607 582 135 55 capio
1697 582 180 55 plusquam
1832 582 150 55 debea.
1936 582 105 55 vel
1981 582 120 55 soluat

1330 637 141 45 alter
1424 637 157 45 regens
1534 637 110 45 pro
1597 637 110 45 eo:
1659 637 78 45 &
1691 637 172 45 abducat
1816 637 125 45 eum.
1926 637 110 45 Sed
1973 637 125 45 contra

1324 670 133 49 summa
1413 670 207 49 solutionis
1576 670 192 49 arguitur.
1723 670 89 49 si
1768 670 103 49 non
1827 670 163 49 veniret
1945 670 89 49 ad
1975 670 118 49 lectio

1329 720 124 53 nem:
1407 720 109 53 non
1469 720 140 53 darem
1562 720 93 53 ei
1609 720 155 53 mutuo:
1718 720 124 53 ergo
1795 720 186 53 aduentus
1935 720 93 53 ad
1966 720 124 53 lectio

1328 764 109 53 nem
1391 764 109 53 est
1453 764 140 53 causa
1547 764 249 53 principalis:
1749 764 125 53 quia
1827 764 94 53 ea
1874 764 172 53 seclusa
1983 764 125 53 remoue

1317 801 104 48 tur
1376 801 192 48 effectus.
1554 801 237 48 Respondetur.
1746 801 148 48 remota
1850 801 133 48 causa
1938 801 133 48 minus
2012 801 89 48 prin

1331 848 128 55 cipali
1421 848 115 55 saepe
1497 848 166 55 remouetur
1625 848 166 55 effectus:
1753 848 128 55 quando
1842 848 102 55 sunt
1906 848 102 55 duae
1970 848 128 55 causae
2047 848 51 55 si

1320 894 94 52 mul
1373 894 189 52 requisitae
1522 894 81 52 ad
1562 894 189 52 positionem
1710 894 175 52 effectus:
1845 894 162 52 scilicet
1953 894 148 52 praecipua

1318 938 73 43 &
1348 938 132 43 minus
1436 938 235 43 principalis:
1627 938 147 43 neutra
1729 938 117 43 enim
1803 938 161 43 istarum
1920 938 176 43 causarum
2038 938 73 43 so-

1328 982 83 55 la
1370 982 167 55 sufficit
1495 982 139 55 ponere
1592 982 181 55 effectum.
1731 982 111 55 modo
1801 982 111 55 deus
1871 982 97 55 est
1926 982 125 55 causa
1996 982 111 55 princi

1327 1021 146 61 palis.
1430 1021 102 61 Hoc
1488 1021 102 61 sic
1547 1021 175 61 declaro,
1678 1021 146 61 quando
1780 1021 117 61 sunt
1854 1021 102 61 duo
1912 1021 132 61 fines
1985 1021 117 61 quorum

1335 1074 106 55 vnus
1401 1074 93 55 est
1454 1074 80 55 in
1494 1074 120 55 alium
1574 1074 212 55 resolubilis:
1746 1074 106 55 ille
1813 1074 80 55 in
1853 1074 106 55 quem
1919 1074 120 55 alter
1985 1074 120 55 resolui

1327 1114 95 51 tur
1382 1114 95 51 est
1436 1114 190 51 praecipuus
1585 1114 108 51 deus
1652 1114 122 51 autem
1734 1114 95 51 est
1788 1114 122 51 finis
1869 1114 176 51 generalis
2004 1114 68 51 &
2018 1114 81 51 remo

1331 1161 99 55 tus
1387 1161 141 55 omnium
1486 1161 141 55 actuum
1585 1161 113 55 quos
1655 1161 155 55 prudens
1768 1161 141 55 facit:
1867 1161 71 55 &
1895 1161 155 55 caeteri
1994 1161 99 55 actus

1323 1200 91 59 in
1368 1200 152 59 amorem
1474 1200 152 59 illius
1581 1200 136 59 finis
1672 1200 76 59 &
1702 1200 152 59 tandem
1808 1200 91 59 in
1853 1200 136 59 illum
1944 1200 136 59 finem
2020 1200 76 59 re-

1321 1245 216 49 ducuntur.
1487 1245 199 49 secundum
1637 1245 149 49 illud
1737 1245 199 49 Apostoli
1886 1245 166 49 primae
2002 1245 100 49 ad
2036 1245 66 49 Co

1322 1292 134 48 rinth.
1415 1292 80 48 x.
1455 1292 120 48 Omnia
1535 1292 80 48 in
1575 1292 147 48 gloriam
1682 1292 93 48 dei
1736 1292 147 48 facite.
1842 1292 93 48 Hoc
1896 1292 107 48 modo
1962 1292 107 48 isti
2016 1292 80 48 scho

1311 1334 164 46 lastico
1430 1334 134 46 decem
1519 1334 134 46 scuta
1608 1334 134 46 mutuo
1698 1334 89 46 vt
1742 1334 164 46 visitet
1861 1334 193 46 lectionem
1995 1334 104 46 meam:

1324 1389 150 47 volens
1429 1389 90 47 vt
1474 1389 135 47 adsit
1563 1389 180 47 lectioni
1698 1389 75 47 &
1728 1389 194 47 proficiat
1878 1389 90 47 in
1922 1389 194 47 doctrinis
2057 1389 45 47 &

1312 1430 202 40 moribus:
1464 1430 101 40 vt
1514 1430 101 40 eo
1565 1430 135 40 modo
1649 1430 185 40 seruiam
1784 1430 118 40 deo
1851 1430 84 40 &
1885 1430 185 40 merear,
2020 1430 118 40 non

1318 1469 139 56 tamen
1410 1469 139 56 quasi
1503 1469 124 56 homo
1580 1469 139 56 istos
1673 1469 139 56 actus
1765 1469 170 56 referat
1889 1469 216 56 actualiter
2043 1469 62 56 in

1313 1525 144 46 deum:
1409 1525 128 46 quia
1489 1525 112 46 non
1552 1525 223 46 requiritur
1728 1525 160 46 semper
1840 1525 176 46 relatio
1951 1525 160 46 actualis

1326 1557 92 58 in
1372 1557 169 58 vltimum
1495 1557 139 58 finem
1588 1557 92 58 ad
1634 1557 108 58 hoc
1695 1557 92 58 vt
1742 1557 139 58 actus
1834 1557 154 58 noster
1942 1557 108 58 sit
1988 1557 108 58 bonus

1323 1604 210 50 moraliter:
1488 1604 105 50 vel
1548 1604 135 50 bonus
1638 1604 210 50 meritorie:
1804 1604 105 50 sed
1864 1604 180 50 sufficit
1984 1604 120 50 virtua

1328 1646 133 60 lis.
1411 1646 116 60 Non
1478 1646 149 60 capio
1577 1646 232 60 relationem
1759 1646 215 60 virtualem
1925 1646 133 60 more
1991 1646 116 60 docto

1318 1693 106 57 ris
1378 1693 197 57 Seraphici
1530 1693 76 57 &
1560 1693 242 57 Conterranei:
1757 1693 106 57 sed
1817 1693 197 57 virtualem
1954 1693 151 57 relatio-

1313 1734 114 47 nem
1378 1734 130 47 voco
1459 1734 163 47 quando
1573 1734 146 47 homo,
1671 1734 146 47 licet
1768 1734 98 47 in
1817 1734 179 47 teneris
1947 1734 163 47 annis,
2045 1734 65 47 ha

1329 1781 115 45 bet
1394 1781 115 45 hoc
1460 1781 229 45 propositum
1640 1781 98 45 se
1689 1781 148 45 velle
1788 1781 148 45 totam
1886 1781 148 45 vitam
1984 1781 131 45 suam
2050 1781 49 45 &

1325 1826 136 56 omnes
1416 1826 136 56 actus
1507 1826 212 56 laudabiles
1674 1826 152 56 facere
1780 1826 167 56 propter
1901 1826 136 56 deum:
1992 1826 76 56 &
2007 1826 91 56 post

1329 1869 98 49 ea
1378 1869 114 49 non
1443 1869 146 49 habet
1540 1869 211 49 oppositum
1703 1869 195 49 formale.
1849 1869 146 49 licet
1947 1869 130 49 enim
2012 1869 81 49 mul

1327 1913 101 57 tis
1384 1913 130 57 modis
1471 1913 145 57 peccet
1572 1913 217 57 mortaliter:
1746 1913 101 57 non
1804 1913 130 57 tamen
1891 1913 130 57 habet
1963 1913 130 57 opposi-

1330 1954 102 56 tum
1389 1954 189 56 forinale:
1534 1954 73 56 &
1563 1954 145 56 refert
1665 1954 204 56 actualiter
1825 1954 145 56 quando
1927 1954 174 56 tenetur.
2043 1954 58 56 Et

1320 2000 96 59 ne
1368 2000 128 59 tibi
1448 2000 192 59 videatur
1591 2000 144 59 istud
1687 2000 144 59 nimis
1783 2000 176 59 largum,
1910 2000 176 59 pronunc
2022 2000 80 59 vni

1316 2057 93 42 ca
1363 2057 171 42 ratione
1487 2057 202 42 fulcitur.
1642 2057 155 42 Doctor
1751 2057 217 42 Seraphicus
1921 2057 93 42 in
1968 2057 109 42 suo
2014 2057 78 42 se-

1320 2087 135 61 cundo
1410 2087 135 61 dicit
1500 2087 120 61 quod
1575 2087 135 61 actus
1665 2087 180 61 alicuius
1800 2087 195 61 religiosi
1950 2087 120 61 sunt
2010 2087 90 61 omes

1327 2133 217 47 sufficienter
1503 2133 135 47 relati
1598 2133 81 47 in
1639 2133 108 47 deum
1706 2133 162 47 postquam
1828 2133 122 47 dedit
1910 2133 81 47 se
1950 2133 68 47 &
1977 2133 95 47 sua
2018 2133 81 47 deo:

1316 2175 80 52 &
1348 2175 224 52 intendebat
1524 2175 144 52 omnia
1620 2175 160 52 facere
1731 2175 176 52 propter
1859 2175 144 52 deum.
1955 2175 80 52 &
1987 2175 96 52 si
2019 2175 80 52 hoc

1325 2223 184 47 sufficiat
1467 2223 85 47 in
1509 2223 142 47 iuuene
1608 2223 198 47 religioso:
1764 2223 128 47 quare
1849 2223 99 47 non
1906 2223 184 47 sufficiet
2033 2223 57 47 in

1315 2268 149 45 iuuene
1419 2268 149 45 laico?
1524 2268 194 45 specialis
1673 2268 149 45 namque
1777 2268 134 45 datio
1866 2268 134 45 facta
1956 2268 104 45 deo
2001 2268 89 45 more

1319 2312 219 56 religiosorum
1497 2312 96 56 non
1552 2312 191 56 requiritur
1702 2312 82 56 ad
1743 2312 191 56 relationem
1893 2312 178 56 actualem,
2016 2312 82 56 quod

1316 2356 175 60 probatur:
1450 2356 108 60 quia
1518 2356 162 60 alioquin
1639 2356 121 60 nullo
1720 2356 108 60 modo
1788 2356 135 60 laicus
1882 2356 135 60 posset
1963 2356 135 60 referre:

1321 2399 123 63 quod
1398 2399 108 63 est
1459 2399 170 63 falsum.
1583 2399 93 63 Si
1629 2399 154 63 dicas.
1737 2399 154 63 Doctor
1845 2399 123 63 iste
1922 2399 139 63 dicit
1999 2399 93 63 oppo

1321 2445 136 51 situm
1412 2445 91 51 de
1457 2445 151 51 laico.
1563 2445 151 51 scimus
1669 2445 106 51 eum
1730 2445 167 51 dicere:
1851 2445 197 51 oppositum
1987 2445 106 51 tamen

1317 2493 136 56 ratio
1408 2493 196 56 persuadet
1559 2493 151 56 contra
1664 2493 106 56 eum
1725 2493 76 56 &
1755 2493 106 56 pro
1815 2493 106 56 hoc
1876 2493 121 56 quod
1936 2493 151 56 dicimus.

1318 2532 77 55 &
1348 2532 123 55 post
1425 2532 138 55 istud
1518 2532 215 55 propositum
1687 2532 185 55 generale
1825 2532 154 55 nullus
1933 2532 108 55 est
1979 2532 108 55 actus

1311 2577 222 49 indifferens
1489 2577 89 49 in
1533 2577 148 49 homine
1637 2577 89 49 si
1681 2577 222 49 intellectus
1859 2577 178 49 iudicium
1978 2577 118 49 affue-

1310 2619 128 53 rit:
1390 2619 176 53 aliorum
1519 2619 128 53 more
1599 2619 193 53 loquendo
1743 2619 257 53 deliberatus.
1952 2619 128 53 Haec
2016 2619 80 53 obi

1314 2669 111 57 ter
1377 2669 190 57 dixerim:
1520 2669 142 57 alias
1614 2669 237 57 enucleatius
1804 2669 205 57 materiam,
1962 2669 126 57 quia
2025 2669 79 57 est

1320 2709 198 78 vtilis,
1464 2709 90 78 &
1500 2709 288 78 explicatione
1733 2709 162 78 eget,
1823 2709 270 78 examinaturus.
