2445 3322
325 308 138 72 Eodem
417 308 123 72 modo
493 308 123 72 dico
570 308 123 72 quod
646 308 153 72 Sortes
753 308 153 72 multor
861 308 153 72 licite
968 308 107 72 dat
1014 308 107 72 pisto

333 370 88 51 ri
377 370 146 51 mutuo,
480 370 161 51 sperans
596 370 102 51 per
655 370 102 51 hoc
713 370 102 51 eum
772 370 175 51 venturum
903 370 88 51 ad
947 370 117 51 suum
1006 370 102 51 molen

329 417 134 52 dinum,
422 417 67 52 &
449 417 80 52 se
489 417 134 52 lucrum
583 417 228 52 consecuturum,
771 417 94 52 non
825 417 107 52 enim
892 417 94 52 fit
945 417 147 52 iniuria
1039 417 67 52 per

330 454 97 56 hoc
386 454 166 56 pistori:
510 454 97 56 cum
566 454 111 56 iste
635 454 139 56 multor
732 454 97 56 est
787 454 97 56 ita
843 454 194 56 propinquus
981 454 125 56 pistori

340 502 85 46 vt
382 502 142 46 alter:
482 502 71 46 &
510 502 128 46 aeque
595 502 114 46 bene
666 502 142 46 molit:
765 502 99 46 nec
822 502 114 46 plus
893 502 128 46 capit
978 502 99 46 pro
1021 502 85 46 labo

335 543 81 56 re
376 543 108 56 quam
444 543 136 56 alter.
539 543 122 56 secus
620 543 95 56 est
674 543 95 56 vbi
729 543 203 56 notabiliter
891 543 108 56 plus
959 543 163 56 distaret
1067 543 41 56 a

331 588 157 53 pistore
445 588 100 53 vel
502 588 100 53 vbi
560 588 114 53 plus
631 588 172 53 caperet.
760 588 100 53 Sic
817 588 86 53 de
860 588 143 53 domino
960 588 129 53 dante
1031 588 72 53 mu-

324 636 107 62 tuo
385 636 153 62 colono
492 636 107 62 vel
553 636 198 62 econuerso
705 636 183 62 dicatur:
843 636 168 62 dummodo
949 636 153 62 seruetur

329 672 172 64 latitudo
458 672 129 64 iusti
544 672 144 64 precii
630 672 158 64 hincinde.

324 726 109 60 ⁋
368 726 196 60 Sexto
499 726 283 60 arguitur.
717 726 262 60 Mercator
891 726 218 60 Parisien

325 785 96 48 sis
380 785 138 48 vendit
477 785 124 48 sorti
560 785 152 48 quinque
670 785 124 48 vlnas
752 785 124 48 panni
835 785 96 48 pro
890 785 138 48 tunica
973 785 124 48 facien-

337 830 100 48 da,
394 830 157 48 quinque
508 830 143 48 scutis
608 830 86 48 in
651 830 157 48 prompta
765 830 171 48 pecunia:
894 830 157 48 Platoni
994 830 100 48 autem

340 871 113 57 bona
411 871 113 57 fide
482 871 99 57 seu
538 871 99 57 (vt
595 871 128 57 vulgo
680 871 156 57 dicunt)
793 871 85 57 ad
836 871 128 57 credo
921 871 142 57 vendit
1020 871 113 57 quin

337 916 110 60 quod
406 916 123 60 vlnas
488 916 151 60 eiusdem
597 916 123 60 panni
680 916 151 60 quinque
789 916 137 60 scutis
885 916 110 60 cum.
953 916 96 60 xv.
994 916 110 60 duode-

325 966 111 41 nis.
395 966 111 41 tunc
464 966 111 41 sic.
534 966 167 41 vendendo
659 966 153 41 Platoni
771 966 125 41 capit
854 966 139 41 lucrum
952 966 125 41 vltra
1021 966 84 41 sor-

335 1004 91 54 tem
387 1004 78 54 vi
426 1004 117 54 mutui
504 1004 260 54 interpraetatiui:
725 1004 104 54 quia
790 1004 104 54 idem
855 1004 91 54 est
907 1004 78 54 ac
946 1004 78 54 si
972 1004 130 54 dedisset

327 1052 105 59 xv.
387 1052 135 59 scuta
477 1052 135 59 mutuo
568 1052 165 59 Platoni
688 1052 90 59 ad
733 1052 150 59 certam
838 1052 120 59 diem
913 1052 150 59 vsque,
1004 1052 105 59 peten

321 1092 98 65 do.
377 1092 98 65 xv.
433 1092 168 65 duodenos
560 1092 98 65 cum
616 1092 182 65 capitali.
756 1092 70 65 &
784 1092 112 65 quod
854 1092 98 65 hoc
911 1092 84 65 ei
953 1092 140 65 liceat
1037 1092 56 65 pa

328 1138 114 67 tet:
399 1138 114 67 quia
470 1138 143 67 mauult
570 1138 143 67 habere
670 1138 157 67 quinque
784 1138 128 67 scuta
870 1138 86 67 in
913 1138 157 67 promptu
1012 1138 86 67 quam

337 1182 96 58 sic
392 1182 178 58 expectare
529 1182 191 58 dilationem
679 1182 205 58 solutionis.
843 1182 68 58 ⁋
871 1182 219 58 Respondetur.
1035 1182 68 58 li-

332 1234 88 51 cet
383 1234 126 51 beatus
471 1234 101 51 Tho.
534 1234 113 51 prima
609 1234 164 51 secundae.
735 1234 76 51 q.
773 1234 88 51 lx.
823 1234 88 51 ar.
874 1234 88 51 ii.
924 1234 76 51 &.
962 1234 76 51 q.
987 1234 113 51 Ixiiii.

331 1283 92 40 ar.
383 1283 92 40 ii.
436 1283 118 40 dicat
514 1283 131 40 medium
606 1283 170 40 iustitiae
737 1283 183 40 consistere
881 1283 79 40 in
921 1283 118 40 medio
999 1283 105 40 rei:
1052 1283 39 40 &

329 1319 143 53 medium
429 1319 86 53 in
472 1319 129 53 aliis
557 1319 200 53 consistere
714 1319 86 53 in
757 1319 129 53 medio
843 1319 186 53 rationis:
986 1319 114 53 dico
1043 1319 57 53 il

320 1363 115 49 lud
385 1363 131 49 esse
467 1363 213 49 vtrobique
631 1363 164 49 verum.
746 1363 213 49 propterea
910 1363 98 49 ad
943 1363 148 49 argumen

325 1410 104 44 tum
385 1410 119 44 dico
459 1410 134 44 posse
548 1410 104 44 non
607 1410 119 44 esse
681 1410 163 44 vsuram.
800 1410 104 44 non
860 1410 148 44 loquor
963 1410 89 44 de
993 1410 104 44 ratio

327 1457 94 47 ne
374 1457 157 47 damni:
484 1457 126 47 quia
563 1457 94 47 de
610 1457 126 47 ipso
689 1457 189 47 hactenus
830 1457 204 47 mentionem
987 1457 110 47 non
1034 1457 63 47 fe

330 1495 91 52 ci.
382 1495 156 52 latitudo
499 1495 104 52 enim
565 1495 130 52 precii
656 1495 91 52 non
708 1495 91 52 est
760 1495 235 52 indiuisibilis:
956 1495 91 52 nec
1008 1495 91 52 est
1047 1495 52 52 me

322 1535 133 58 dium
406 1535 283 58 mathematicum:
639 1535 83 58 &
672 1535 217 58 prudentes
839 1535 233 58 mercatores
1006 1535 100 58 iudi

331 1586 145 52 cabunt
432 1586 116 52 quod
505 1586 160 52 egregie
621 1586 116 52 vlna
693 1586 174 52 praefata
824 1586 145 52 valet.
925 1586 131 52 xxxv.
998 1586 102 52 duode

330 1634 123 51 nos:
406 1634 77 51 &
437 1634 92 51 in
483 1634 169 51 praecio
606 1634 169 51 extremo
728 1634 77 51 &
759 1634 138 51 summo
851 1634 153 51 valet.
943 1634 153 51 xxxviii.

321 1670 75 51 &
351 1670 106 51 non
411 1670 181 51 amplius:
547 1670 121 51 quia
623 1670 106 51 est
683 1670 166 51 status:
803 1670 75 51 &
834 1670 166 51 dabilia
954 1670 121 51 sunt
1015 1670 75 51 duo

325 1721 151 54 extrema
435 1721 193 54 extrinseca
587 1721 96 54 tam
642 1721 124 54 supra
724 1721 110 54 quae
793 1721 138 54 infra:
890 1721 151 54 iudicio
986 1721 110 54 pruden

329 1757 110 60 tum
392 1757 237 60 mercatorum.
582 1757 126 60 lste
660 1757 158 60 igitur
771 1757 189 60 mercator
913 1757 126 60 suam
976 1757 126 60 mercem

336 1808 179 56 vendens
466 1808 114 56 non
531 1808 162 56 peccat
644 1808 211 56 cuicunque
807 1808 162 56 vendat
920 1808 179 56 dummodo
1034 1808 65 56 ma

325 1855 110 58 neat
394 1855 82 58 in
435 1855 96 58 hoc
490 1855 165 58 praecio:
614 1855 69 58 &
641 1855 96 58 per
696 1855 192 58 consequens
848 1855 96 58 non
903 1855 179 58 committit
1026 1855 69 58 vsu

328 1900 111 50 ram:
398 1900 125 50 licet
481 1900 139 50 vendat
578 1900 139 50 carius
676 1900 153 50 Platoni
787 1900 111 50 quam
857 1900 139 50 Sorti.
954 1900 70 50 &
982 1900 97 50 non
1023 1900 70 50 est

323 1934 185 60 quaerenda
465 1934 128 60 causa
550 1934 114 60 nisi
621 1934 170 60 voluntas
749 1934 199 60 mercatoris
905 1934 99 60 qui
962 1934 99 60 est
1005 1934 85 60 do

319 1989 131 61 minus
407 1989 73 61 &
436 1989 160 61 arbiter
552 1989 102 61 rei
610 1989 131 61 suae:
697 1989 102 61 qui
756 1989 131 61 facit
843 1989 160 61 gratiam
959 1989 102 61 vni
1017 1989 73 61 &
1032 1989 58 61 ri

323 2023 148 64 gorem
421 2023 262 64 rationabilem
618 2023 131 64 alteri

312 2080 107 91 ⁋
354 2080 236 91 Septimo
526 2080 279 91 arguitur.
741 2080 300 91 supponendo
955 2080 129 91 quod

324 2139 149 57 Sortes
429 2139 149 57 capiat
533 2139 90 57 ad
578 2139 149 57 vsuram
682 2139 149 57 centum
787 2139 134 57 scuta
876 2139 104 57 pro
936 2139 149 57 quibus
1025 2139 60 57 de

331 2185 105 57 bet
391 2185 165 57 soluere
511 2185 135 57 decem
600 2185 90 57 in
645 2185 165 57 termino
765 2185 180 57 praefixo
900 2185 135 57 vltra
974 2185 120 57 sortem

326 2231 177 59 accedit
455 2231 193 59 Platonem
600 2231 161 59 amicum
712 2231 145 59 suum:
809 2231 81 59 &
841 2231 161 59 mutuat
954 2231 97 59 ei
986 2231 113 59 eadem

322 2273 146 63 centum
425 2273 132 63 scuta
512 2273 88 63 ea
556 2273 205 63 conditione
717 2273 88 63 vt
761 2273 132 63 Plato
849 2273 117 63 haec
922 2273 161 63 soluat:
1024 2273 73 63 sci

313 2319 132 55 licet
402 2319 132 55 decem
490 2319 132 55 vltra
578 2319 147 55 centum
681 2319 191 55 creditori
828 2319 118 55 suo.
902 2319 103 55 Hoc
961 2319 118 55 casu
1019 2319 74 55 sup

314 2367 145 51 posito
415 2367 173 51 arguitur
545 2367 116 51 sic.
617 2367 145 51 Sortes
718 2367 130 51 capit
805 2367 72 51 a
834 2367 159 51 Platone
949 2367 130 51 decem
1022 2367 72 51 vl-

321 2413 103 51 tra
380 2413 147 51 sortem
483 2413 88 51 vi
527 2413 147 51 mutui:
630 2413 118 51 ergo
703 2413 176 51 comittit
836 2413 162 51 vsuram:
953 2413 103 51 sed
997 2413 103 51 tamen

314 2447 88 62 non
365 2447 138 62 peccat,
465 2447 100 62 quod
528 2447 163 62 probatur:
653 2447 100 62 quia
716 2447 88 62 hoc
767 2447 113 62 facit
842 2447 75 62 vt
880 2447 75 62 se
917 2447 151 62 indemnem
1018 2447 75 62 prae

326 2491 148 62 seruet:
433 2491 67 62 &
460 2491 81 62 vt
500 2491 202 62 satisfaciat
662 2491 175 62 vsurario:
796 2491 67 62 &
823 2491 94 62 hoc
877 2491 94 62 est
931 2491 161 62 licitum:
1038 2491 54 62 vt

319 2548 117 51 patet.
401 2548 117 51 xiiii.
483 2548 82 51 qu.
530 2548 105 51 iiii.
600 2548 82 51 ca.
647 2548 70 51 Si
682 2548 94 51 quis
740 2548 140 51 oblitus.
845 2548 94 51 quia
904 2548 82 51 non
951 2548 129 51 tenetur
1033 2548 58 51 cum

316 2588 94 62 suo
369 2588 121 62 damno
450 2588 135 62 alteri
545 2588 189 62 subuenire.
693 2588 94 62 ff.
747 2588 81 62 de
788 2588 189 62 praescrip.
936 2588 108 62 ver.
1004 2588 81 62 l.
1031 2588 67 62 Qui

319 2630 213 61 seruandarum.
492 2630 67 61 ⁋
518 2630 213 61 Respondetur.
692 2630 80 61 si
731 2630 133 61 faciat
825 2630 120 61 pcise
905 2630 107 61 illo
958 2630 133 61 respectu

332 2676 78 54 vt
371 2676 78 54 se
410 2676 155 54 indemnem
526 2676 142 54 seruet:
629 2676 91 54 non
681 2676 91 54 est
733 2676 129 54 vsura.
823 2676 78 54 si
862 2676 129 54 aliquo
953 2676 103 54 alio
1004 2676 91 54 respe

320 2716 113 72 ctu:
390 2716 155 72 concedo
503 2716 113 72 quod
574 2716 99 72 est
630 2716 127 72 vsura
715 2716 70 72 &
743 2716 183 72 peccatum.
884 2716 141 72 multum
982 2716 113 72 enim
1039 2716 56 72 fa

1165 312 98 77 cit
1221 312 182 77 intentio.
1361 312 126 77 Cuius
1445 312 140 77 simile
1543 312 112 77 est.
1612 312 126 77 habeo
1696 312 168 77 triticum
1822 312 112 77 quod
1878 312 56 77 mu

1177 371 102 44 tuo
1235 371 145 44 sorti:
1336 371 102 44 qui
1394 371 145 44 statim
1496 371 102 44 est
1554 371 131 44 illud
1641 371 247 44 consumptutus:
1844 371 87 44 si
1873 371 73 44 mo-

1169 421 102 54 uear
1233 421 216 54 principaliter
1411 421 76 54 vt
1449 421 152 54 recipiam
1563 421 140 54 tempore
1665 421 127 54 futuro
1754 421 114 54 aliud
1830 421 102 54 quod
1881 421 64 54 est

1170 462 171 47 tantummodo
1304 462 147 47 aequalis
1414 462 134 47 praecii
1512 462 134 47 tempore
1610 462 183 47 redditionis
1757 462 98 47 quod
1818 462 86 47 est
1854 462 86 47 diuti

1177 509 92 44 us
1223 509 200 44 mansurum:
1376 509 92 44 in
1423 509 108 44 hoc
1484 509 123 44 casu
1561 509 108 44 est
1622 509 184 44 mutuatio
1761 509 184 44 vsuraria
1884 509 61 44 si

1166 551 103 57 non
1225 551 162 57 fuissem
1343 551 132 57 illud
1431 551 162 57 diutius
1548 551 264 57 conseruaturus.
1768 551 88 57 si
1813 551 117 57 vero
1871 551 59 57 id

1175 586 126 56 faciam
1264 586 76 56 vt
1302 586 215 56 principaliter
1478 586 126 56 euitem
1567 586 126 56 damnum
1655 586 101 56 dato
1718 586 101 56 quod
1781 586 139 56 aliquod
1870 586 63 56 fru

1165 633 143 53 mentum
1265 633 100 53 sit
1322 633 129 53 aptum
1408 633 157 53 diutius
1522 633 214 53 conseruari:
1693 633 71 53 &
1722 633 100 53 per
1765 633 171 53 consequens

1165 685 154 50 maiorem
1277 685 196 50 vtilitatem
1431 685 154 50 afferre
1543 685 126 50 mihi:
1628 685 98 50 non
1684 685 140 50 reputo
1782 685 154 50 vsuram:
1880 685 56 50 si

1168 729 86 53 non
1217 729 110 53 curem
1290 729 135 53 etiamsi
1388 729 135 53 diutius
1486 729 86 53 non
1535 729 196 53 conseruetur:
1694 729 98 53 quia
1755 729 135 53 tempore
1841 729 98 53 reddi-

1162 763 157 66 tionis
1272 763 172 66 intendo
1397 763 157 66 statim
1507 763 219 66 consumere.
1679 763 110 66 Nam
1742 763 141 66 sicut
1820 763 125 66 possum

1163 809 126 63 velle
1247 809 154 63 euitare
1359 809 182 63 interesse
1500 809 126 63 damni
1584 809 197 63 emergentis
1738 809 84 63 ex
1781 809 140 63 mutuo:
1865 809 70 63 ita

1173 856 154 68 possum
1281 856 170 68 euitare
1404 856 201 68 interesse
1559 856 139 68 damni
1651 856 216 68 emergentis
1821 856 93 68 ex
1852 856 93 68 natu

1154 902 86 58 ra
1182 902 86 58 rei.

1155 959 111 84 ⁋
1199 959 244 84 Octauo.
1377 959 222 84 Sortes
1532 959 178 84 dans
1643 959 244 84 Platoni
1799 959 133 84 cen-

1165 1039 101 58 tum
1222 1039 130 58 mutuo
1309 1039 115 58 nunc
1381 1039 86 58 in
1424 1039 158 58 Augusto
1539 1039 72 58 /
1568 1039 173 58 soluenda
1698 1039 86 58 in
1741 1039 173 58 calendis
1856 1039 72 58 de-

1163 1085 160 54 cembris,
1282 1085 146 54 apponit
1389 1085 213 54 conditionem,
1562 1085 106 54 quod
1628 1085 80 54 si
1668 1085 93 54 non
1721 1085 160 54 soluerit
1841 1085 80 54 in
1868 1085 66 54 ter

1159 1131 114 50 mino
1230 1131 171 50 praefixo
1358 1131 128 50 dabit
1444 1131 128 50 decem
1529 1131 142 50 scuta:
1629 1131 71 50 &
1657 1131 157 50 ponatur
1771 1131 114 50 quod
1828 1131 100 50 Plato

1155 1175 107 43 non
1216 1175 167 43 soluat.
1337 1175 107 43 hoc
1398 1175 213 43 supposito:
1566 1175 152 43 Sortes
1672 1175 152 43 licite
1779 1175 137 43 capit
1855 1175 76 43 de-

1169 1216 90 54 cem
1221 1216 116 54 vltra
1298 1216 129 54 sortem
1389 1216 77 54 vi
1427 1216 129 54 mutui:
1518 1216 103 54 ergo
1582 1216 116 54 vsura
1660 1216 90 54 est
1711 1216 142 54 licita.
1815 1216 65 54 ⁋
1828 1216 103 54 Respon

1159 1258 129 53 detur
1244 1258 229 53 distinguendo
1430 1258 114 53 quod
1502 1258 143 53 Sortes
1601 1258 129 53 capit
1687 1258 157 53 licite.
1801 1258 100 53 vel
1844 1258 86 53 Sor-

1159 1309 102 51 tes
1218 1309 145 51 mauult
1319 1309 102 51 vel
1378 1309 102 51 ita
1436 1309 174 51 libenter
1567 1309 145 51 vellet
1668 1309 145 51 habere
1770 1309 116 51 suum
1828 1309 102 51 capi-

1159 1351 121 54 tale
1234 1351 166 54 solutum
1355 1351 91 54 in
1401 1351 166 54 termino
1522 1351 181 54 praefixo
1658 1351 91 54 vt
1703 1351 136 54 decem
1794 1351 151 54 vltra.
1885 1351 45 54 &

1165 1393 87 59 sic
1214 1393 99 59 dico
1276 1393 99 59 quod
1338 1393 87 59 non
1387 1393 87 59 est
1437 1393 124 59 vsura:
1523 1393 99 59 quia
1585 1393 124 59 potest
1671 1393 148 59 recipere
1783 1393 136 59 ratione
1869 1393 62 59 in-

1160 1445 173 57 teresse:
1290 1445 87 57 de
1333 1445 101 57 quo
1391 1445 159 57 amplius
1506 1445 173 57 loquemur
1636 1445 87 57 in
1680 1445 202 57 quaestione
1824 1445 116 57 sequen

1152 1483 111 49 te.
1216 1483 95 49 Si
1263 1483 127 49 vero
1343 1483 191 49 adhibeat
1486 1483 159 49 poenam
1597 1483 159 49 malens
1708 1483 191 49 debitore
1852 1483 111 49 non

1157 1526 156 61 soluere
1270 1526 113 61 quam
1341 1526 170 61 soluere:
1469 1526 71 61 &
1497 1526 184 61 intendens
1639 1526 99 61 hac
1696 1526 99 61 via
1753 1526 170 61 consequi
1866 1526 71 61 lu-

1158 1575 117 54 crum:
1236 1575 91 54 sic
1288 1575 143 54 concedo
1392 1575 104 54 quod
1457 1575 91 54 sit
1509 1575 130 54 vsura:
1599 1575 65 54 &
1625 1575 169 54 latibulum
1755 1575 117 54 eius:
1833 1575 65 54 &
1846 1575 78 54 quae

1155 1611 92 55 dam
1207 1611 132 55 vsurae
1300 1611 184 55 palliatio.
1444 1611 66 55 &
1471 1611 105 55 stat
1536 1611 105 55 quod
1602 1611 158 55 recipiat
1721 1611 145 55 aliquid
1813 1611 118 55 ratione

1161 1665 132 46 poenae
1253 1665 145 46 licite:
1358 1665 119 46 licet
1438 1665 92 46 non
1490 1665 145 46 ratione
1596 1665 119 46 damni
1675 1665 105 46 quod
1741 1665 171 46 incurrit:
1859 1665 66 46 nec

1158 1709 142 53 ratione
1261 1709 116 53 lucri
1338 1709 180 53 cessantis.
1480 1709 90 53 sed
1531 1709 103 53 quia
1596 1709 129 53 multum
1686 1709 167 53 afficitur
1814 1709 77 53 ad
1840 1709 90 53 possi

1162 1748 134 54 denda
1252 1748 105 54 sua
1311 1748 149 54 centum
1416 1748 134 54 scuta
1506 1748 90 54 in
1551 1748 164 54 termino
1670 1748 179 54 praefixo
1790 1748 134 54 (semper

1152 1793 221 56 supponimus
1326 1793 237 56 mutuationem
1515 1793 79 56 &
1547 1793 126 56 ante
1625 1793 189 56 calendas
1752 1793 173 56 Decembris

1155 1837 67 61 &
1181 1837 121 61 post,
1262 1837 108 61 esse
1330 1837 175 61 consilii)
1464 1837 135 61 Sortes
1558 1837 94 61 non
1612 1837 135 61 peccat
1707 1837 81 61 in
1747 1837 94 61 hac
1787 1837 135 61 affectio

1157 1885 96 48 ne.
1212 1885 110 48 modo
1281 1885 137 48 quando
1377 1885 110 48 quis
1445 1885 178 48 afficitur
1582 1885 82 48 ad
1623 1885 151 48 aliquam
1733 1885 96 48 rem
1788 1885 165 48 habendam

1156 1926 112 65 amat
1226 1926 112 65 eam.
1296 1926 126 65 etiam
1379 1926 112 65 odit
1449 1926 181 65 oppositum
1588 1926 139 65 illius
1686 1926 195 65 habitionis
1825 1926 112 65 scili-

1154 1968 92 63 cet
1207 1968 171 63 carentiam
1338 1968 132 63 illius
1430 1968 105 63 rei:
1496 1968 66 63 &
1523 1968 92 63 per
1575 1968 184 63 consequens
1720 1968 79 63 si
1760 1968 92 63 non
1799 1968 132 63 teneatur

1154 2022 98 47 ad
1203 2022 213 47 oppositum
1366 2022 196 47 scilicet
1513 2022 98 47 ad
1562 2022 196 47 carendum
1709 2022 180 47 pecunia
1824 2022 98 47 sua:

1155 2068 134 43 alius
1245 2068 104 43 non
1304 2068 164 43 habebit
1423 2068 104 43 ius
1483 2068 89 43 ei
1528 2068 209 43 infligendi
1692 2068 134 43 illud
1781 2068 164 43 exosum.
1885 2068 45 43 &

1151 2104 112 63 per
1215 2104 224 63 consequens
1391 2104 112 63 qui
1455 2104 144 63 timet
1551 2104 96 63 se
1599 2104 224 63 incursurum
1759 2104 176 63 oppositum

1151 2160 174 48 exosum:
1278 2160 159 48 potest
1389 2160 190 48 obligare
1532 2160 143 48 alium
1627 2160 95 48 ad
1674 2160 159 48 poenam
1785 2160 174 48 aliquam

1163 2201 112 55 quam
1233 2201 126 55 timet
1317 2201 224 55 procuraturum
1499 2201 112 55 sibi
1569 2201 126 55 illud
1653 2201 154 55 poenale
1765 2201 140 55 malum:
1849 2201 70 55 qua

1165 2247 180 48 puniatur
1300 2247 180 48 mutuator
1436 2247 90 48 in
1481 2247 301 48 recompensationem
1736 2247 150 48 illius
1827 2247 105 48 caren

1161 2288 105 61 tiae
1227 2288 198 61 pecuniariae
1385 2288 105 61 quam
1451 2288 171 61 sustinere
1582 2288 92 61 non
1635 2288 184 61 tenebatur.
1780 2288 105 61 Haec
1833 2288 92 61 autem

1152 2335 131 53 poena
1240 2335 204 53 includitur
1400 2335 87 53 in
1444 2335 204 53 interesse:
1604 2335 117 53 quia
1677 2335 190 53 mutuantis
1808 2335 117 53 inter-

1161 2368 109 56 est
1224 2368 93 56 ne
1270 2368 109 56 pro
1332 2368 109 56 suo
1394 2368 202 56 benefacto
1550 2368 186 56 scilicet
1689 2368 186 56 beneuola
1813 2368 109 56 mutua

1157 2414 140 56 tione
1251 2414 218 56 torqueatur
1422 2414 93 56 in
1468 2414 171 56 termino
1593 2414 187 56 statuto.
1733 2414 155 56 Sortes
1826 2414 93 56 enim

1153 2465 120 60 quia
1228 2465 136 60 videt
1319 2465 151 60 passim
1424 2465 196 60 infinitas
1575 2465 151 60 tricas
1680 2465 75 60 &
1710 2465 136 60 dolos
1801 2465 90 60 in
1831 2465 90 60 mun-

1147 2507 89 52 do
1192 2507 89 52 ad
1237 2507 194 52 retinedum
1386 2507 179 52 alienum:
1520 2507 75 52 &
1549 2507 119 52 quod
1624 2507 164 52 pecunia
1743 2507 104 52 sit
1803 2507 119 52 sibi
1862 2507 60 52 ne

1148 2552 169 57 cessaria
1275 2552 99 57 pro
1331 2552 99 57 sua
1387 2552 113 57 arte
1458 2552 197 57 exercenda:
1612 2552 183 57 propterea
1753 2552 84 57 ad
1781 2552 141 57 pecuniam

1152 2595 182 53 habendam
1288 2595 136 53 magis
1379 2595 212 53 afficitur.
1546 2595 167 53 Similis
1667 2595 136 53 poena
1758 2595 152 53 potest
1849 2595 76 53 in-

1154 2640 137 56 poni
1240 2640 86 56 a
1274 2640 172 56 iudice
1394 2640 103 56 ad
1446 2640 223 56 puniendam
1618 2640 258 56 contumaciam
1807 2640 120 56 debi-

1144 2691 137 57 toris
1235 2691 107 57 non
1296 2691 198 57 soluentis
1449 2691 91 57 in
1494 2691 168 57 termino
1616 2691 107 57 cum
1677 2691 168 57 soluere
1784 2691 137 57 posset.

1150 2725 74 82 Ad
1187 2725 86 82 hoc
1236 2725 86 82 est
1286 2725 86 82 ar.
1335 2725 124 82 xxiii.
1421 2725 136 82 distin.
1520 2725 86 82 ca.
1570 2725 161 82 Quamquam.
1693 2725 74 82 &.
1730 2725 86 82 ff.
1780 2725 74 82 de
1817 2725 111 82 iudi.
1879 2725 49 82 l.
