<?xml version="1.0" encoding="UTF-8"?>
<alto xmlns:xsi="http://www.w3.org/2001/XMLSchema-instance"
      xmlns="http://www.loc.gov/standards/alto/ns-v2#"
      xmlns:page="http://schema.primaresearch.org/PAGE/gts/pagecontent/2013-07-15"
      xsi:schemaLocation="http://www.loc.gov/standards/alto/ns-v2# http://www.loc.gov/standards/alto/alto.xsd">
   <Description>
      <MeasurementUnit>pixel</MeasurementUnit>
      <OCRProcessing ID="IdOcr">
         <ocrProcessingStep>
            <processingDateTime>2020-06-19T10:09:48.674-04:00</processingDateTime>
            <processingSoftware>
               <softwareCreator>READ COOP</softwareCreator>
               <softwareName>Transkribus</softwareName>
            </processingSoftware>
         </ocrProcessingStep>
      </OCRProcessing>
   </Description>
   <Tags/>
   <Layout>
      <Page ID="Page1" PHYSICAL_IMG_NR="1" HEIGHT="3322" WIDTH="2306">
         <TopMargin HEIGHT="0" WIDTH="2306" VPOS="0" HPOS="0"/>
         <LeftMargin HEIGHT="3322" WIDTH="0" VPOS="0" HPOS="0"/>
         <RightMargin HEIGHT="3322" WIDTH="0" VPOS="0" HPOS="2306"/>
         <BottomMargin HEIGHT="0" WIDTH="2306" VPOS="3322" HPOS="0"/>
         <PrintSpace HEIGHT="3322" WIDTH="2306" VPOS="0" HPOS="0">
            <TextBlock ID="TextRegion_1591282615415_211"
                       HEIGHT="2533"
                       WIDTH="810"
                       VPOS="252"
                       HPOS="471">
               <Shape>
                  <Polygon POINTS="471,252 1281,252 1281,2785 471,2785"/>
               </Shape>
               <TextLine ID="r1l3"
                         BASELINE="386"
                         HEIGHT="60"
                         WIDTH="767"
                         VPOS="326"
                         HPOS="467">
                  <String HEIGHT="60"
                          WIDTH="123"
                          VPOS="326"
                          HPOS="452"
                          CONTENT="cis."/>
                  <SP HEIGHT="60" WIDTH="15" VPOS="326" HPOS="574"/>
                  <String HEIGHT="60"
                          WIDTH="138"
                          VPOS="326"
                          HPOS="528"
                          CONTENT="nulli"/>
                  <SP HEIGHT="60" WIDTH="15" VPOS="326" HPOS="666"/>
                  <String HEIGHT="60"
                          WIDTH="199"
                          VPOS="326"
                          HPOS="620"
                          CONTENT="catholico"/>
                  <SP HEIGHT="60" WIDTH="15" VPOS="326" HPOS="820"/>
                  <String HEIGHT="60"
                          WIDTH="138"
                          VPOS="326"
                          HPOS="774"
                          CONTENT="licet"/>
                  <SP HEIGHT="60" WIDTH="15" VPOS="326" HPOS="912"/>
                  <String HEIGHT="60"
                          WIDTH="184"
                          VPOS="326"
                          HPOS="866"
                          CONTENT="ignorare"/>
                  <SP HEIGHT="60" WIDTH="15" VPOS="326" HPOS="1050"/>
                  <String HEIGHT="60"
                          WIDTH="138"
                          VPOS="326"
                          HPOS="1004"
                          CONTENT="legem"/>
                  <SP HEIGHT="60" WIDTH="15" VPOS="326" HPOS="1142"/>
                  <String HEIGHT="60"
                          WIDTH="153"
                          VPOS="326"
                          HPOS="1081"
                          CONTENT="diuinam."/>
               </TextLine>
               <TextLine ID="r1l5"
                         BASELINE="433"
                         HEIGHT="56"
                         WIDTH="761"
                         VPOS="377"
                         HPOS="468">
                  <String HEIGHT="56"
                          WIDTH="122"
                          VPOS="377"
                          HPOS="454"
                          CONTENT="certe"/>
                  <SP HEIGHT="56" WIDTH="14" VPOS="377" HPOS="577"/>
                  <String HEIGHT="56"
                          WIDTH="122"
                          VPOS="377"
                          HPOS="536"
                          CONTENT="miror"/>
                  <SP HEIGHT="56" WIDTH="14" VPOS="377" HPOS="658"/>
                  <String HEIGHT="56"
                          WIDTH="149"
                          VPOS="377"
                          HPOS="617"
                          CONTENT="taliter"/>
                  <SP HEIGHT="56" WIDTH="14" VPOS="377" HPOS="767"/>
                  <String HEIGHT="56"
                          WIDTH="190"
                          VPOS="377"
                          HPOS="726"
                          CONTENT="arguentes."/>
                  <SP HEIGHT="56" WIDTH="14" VPOS="377" HPOS="916"/>
                  <String HEIGHT="56"
                          WIDTH="109"
                          VPOS="377"
                          HPOS="876"
                          CONTENT="quis"/>
                  <SP HEIGHT="56" WIDTH="14" VPOS="377" HPOS="984"/>
                  <String HEIGHT="56"
                          WIDTH="109"
                          VPOS="377"
                          HPOS="944"
                          CONTENT="enim"/>
                  <SP HEIGHT="56" WIDTH="14" VPOS="377" HPOS="1052"/>
                  <String HEIGHT="56"
                          WIDTH="149"
                          VPOS="377"
                          HPOS="1012"
                          CONTENT="diceret"/>
                  <SP HEIGHT="56" WIDTH="14" VPOS="377" HPOS="1161"/>
                  <String HEIGHT="56"
                          WIDTH="109"
                          VPOS="377"
                          HPOS="1120"
                          CONTENT="quod"/>
                  <SP HEIGHT="56" WIDTH="14" VPOS="377" HPOS="1229"/>
                  <String HEIGHT="56" WIDTH="54" VPOS="377" HPOS="1175" CONTENT="ma"/>
               </TextLine>
               <TextLine ID="r1l7"
                         BASELINE="473"
                         HEIGHT="51"
                         WIDTH="764"
                         VPOS="422"
                         HPOS="471">
                  <String HEIGHT="51" WIDTH="99" VPOS="422" HPOS="457" CONTENT="ter"/>
                  <SP HEIGHT="51" WIDTH="14" VPOS="422" HPOS="556"/>
                  <String HEIGHT="51" WIDTH="99" VPOS="422" HPOS="513" CONTENT="mea"/>
                  <SP HEIGHT="51" WIDTH="14" VPOS="422" HPOS="612"/>
                  <String HEIGHT="51"
                          WIDTH="184"
                          VPOS="422"
                          HPOS="570"
                          CONTENT="catholica"/>
                  <SP HEIGHT="51" WIDTH="14" VPOS="422" HPOS="754"/>
                  <String HEIGHT="51"
                          WIDTH="170"
                          VPOS="422"
                          HPOS="712"
                          CONTENT="teneatur"/>
                  <SP HEIGHT="51" WIDTH="14" VPOS="422" HPOS="881"/>
                  <String HEIGHT="51"
                          WIDTH="127"
                          VPOS="422"
                          HPOS="839"
                          CONTENT="scire"/>
                  <SP HEIGHT="51" WIDTH="14" VPOS="422" HPOS="966"/>
                  <String HEIGHT="51" WIDTH="85" VPOS="422" HPOS="924" CONTENT="in"/>
                  <SP HEIGHT="51" WIDTH="14" VPOS="422" HPOS="1009"/>
                  <String HEIGHT="51"
                          WIDTH="212"
                          VPOS="422"
                          HPOS="966"
                          CONTENT="particulari"/>
                  <SP HEIGHT="51" WIDTH="14" VPOS="422" HPOS="1178"/>
                  <String HEIGHT="51"
                          WIDTH="113"
                          VPOS="422"
                          HPOS="1122"
                          CONTENT="quodli"/>
               </TextLine>
               <TextLine ID="r1l9"
                         BASELINE="520"
                         HEIGHT="48"
                         WIDTH="763"
                         VPOS="472"
                         HPOS="471">
                  <String HEIGHT="48" WIDTH="101" VPOS="472" HPOS="457" CONTENT="bet"/>
                  <SP HEIGHT="48" WIDTH="14" VPOS="472" HPOS="557"/>
                  <String HEIGHT="48" WIDTH="101" VPOS="472" HPOS="514" CONTENT="ius"/>
                  <SP HEIGHT="48" WIDTH="14" VPOS="472" HPOS="615"/>
                  <String HEIGHT="48"
                          WIDTH="173"
                          VPOS="472"
                          HPOS="572"
                          CONTENT="diuinum:"/>
                  <SP HEIGHT="48" WIDTH="14" VPOS="472" HPOS="745"/>
                  <String HEIGHT="48"
                          WIDTH="115"
                          VPOS="472"
                          HPOS="701"
                          CONTENT="quia"/>
                  <SP HEIGHT="48" WIDTH="14" VPOS="472" HPOS="817"/>
                  <String HEIGHT="48"
                          WIDTH="130"
                          VPOS="472"
                          HPOS="773"
                          CONTENT="autem"/>
                  <SP HEIGHT="48" WIDTH="14" VPOS="472" HPOS="903"/>
                  <String HEIGHT="48"
                          WIDTH="144"
                          VPOS="472"
                          HPOS="860"
                          CONTENT="crebro"/>
                  <SP HEIGHT="48" WIDTH="14" VPOS="472" HPOS="1004"/>
                  <String HEIGHT="48"
                          WIDTH="130"
                          VPOS="472"
                          HPOS="960"
                          CONTENT="super"/>
                  <SP HEIGHT="48" WIDTH="14" VPOS="472" HPOS="1090"/>
                  <String HEIGHT="48"
                          WIDTH="101"
                          VPOS="472"
                          HPOS="1047"
                          CONTENT="hoc"/>
                  <SP HEIGHT="48" WIDTH="14" VPOS="472" HPOS="1148"/>
                  <String HEIGHT="48"
                          WIDTH="144"
                          VPOS="472"
                          HPOS="1090"
                          CONTENT="loquutus"/>
               </TextLine>
               <TextLine ID="r1l11"
                         BASELINE="569"
                         HEIGHT="57"
                         WIDTH="753"
                         VPOS="512"
                         HPOS="479">
                  <String HEIGHT="57"
                          WIDTH="114"
                          VPOS="512"
                          HPOS="465"
                          CONTENT="sum:"/>
                  <SP HEIGHT="57" WIDTH="14" VPOS="512" HPOS="578"/>
                  <String HEIGHT="57"
                          WIDTH="170"
                          VPOS="512"
                          HPOS="536"
                          CONTENT="relinquo"/>
                  <SP HEIGHT="57" WIDTH="14" VPOS="512" HPOS="706"/>
                  <String HEIGHT="57"
                          WIDTH="199"
                          VPOS="512"
                          HPOS="664"
                          CONTENT="argumentum"/>
                  <SP HEIGHT="57" WIDTH="14" VPOS="512" HPOS="863"/>
                  <String HEIGHT="57"
                          WIDTH="156"
                          VPOS="512"
                          HPOS="820"
                          CONTENT="tanquam"/>
                  <SP HEIGHT="57" WIDTH="14" VPOS="512" HPOS="976"/>
                  <String HEIGHT="57"
                          WIDTH="170"
                          VPOS="512"
                          HPOS="934"
                          CONTENT="inutile."/>
                  <SP HEIGHT="57" WIDTH="14" VPOS="512" HPOS="1104"/>
                  <String HEIGHT="57" WIDTH="71" VPOS="512" HPOS="1062" CONTENT="&amp;"/>
                  <SP HEIGHT="57" WIDTH="14" VPOS="512" HPOS="1133"/>
                  <String HEIGHT="57"
                          WIDTH="114"
                          VPOS="512"
                          HPOS="1090"
                          CONTENT="dico"/>
                  <SP HEIGHT="57" WIDTH="14" VPOS="512" HPOS="1204"/>
                  <String HEIGHT="57"
                          WIDTH="85"
                          VPOS="512"
                          HPOS="1147"
                          CONTENT="quod"/>
               </TextLine>
               <TextLine ID="r1l13"
                         BASELINE="607"
                         HEIGHT="52"
                         WIDTH="760"
                         VPOS="555"
                         HPOS="478">
                  <String HEIGHT="52"
                          WIDTH="117"
                          VPOS="555"
                          HPOS="463"
                          CONTENT="illi"/>
                  <SP HEIGHT="52" WIDTH="15" VPOS="555" HPOS="580"/>
                  <String HEIGHT="52"
                          WIDTH="146"
                          VPOS="555"
                          HPOS="536"
                          CONTENT="periti"/>
                  <SP HEIGHT="52" WIDTH="15" VPOS="555" HPOS="683"/>
                  <String HEIGHT="52"
                          WIDTH="117"
                          VPOS="555"
                          HPOS="639"
                          CONTENT="viri"/>
                  <SP HEIGHT="52" WIDTH="15" VPOS="555" HPOS="756"/>
                  <String HEIGHT="52" WIDTH="102" VPOS="555" HPOS="712" CONTENT="qui"/>
                  <SP HEIGHT="52" WIDTH="15" VPOS="555" HPOS="814"/>
                  <String HEIGHT="52"
                          WIDTH="132"
                          VPOS="555"
                          HPOS="770"
                          CONTENT="leges"/>
                  <SP HEIGHT="52" WIDTH="15" VPOS="555" HPOS="902"/>
                  <String HEIGHT="52"
                          WIDTH="190"
                          VPOS="555"
                          HPOS="858"
                          CONTENT="Caesareas"/>
                  <SP HEIGHT="52" WIDTH="15" VPOS="555" HPOS="1048"/>
                  <String HEIGHT="52"
                          WIDTH="234"
                          VPOS="555"
                          HPOS="1004"
                          CONTENT="componebant,"/>
                  <SP HEIGHT="52" WIDTH="15" VPOS="555" HPOS="1238"/>
                  <String HEIGHT="52" WIDTH="58" VPOS="555" HPOS="1180" CONTENT="no"/>
               </TextLine>
               <TextLine ID="r1l15"
                         BASELINE="654"
                         HEIGHT="49"
                         WIDTH="766"
                         VPOS="605"
                         HPOS="478">
                  <String HEIGHT="49"
                          WIDTH="195"
                          VPOS="605"
                          HPOS="464"
                          CONTENT="tenebantur"/>
                  <SP HEIGHT="49" WIDTH="14" VPOS="605" HPOS="659"/>
                  <String HEIGHT="49"
                          WIDTH="125"
                          VPOS="605"
                          HPOS="617"
                          CONTENT="scire"/>
                  <SP HEIGHT="49" WIDTH="14" VPOS="605" HPOS="743"/>
                  <String HEIGHT="49"
                          WIDTH="181"
                          VPOS="605"
                          HPOS="701"
                          CONTENT="explicite"/>
                  <SP HEIGHT="49" WIDTH="14" VPOS="605" HPOS="882"/>
                  <String HEIGHT="49"
                          WIDTH="125"
                          VPOS="605"
                          HPOS="840"
                          CONTENT="illam"/>
                  <SP HEIGHT="49" WIDTH="14" VPOS="605" HPOS="965"/>
                  <String HEIGHT="49" WIDTH="97" VPOS="605" HPOS="924" CONTENT="dei"/>
                  <SP HEIGHT="49" WIDTH="14" VPOS="605" HPOS="1021"/>
                  <String HEIGHT="49"
                          WIDTH="125"
                          VPOS="605"
                          HPOS="979"
                          CONTENT="legem"/>
                  <SP HEIGHT="49" WIDTH="14" VPOS="605" HPOS="1105"/>
                  <String HEIGHT="49"
                          WIDTH="125"
                          VPOS="605"
                          HPOS="1063"
                          CONTENT="Lucae"/>
                  <SP HEIGHT="49" WIDTH="14" VPOS="605" HPOS="1188"/>
                  <String HEIGHT="49"
                          WIDTH="111"
                          VPOS="605"
                          HPOS="1133"
                          CONTENT="sexto."/>
               </TextLine>
               <TextLine ID="r1l17"
                         BASELINE="700"
                         HEIGHT="54"
                         WIDTH="756"
                         VPOS="646"
                         HPOS="475">
                  <String HEIGHT="54"
                          WIDTH="143"
                          VPOS="646"
                          HPOS="461"
                          CONTENT="saltem"/>
                  <SP HEIGHT="54" WIDTH="14" VPOS="646" HPOS="603"/>
                  <String HEIGHT="54" WIDTH="86" VPOS="646" HPOS="561" CONTENT="in"/>
                  <SP HEIGHT="54" WIDTH="14" VPOS="646" HPOS="646"/>
                  <String HEIGHT="54"
                          WIDTH="128"
                          VPOS="646"
                          HPOS="603"
                          CONTENT="sensu"/>
                  <SP HEIGHT="54" WIDTH="14" VPOS="646" HPOS="732"/>
                  <String HEIGHT="54" WIDTH="86" VPOS="646" HPOS="689" CONTENT="in"/>
                  <SP HEIGHT="54" WIDTH="14" VPOS="646" HPOS="775"/>
                  <String HEIGHT="54" WIDTH="100" VPOS="646" HPOS="732" CONTENT="quo"/>
                  <SP HEIGHT="54" WIDTH="14" VPOS="646" HPOS="832"/>
                  <String HEIGHT="54"
                          WIDTH="114"
                          VPOS="646"
                          HPOS="789"
                          CONTENT="ipsa"/>
                  <SP HEIGHT="54" WIDTH="14" VPOS="646" HPOS="903"/>
                  <String HEIGHT="54" WIDTH="100" VPOS="646" HPOS="860" CONTENT="est"/>
                  <SP HEIGHT="54" WIDTH="14" VPOS="646" HPOS="960"/>
                  <String HEIGHT="54"
                          WIDTH="242"
                          VPOS="646"
                          HPOS="917"
                          CONTENT="intelligenda,"/>
                  <SP HEIGHT="54" WIDTH="14" VPOS="646" HPOS="1160"/>
                  <String HEIGHT="54"
                          WIDTH="100"
                          VPOS="646"
                          HPOS="1117"
                          CONTENT="nec"/>
                  <SP HEIGHT="54" WIDTH="14" VPOS="646" HPOS="1217"/>
                  <String HEIGHT="54" WIDTH="71" VPOS="646" HPOS="1160" CONTENT="est"/>
               </TextLine>
               <TextLine ID="r1l19"
                         BASELINE="744"
                         HEIGHT="57"
                         WIDTH="748"
                         VPOS="687"
                         HPOS="484">
                  <String HEIGHT="57"
                          WIDTH="194"
                          VPOS="687"
                          HPOS="470"
                          CONTENT="verosimile"/>
                  <SP HEIGHT="57" WIDTH="14" VPOS="687" HPOS="664"/>
                  <String HEIGHT="57" WIDTH="83" VPOS="687" HPOS="623" CONTENT="si"/>
                  <SP HEIGHT="57" WIDTH="14" VPOS="687" HPOS="706"/>
                  <String HEIGHT="57"
                          WIDTH="152"
                          VPOS="687"
                          HPOS="664"
                          CONTENT="fuisset"/>
                  <SP HEIGHT="57" WIDTH="14" VPOS="687" HPOS="816"/>
                  <String HEIGHT="57" WIDTH="97" VPOS="687" HPOS="775" CONTENT="eis"/>
                  <SP HEIGHT="57" WIDTH="14" VPOS="687" HPOS="872"/>
                  <String HEIGHT="57"
                          WIDTH="152"
                          VPOS="687"
                          HPOS="830"
                          CONTENT="ostensa"/>
                  <SP HEIGHT="57" WIDTH="14" VPOS="687" HPOS="983"/>
                  <String HEIGHT="57"
                          WIDTH="111"
                          VPOS="687"
                          HPOS="941"
                          CONTENT="quod"/>
                  <SP HEIGHT="57" WIDTH="14" VPOS="687" HPOS="1052"/>
                  <String HEIGHT="57"
                          WIDTH="111"
                          VPOS="687"
                          HPOS="1010"
                          CONTENT="suis"/>
                  <SP HEIGHT="57" WIDTH="14" VPOS="687" HPOS="1121"/>
                  <String HEIGHT="57"
                          WIDTH="152"
                          VPOS="687"
                          HPOS="1080"
                          CONTENT="legibus"/>
                  <SP HEIGHT="57" WIDTH="14" VPOS="687" HPOS="1232"/>
                  <String HEIGHT="57" WIDTH="55" VPOS="687" HPOS="1177" CONTENT="ad"/>
               </TextLine>
               <TextLine ID="r1l21"
                         BASELINE="785"
                         HEIGHT="52"
                         WIDTH="761"
                         VPOS="733"
                         HPOS="477">
                  <String HEIGHT="52"
                          WIDTH="184"
                          VPOS="733"
                          HPOS="465"
                          CONTENT="haesissent:"/>
                  <SP HEIGHT="52" WIDTH="12" VPOS="733" HPOS="649"/>
                  <String HEIGHT="52" WIDTH="86" VPOS="733" HPOS="612" CONTENT="aut"/>
                  <SP HEIGHT="52" WIDTH="12" VPOS="733" HPOS="698"/>
                  <String HEIGHT="52"
                          WIDTH="123"
                          VPOS="733"
                          HPOS="661"
                          CONTENT="saltem"/>
                  <SP HEIGHT="52" WIDTH="12" VPOS="733" HPOS="784"/>
                  <String HEIGHT="52" WIDTH="86" VPOS="733" HPOS="747" CONTENT="eas"/>
                  <SP HEIGHT="52" WIDTH="12" VPOS="733" HPOS="833"/>
                  <String HEIGHT="52"
                          WIDTH="135"
                          VPOS="733"
                          HPOS="796"
                          CONTENT="ratione"/>
                  <SP HEIGHT="52" WIDTH="12" VPOS="733" HPOS="931"/>
                  <String HEIGHT="52"
                          WIDTH="160"
                          VPOS="733"
                          HPOS="894"
                          CONTENT="interesse"/>
                  <SP HEIGHT="52" WIDTH="12" VPOS="733" HPOS="1054"/>
                  <String HEIGHT="52" WIDTH="86" VPOS="733" HPOS="1017" CONTENT="vel"/>
                  <SP HEIGHT="52" WIDTH="12" VPOS="733" HPOS="1103"/>
                  <String HEIGHT="52"
                          WIDTH="135"
                          VPOS="733"
                          HPOS="1066"
                          CONTENT="aliter,"/>
                  <SP HEIGHT="52" WIDTH="12" VPOS="733" HPOS="1201"/>
                  <String HEIGHT="52"
                          WIDTH="86"
                          VPOS="733"
                          HPOS="1152"
                          CONTENT="sicut"/>
               </TextLine>
               <TextLine ID="r1l23"
                         BASELINE="825"
                         HEIGHT="50"
                         WIDTH="755"
                         VPOS="775"
                         HPOS="474">
                  <String HEIGHT="50"
                          WIDTH="118"
                          VPOS="775"
                          HPOS="459"
                          CONTENT="nos,"/>
                  <SP HEIGHT="50" WIDTH="15" VPOS="775" HPOS="578"/>
                  <String HEIGHT="50"
                          WIDTH="252"
                          VPOS="775"
                          HPOS="533"
                          CONTENT="exposuissent."/>
                  <SP HEIGHT="50" WIDTH="15" VPOS="775" HPOS="785"/>
                  <String HEIGHT="50" WIDTH="104" VPOS="775" HPOS="740" CONTENT="Quo"/>
                  <SP HEIGHT="50" WIDTH="15" VPOS="775" HPOS="844"/>
                  <String HEIGHT="50" WIDTH="104" VPOS="775" HPOS="800" CONTENT="fit"/>
                  <SP HEIGHT="50" WIDTH="15" VPOS="775" HPOS="903"/>
                  <String HEIGHT="50" WIDTH="89" VPOS="775" HPOS="859" CONTENT="vt"/>
                  <SP HEIGHT="50" WIDTH="15" VPOS="775" HPOS="948"/>
                  <String HEIGHT="50"
                          WIDTH="133"
                          VPOS="775"
                          HPOS="903"
                          CONTENT="licet"/>
                  <SP HEIGHT="50" WIDTH="15" VPOS="775" HPOS="1037"/>
                  <String HEIGHT="50"
                          WIDTH="192"
                          VPOS="775"
                          HPOS="992"
                          CONTENT="tenuerint"/>
                  <SP HEIGHT="50" WIDTH="15" VPOS="775" HPOS="1185"/>
                  <String HEIGHT="50"
                          WIDTH="104"
                          VPOS="775"
                          HPOS="1125"
                          CONTENT="haeri"/>
               </TextLine>
               <TextLine ID="r1l25"
                         BASELINE="871"
                         HEIGHT="50"
                         WIDTH="780"
                         VPOS="821"
                         HPOS="466">
                  <String HEIGHT="50"
                          WIDTH="111"
                          VPOS="821"
                          HPOS="452"
                          CONTENT="sim:"/>
                  <SP HEIGHT="50" WIDTH="14" VPOS="821" HPOS="564"/>
                  <String HEIGHT="50"
                          WIDTH="111"
                          VPOS="821"
                          HPOS="522"
                          CONTENT="quia"/>
                  <SP HEIGHT="50" WIDTH="14" VPOS="821" HPOS="633"/>
                  <String HEIGHT="50" WIDTH="98" VPOS="821" HPOS="591" CONTENT="non"/>
                  <SP HEIGHT="50" WIDTH="14" VPOS="821" HPOS="689"/>
                  <String HEIGHT="50"
                          WIDTH="181"
                          VPOS="821"
                          HPOS="647"
                          CONTENT="tenuerunt"/>
                  <SP HEIGHT="50" WIDTH="14" VPOS="821" HPOS="828"/>
                  <String HEIGHT="50" WIDTH="98" VPOS="821" HPOS="786" CONTENT="cum"/>
                  <SP HEIGHT="50" WIDTH="14" VPOS="821" HPOS="884"/>
                  <String HEIGHT="50"
                          WIDTH="209"
                          VPOS="821"
                          HPOS="842"
                          CONTENT="pertinacia,"/>
                  <SP HEIGHT="50" WIDTH="14" VPOS="821" HPOS="1051"/>
                  <String HEIGHT="50" WIDTH="98" VPOS="821" HPOS="1009" CONTENT="non"/>
                  <SP HEIGHT="50" WIDTH="14" VPOS="821" HPOS="1107"/>
                  <String HEIGHT="50"
                          WIDTH="111"
                          VPOS="821"
                          HPOS="1065"
                          CONTENT="sint"/>
                  <SP HEIGHT="50" WIDTH="14" VPOS="821" HPOS="1176"/>
                  <String HEIGHT="50"
                          WIDTH="125"
                          VPOS="821"
                          HPOS="1121"
                          CONTENT="haereti"/>
               </TextLine>
               <TextLine ID="r1l27"
                         BASELINE="918"
                         HEIGHT="47"
                         WIDTH="679"
                         VPOS="871"
                         HPOS="481">
                  <String HEIGHT="47" WIDTH="97" VPOS="871" HPOS="467" CONTENT="ci,"/>
                  <SP HEIGHT="47" WIDTH="14" VPOS="871" HPOS="564"/>
                  <String HEIGHT="47" WIDTH="97" VPOS="871" HPOS="523" CONTENT="nec"/>
                  <SP HEIGHT="47" WIDTH="14" VPOS="871" HPOS="620"/>
                  <String HEIGHT="47"
                          WIDTH="111"
                          VPOS="871"
                          HPOS="578"
                          CONTENT="quod"/>
                  <SP HEIGHT="47" WIDTH="14" VPOS="871" HPOS="689"/>
                  <String HEIGHT="47"
                          WIDTH="152"
                          VPOS="871"
                          HPOS="647"
                          CONTENT="amplius"/>
                  <SP HEIGHT="47" WIDTH="14" VPOS="871" HPOS="800"/>
                  <String HEIGHT="47"
                          WIDTH="111"
                          VPOS="871"
                          HPOS="758"
                          CONTENT="est,"/>
                  <SP HEIGHT="47" WIDTH="14" VPOS="871" HPOS="869"/>
                  <String HEIGHT="47"
                          WIDTH="152"
                          VPOS="871"
                          HPOS="827"
                          CONTENT="constat"/>
                  <SP HEIGHT="47" WIDTH="14" VPOS="871" HPOS="980"/>
                  <String HEIGHT="47"
                          WIDTH="111"
                          VPOS="871"
                          HPOS="938"
                          CONTENT="quod"/>
                  <SP HEIGHT="47" WIDTH="14" VPOS="871" HPOS="1049"/>
                  <String HEIGHT="47"
                          WIDTH="166"
                          VPOS="871"
                          HPOS="994"
                          CONTENT="peccarunt."/>
               </TextLine>
               <TextLine ID="r1l31"
                         BASELINE="1007"
                         HEIGHT="84"
                         WIDTH="756"
                         VPOS="923"
                         HPOS="488">
                  <String HEIGHT="84" WIDTH="99" VPOS="923" HPOS="468" CONTENT="â‹"/>
                  <SP HEIGHT="84" WIDTH="20" VPOS="923" HPOS="568"/>
                  <String HEIGHT="84" WIDTH="119" VPOS="923" HPOS="508" CONTENT="Ex"/>
                  <SP HEIGHT="84" WIDTH="20" VPOS="923" HPOS="627"/>
                  <String HEIGHT="84" WIDTH="139" VPOS="923" HPOS="568" CONTENT="his"/>
                  <SP HEIGHT="84" WIDTH="20" VPOS="923" HPOS="707"/>
                  <String HEIGHT="84"
                          WIDTH="179"
                          VPOS="923"
                          HPOS="647"
                          CONTENT="patet"/>
                  <SP HEIGHT="84" WIDTH="20" VPOS="923" HPOS="826"/>
                  <String HEIGHT="84"
                          WIDTH="159"
                          VPOS="923"
                          HPOS="767"
                          CONTENT="quid"/>
                  <SP HEIGHT="84" WIDTH="20" VPOS="923" HPOS="926"/>
                  <String HEIGHT="84" WIDTH="139" VPOS="923" HPOS="866" CONTENT="sit"/>
                  <SP HEIGHT="84" WIDTH="20" VPOS="923" HPOS="1005"/>
                  <String HEIGHT="84"
                          WIDTH="199"
                          VPOS="923"
                          HPOS="946"
                          CONTENT="vsura:"/>
                  <SP HEIGHT="84" WIDTH="20" VPOS="923" HPOS="1145"/>
                  <String HEIGHT="84"
                          WIDTH="159"
                          VPOS="923"
                          HPOS="1085"
                          CONTENT="quia"/>
                  <SP HEIGHT="84" WIDTH="20" VPOS="923" HPOS="1244"/>
                  <String HEIGHT="84" WIDTH="80" VPOS="923" HPOS="1164" CONTENT="vo"/>
               </TextLine>
               <TextLine ID="r1l34"
                         BASELINE="1057"
                         HEIGHT="55"
                         WIDTH="760"
                         VPOS="1002"
                         HPOS="480">
                  <String HEIGHT="55"
                          WIDTH="134"
                          VPOS="1002"
                          HPOS="465"
                          CONTENT="litio"/>
                  <SP HEIGHT="55" WIDTH="15" VPOS="1002" HPOS="599"/>
                  <String HEIGHT="55"
                          WIDTH="179"
                          VPOS="1002"
                          HPOS="555"
                          CONTENT="capiendi"/>
                  <SP HEIGHT="55" WIDTH="15" VPOS="1002" HPOS="733"/>
                  <String HEIGHT="55"
                          WIDTH="209"
                          VPOS="1002"
                          HPOS="689"
                          CONTENT="temporalis"/>
                  <SP HEIGHT="55" WIDTH="15" VPOS="1002" HPOS="897"/>
                  <String HEIGHT="55"
                          WIDTH="134"
                          VPOS="1002"
                          HPOS="853"
                          CONTENT="lucri"/>
                  <SP HEIGHT="55" WIDTH="15" VPOS="1002" HPOS="987"/>
                  <String HEIGHT="55"
                          WIDTH="253"
                          VPOS="1002"
                          HPOS="942"
                          CONTENT="principaliter"/>
                  <SP HEIGHT="55" WIDTH="15" VPOS="1002" HPOS="1195"/>
                  <String HEIGHT="55" WIDTH="89" VPOS="1002" HPOS="1151" CONTENT="vi"/>
                  <SP HEIGHT="55" WIDTH="15" VPOS="1002" HPOS="1240"/>
                  <String HEIGHT="55" WIDTH="60" VPOS="1002" HPOS="1180" CONTENT="mu"/>
               </TextLine>
               <TextLine ID="r1l36"
                         BASELINE="1091"
                         HEIGHT="42"
                         WIDTH="779"
                         VPOS="1049"
                         HPOS="468">
                  <String HEIGHT="42"
                          WIDTH="111"
                          VPOS="1049"
                          HPOS="454"
                          CONTENT="tui."/>
                  <SP HEIGHT="42" WIDTH="14" VPOS="1049" HPOS="565"/>
                  <String HEIGHT="42"
                          WIDTH="111"
                          VPOS="1049"
                          HPOS="524"
                          CONTENT="Ille"/>
                  <SP HEIGHT="42" WIDTH="14" VPOS="1049" HPOS="635"/>
                  <String HEIGHT="42"
                          WIDTH="125"
                          VPOS="1049"
                          HPOS="593"
                          CONTENT="autem"/>
                  <SP HEIGHT="42" WIDTH="14" VPOS="1049" HPOS="718"/>
                  <String HEIGHT="42"
                          WIDTH="125"
                          VPOS="1049"
                          HPOS="677"
                          CONTENT="capit"/>
                  <SP HEIGHT="42" WIDTH="14" VPOS="1049" HPOS="802"/>
                  <String HEIGHT="42" WIDTH="83" VPOS="1049" HPOS="760" CONTENT="vi"/>
                  <SP HEIGHT="42" WIDTH="14" VPOS="1049" HPOS="844"/>
                  <String HEIGHT="42"
                          WIDTH="125"
                          VPOS="1049"
                          HPOS="802"
                          CONTENT="mutui"/>
                  <SP HEIGHT="42" WIDTH="14" VPOS="1049" HPOS="927"/>
                  <String HEIGHT="42" WIDTH="97" VPOS="1049" HPOS="885" CONTENT="qui"/>
                  <SP HEIGHT="42" WIDTH="14" VPOS="1049" HPOS="983"/>
                  <String HEIGHT="42"
                          WIDTH="125"
                          VPOS="1049"
                          HPOS="941"
                          CONTENT="nullo"/>
                  <SP HEIGHT="42" WIDTH="14" VPOS="1049" HPOS="1066"/>
                  <String HEIGHT="42"
                          WIDTH="111"
                          VPOS="1049"
                          HPOS="1024"
                          CONTENT="alio"/>
                  <SP HEIGHT="42" WIDTH="14" VPOS="1049" HPOS="1136"/>
                  <String HEIGHT="42"
                          WIDTH="125"
                          VPOS="1049"
                          HPOS="1094"
                          CONTENT="iusto"/>
                  <SP HEIGHT="42" WIDTH="14" VPOS="1049" HPOS="1219"/>
                  <String HEIGHT="42"
                          WIDTH="83"
                          VPOS="1049"
                          HPOS="1164"
                          CONTENT="titu"/>
               </TextLine>
               <TextLine ID="r1l38"
                         BASELINE="1136"
                         HEIGHT="51"
                         WIDTH="778"
                         VPOS="1085"
                         HPOS="469">
                  <String HEIGHT="51" WIDTH="78" VPOS="1085" HPOS="456" CONTENT="lo"/>
                  <SP HEIGHT="51" WIDTH="13" VPOS="1085" HPOS="534"/>
                  <String HEIGHT="51"
                          WIDTH="117"
                          VPOS="1085"
                          HPOS="495"
                          CONTENT="capit"/>
                  <SP HEIGHT="51" WIDTH="13" VPOS="1085" HPOS="612"/>
                  <String HEIGHT="51"
                          WIDTH="143"
                          VPOS="1085"
                          HPOS="573"
                          CONTENT="lucrum:"/>
                  <SP HEIGHT="51" WIDTH="13" VPOS="1085" HPOS="715"/>
                  <String HEIGHT="51" WIDTH="91" VPOS="1085" HPOS="676" CONTENT="cum"/>
                  <SP HEIGHT="51" WIDTH="13" VPOS="1085" HPOS="767"/>
                  <String HEIGHT="51" WIDTH="91" VPOS="1085" HPOS="728" CONTENT="sit"/>
                  <SP HEIGHT="51" WIDTH="13" VPOS="1085" HPOS="819"/>
                  <String HEIGHT="51"
                          WIDTH="130"
                          VPOS="1085"
                          HPOS="780"
                          CONTENT="ditior"/>
                  <SP HEIGHT="51" WIDTH="13" VPOS="1085" HPOS="910"/>
                  <String HEIGHT="51" WIDTH="78" VPOS="1085" HPOS="871" CONTENT="in"/>
                  <SP HEIGHT="51" WIDTH="13" VPOS="1085" HPOS="949"/>
                  <String HEIGHT="51"
                          WIDTH="104"
                          VPOS="1085"
                          HPOS="910"
                          CONTENT="fine"/>
                  <SP HEIGHT="51" WIDTH="13" VPOS="1085" HPOS="1014"/>
                  <String HEIGHT="51"
                          WIDTH="104"
                          VPOS="1085"
                          HPOS="975"
                          CONTENT="quam"/>
                  <SP HEIGHT="51" WIDTH="13" VPOS="1085" HPOS="1078"/>
                  <String HEIGHT="51"
                          WIDTH="104"
                          VPOS="1085"
                          HPOS="1040"
                          CONTENT="erat"/>
                  <SP HEIGHT="51" WIDTH="13" VPOS="1085" HPOS="1143"/>
                  <String HEIGHT="51" WIDTH="78" VPOS="1085" HPOS="1104" CONTENT="in"/>
                  <SP HEIGHT="51" WIDTH="13" VPOS="1085" HPOS="1182"/>
                  <String HEIGHT="51"
                          WIDTH="117"
                          VPOS="1085"
                          HPOS="1130"
                          CONTENT="princi"
                          SUBS_TYPE="HypPart1"
                          SUBS_CONTENT="principio,"/>
                  <HYP CONTENT="-"/>
               </TextLine>
               <TextLine ID="r1l40"
                         BASELINE="1189"
                         HEIGHT="59"
                         WIDTH="772"
                         VPOS="1130"
                         HPOS="480">
                  <String HEIGHT="59"
                          WIDTH="105"
                          VPOS="1130"
                          HPOS="467"
                          CONTENT="pio,"
                          SUBS_TYPE="HypPart2"
                          SUBS_CONTENT="principio,"/>
                  <SP HEIGHT="59" WIDTH="13" VPOS="1130" HPOS="572"/>
                  <String HEIGHT="59"
                          WIDTH="131"
                          VPOS="1130"
                          HPOS="532"
                          CONTENT="saltem"/>
                  <SP HEIGHT="59" WIDTH="13" VPOS="1130" HPOS="663"/>
                  <String HEIGHT="59"
                          WIDTH="144"
                          VPOS="1130"
                          HPOS="624"
                          CONTENT="ratione"/>
                  <SP HEIGHT="59" WIDTH="13" VPOS="1130" HPOS="768"/>
                  <String HEIGHT="59"
                          WIDTH="131"
                          VPOS="1130"
                          HPOS="729"
                          CONTENT="istius"/>
                  <SP HEIGHT="59" WIDTH="13" VPOS="1130" HPOS="859"/>
                  <String HEIGHT="59"
                          WIDTH="196"
                          VPOS="1130"
                          HPOS="820"
                          CONTENT="contractus."/>
                  <SP HEIGHT="59" WIDTH="13" VPOS="1130" HPOS="1016"/>
                  <String HEIGHT="59" WIDTH="92" VPOS="1130" HPOS="977" CONTENT="hoc"/>
                  <SP HEIGHT="59" WIDTH="13" VPOS="1130" HPOS="1069"/>
                  <String HEIGHT="59"
                          WIDTH="157"
                          VPOS="1130"
                          HPOS="1030"
                          CONTENT="dixerim:"/>
                  <SP HEIGHT="59" WIDTH="13" VPOS="1130" HPOS="1187"/>
                  <String HEIGHT="59"
                          WIDTH="105"
                          VPOS="1130"
                          HPOS="1147"
                          CONTENT="quia"/>
                  <SP HEIGHT="59" WIDTH="13" VPOS="1130" HPOS="1252"/>
                  <String HEIGHT="59" WIDTH="52" VPOS="1130" HPOS="1200" CONTENT="si"/>
               </TextLine>
               <TextLine ID="r1l42"
                         BASELINE="1235"
                         HEIGHT="58"
                         WIDTH="764"
                         VPOS="1177"
                         HPOS="474">
                  <String HEIGHT="58"
                          WIDTH="127"
                          VPOS="1177"
                          HPOS="460"
                          CONTENT="nauis"/>
                  <SP HEIGHT="58" WIDTH="14" VPOS="1177" HPOS="587"/>
                  <String HEIGHT="58"
                          WIDTH="113"
                          VPOS="1177"
                          HPOS="545"
                          CONTENT="eius"/>
                  <SP HEIGHT="58" WIDTH="14" VPOS="1177" HPOS="658"/>
                  <String HEIGHT="58"
                          WIDTH="156"
                          VPOS="1177"
                          HPOS="615"
                          CONTENT="interea"/>
                  <SP HEIGHT="58" WIDTH="14" VPOS="1177" HPOS="771"/>
                  <String HEIGHT="58"
                          WIDTH="226"
                          VPOS="1177"
                          HPOS="729"
                          CONTENT="submergatur:"/>
                  <SP HEIGHT="58" WIDTH="14" VPOS="1177" HPOS="955"/>
                  <String HEIGHT="58" WIDTH="99" VPOS="1177" HPOS="913" CONTENT="vel"/>
                  <SP HEIGHT="58" WIDTH="14" VPOS="1177" HPOS="1012"/>
                  <String HEIGHT="58"
                          WIDTH="156"
                          VPOS="1177"
                          HPOS="969"
                          CONTENT="aliunde"/>
                  <SP HEIGHT="58" WIDTH="14" VPOS="1177" HPOS="1125"/>
                  <String HEIGHT="58"
                          WIDTH="156"
                          VPOS="1177"
                          HPOS="1082"
                          CONTENT="perdat:"/>
                  <SP HEIGHT="58" WIDTH="14" VPOS="1177" HPOS="1238"/>
                  <String HEIGHT="58" WIDTH="57" VPOS="1177" HPOS="1181" CONTENT="ni"/>
               </TextLine>
               <TextLine ID="r1l44"
                         BASELINE="1267"
                         HEIGHT="43"
                         WIDTH="752"
                         VPOS="1224"
                         HPOS="479">
                  <String HEIGHT="43" WIDTH="96" VPOS="1224" HPOS="465" CONTENT="hil"/>
                  <SP HEIGHT="43" WIDTH="14" VPOS="1224" HPOS="561"/>
                  <String HEIGHT="43" WIDTH="82" VPOS="1224" HPOS="520" CONTENT="ad"/>
                  <SP HEIGHT="43" WIDTH="14" VPOS="1224" HPOS="602"/>
                  <String HEIGHT="43" WIDTH="82" VPOS="1224" HPOS="561" CONTENT="a."/>
                  <SP HEIGHT="43" WIDTH="14" VPOS="1224" HPOS="643"/>
                  <String HEIGHT="43" WIDTH="96" VPOS="1224" HPOS="602" CONTENT="sed"/>
                  <SP HEIGHT="43" WIDTH="14" VPOS="1224" HPOS="698"/>
                  <String HEIGHT="43" WIDTH="82" VPOS="1224" HPOS="657" CONTENT="si"/>
                  <SP HEIGHT="43" WIDTH="14" VPOS="1224" HPOS="739"/>
                  <String HEIGHT="43"
                          WIDTH="164"
                          VPOS="1224"
                          HPOS="698"
                          CONTENT="habeatur"/>
                  <SP HEIGHT="43" WIDTH="14" VPOS="1224" HPOS="862"/>
                  <String HEIGHT="43"
                          WIDTH="150"
                          VPOS="1224"
                          HPOS="821"
                          CONTENT="aliquis"/>
                  <SP HEIGHT="43" WIDTH="14" VPOS="1224" HPOS="971"/>
                  <String HEIGHT="43"
                          WIDTH="150"
                          VPOS="1224"
                          HPOS="930"
                          CONTENT="titulus"/>
                  <SP HEIGHT="43" WIDTH="14" VPOS="1224" HPOS="1081"/>
                  <String HEIGHT="43"
                          WIDTH="123"
                          VPOS="1224"
                          HPOS="1040"
                          CONTENT="alius"/>
                  <SP HEIGHT="43" WIDTH="14" VPOS="1224" HPOS="1163"/>
                  <String HEIGHT="43" WIDTH="68" VPOS="1224" HPOS="1122" CONTENT="a"/>
                  <SP HEIGHT="43" WIDTH="14" VPOS="1224" HPOS="1190"/>
                  <String HEIGHT="43"
                          WIDTH="96"
                          VPOS="1224"
                          HPOS="1135"
                          CONTENT="mutuc"/>
               </TextLine>
               <TextLine ID="r1l46"
                         BASELINE="1323"
                         HEIGHT="57"
                         WIDTH="759"
                         VPOS="1266"
                         HPOS="479">
                  <String HEIGHT="57"
                          WIDTH="114"
                          VPOS="1266"
                          HPOS="466"
                          CONTENT="quare"/>
                  <SP HEIGHT="57" WIDTH="13" VPOS="1266" HPOS="580"/>
                  <String HEIGHT="57"
                          WIDTH="127"
                          VPOS="1266"
                          HPOS="542"
                          CONTENT="habeat"/>
                  <SP HEIGHT="57" WIDTH="13" VPOS="1266" HPOS="669"/>
                  <String HEIGHT="57"
                          WIDTH="127"
                          VPOS="1266"
                          HPOS="631"
                          CONTENT="lucrum"/>
                  <SP HEIGHT="57" WIDTH="13" VPOS="1266" HPOS="757"/>
                  <String HEIGHT="57" WIDTH="89" VPOS="1266" HPOS="719" CONTENT="vel"/>
                  <SP HEIGHT="57" WIDTH="13" VPOS="1266" HPOS="808"/>
                  <String HEIGHT="57" WIDTH="89" VPOS="1266" HPOS="770" CONTENT="sit"/>
                  <SP HEIGHT="57" WIDTH="13" VPOS="1266" HPOS="859"/>
                  <String HEIGHT="57"
                          WIDTH="127"
                          VPOS="1266"
                          HPOS="821"
                          CONTENT="ditior"/>
                  <SP HEIGHT="57" WIDTH="13" VPOS="1266" HPOS="947"/>
                  <String HEIGHT="57" WIDTH="76" VPOS="1266" HPOS="909" CONTENT="in"/>
                  <SP HEIGHT="57" WIDTH="13" VPOS="1266" HPOS="985"/>
                  <String HEIGHT="57"
                          WIDTH="101"
                          VPOS="1266"
                          HPOS="947"
                          CONTENT="fine"/>
                  <SP HEIGHT="57" WIDTH="13" VPOS="1266" HPOS="1048"/>
                  <String HEIGHT="57"
                          WIDTH="101"
                          VPOS="1266"
                          HPOS="1010"
                          CONTENT="quam"/>
                  <SP HEIGHT="57" WIDTH="13" VPOS="1266" HPOS="1112"/>
                  <String HEIGHT="57"
                          WIDTH="89"
                          VPOS="1266"
                          HPOS="1074"
                          CONTENT="est"/>
                  <SP HEIGHT="57" WIDTH="13" VPOS="1266" HPOS="1162"/>
                  <String HEIGHT="57" WIDTH="76" VPOS="1266" HPOS="1124" CONTENT="in"/>
                  <SP HEIGHT="57" WIDTH="13" VPOS="1266" HPOS="1200"/>
                  <String HEIGHT="57"
                          WIDTH="89"
                          VPOS="1266"
                          HPOS="1149"
                          CONTENT="prim"
                          SUBS_TYPE="HypPart1"
                          SUBS_CONTENT="primcipio:"/>
                  <HYP CONTENT="-"/>
               </TextLine>
               <TextLine ID="r1l48"
                         BASELINE="1363"
                         HEIGHT="51"
                         WIDTH="761"
                         VPOS="1312"
                         HPOS="480">
                  <String HEIGHT="51"
                          WIDTH="149"
                          VPOS="1312"
                          HPOS="465"
                          CONTENT="cipio:"
                          SUBS_TYPE="HypPart2"
                          SUBS_CONTENT="primcipio:"/>
                  <SP HEIGHT="51" WIDTH="15" VPOS="1312" HPOS="614"/>
                  <String HEIGHT="51"
                          WIDTH="164"
                          VPOS="1312"
                          HPOS="570"
                          CONTENT="oportet"/>
                  <SP HEIGHT="51" WIDTH="15" VPOS="1312" HPOS="734"/>
                  <String HEIGHT="51"
                          WIDTH="149"
                          VPOS="1312"
                          HPOS="689"
                          CONTENT="dicere"/>
                  <SP HEIGHT="51" WIDTH="15" VPOS="1312" HPOS="838"/>
                  <String HEIGHT="51"
                          WIDTH="179"
                          VPOS="1312"
                          HPOS="793"
                          CONTENT="quicquid"/>
                  <SP HEIGHT="51" WIDTH="15" VPOS="1312" HPOS="972"/>
                  <String HEIGHT="51"
                          WIDTH="119"
                          VPOS="1312"
                          HPOS="928"
                          CONTENT="ipse"/>
                  <SP HEIGHT="51" WIDTH="15" VPOS="1312" HPOS="1047"/>
                  <String HEIGHT="51"
                          WIDTH="149"
                          VPOS="1312"
                          HPOS="1002"
                          CONTENT="dicat,"/>
                  <SP HEIGHT="51" WIDTH="15" VPOS="1312" HPOS="1151"/>
                  <String HEIGHT="51"
                          WIDTH="104"
                          VPOS="1312"
                          HPOS="1107"
                          CONTENT="hoc"/>
                  <SP HEIGHT="51" WIDTH="15" VPOS="1312" HPOS="1211"/>
                  <String HEIGHT="51"
                          WIDTH="90"
                          VPOS="1312"
                          HPOS="1151"
                          CONTENT="esse"/>
               </TextLine>
               <TextLine ID="r1l50"
                         BASELINE="1413"
                         HEIGHT="57"
                         WIDTH="750"
                         VPOS="1356"
                         HPOS="487">
                  <String HEIGHT="57" WIDTH="85" VPOS="1356" HPOS="473" CONTENT="vi"/>
                  <SP HEIGHT="57" WIDTH="14" VPOS="1356" HPOS="558"/>
                  <String HEIGHT="57"
                          WIDTH="142"
                          VPOS="1356"
                          HPOS="515"
                          CONTENT="mutui."/>
                  <SP HEIGHT="57" WIDTH="14" VPOS="1356" HPOS="657"/>
                  <String HEIGHT="57"
                          WIDTH="142"
                          VPOS="1356"
                          HPOS="614"
                          CONTENT="Lucrum"/>
                  <SP HEIGHT="57" WIDTH="14" VPOS="1356" HPOS="756"/>
                  <String HEIGHT="57"
                          WIDTH="127"
                          VPOS="1356"
                          HPOS="713"
                          CONTENT="autem"/>
                  <SP HEIGHT="57" WIDTH="14" VPOS="1356" HPOS="841"/>
                  <String HEIGHT="57" WIDTH="99" VPOS="1356" HPOS="798" CONTENT="est"/>
                  <SP HEIGHT="57" WIDTH="14" VPOS="1356" HPOS="897"/>
                  <String HEIGHT="57"
                          WIDTH="212"
                          VPOS="1356"
                          HPOS="855"
                          CONTENT="incrementum"/>
                  <SP HEIGHT="57" WIDTH="14" VPOS="1356" HPOS="1067"/>
                  <String HEIGHT="57"
                          WIDTH="113"
                          VPOS="1356"
                          HPOS="1025"
                          CONTENT="quod"/>
                  <SP HEIGHT="57" WIDTH="14" VPOS="1356" HPOS="1138"/>
                  <String HEIGHT="57" WIDTH="85" VPOS="1356" HPOS="1095" CONTENT="ex"/>
                  <SP HEIGHT="57" WIDTH="14" VPOS="1356" HPOS="1180"/>
                  <String HEIGHT="57"
                          WIDTH="113"
                          VPOS="1356"
                          HPOS="1124"
                          CONTENT="volun"
                          SUBS_TYPE="HypPart1"
                          SUBS_CONTENT="voluntaria"/>
                  <HYP CONTENT="-"/>
               </TextLine>
               <TextLine ID="r1l52"
                         BASELINE="1447"
                         HEIGHT="48"
                         WIDTH="772"
                         VPOS="1399"
                         HPOS="474">
                  <String HEIGHT="48"
                          WIDTH="134"
                          VPOS="1399"
                          HPOS="459"
                          CONTENT="taria"
                          SUBS_TYPE="HypPart2"
                          SUBS_CONTENT="voluntaria"/>
                  <SP HEIGHT="48" WIDTH="15" VPOS="1399" HPOS="593"/>
                  <String HEIGHT="48"
                          WIDTH="238"
                          VPOS="1399"
                          HPOS="548"
                          CONTENT="commutatione"/>
                  <SP HEIGHT="48" WIDTH="15" VPOS="1399" HPOS="786"/>
                  <String HEIGHT="48"
                          WIDTH="134"
                          VPOS="1399"
                          HPOS="741"
                          CONTENT="habet"/>
                  <SP HEIGHT="48" WIDTH="15" VPOS="1399" HPOS="875"/>
                  <String HEIGHT="48"
                          WIDTH="134"
                          VPOS="1399"
                          HPOS="830"
                          CONTENT="vltra"/>
                  <SP HEIGHT="48" WIDTH="15" VPOS="1399" HPOS="964"/>
                  <String HEIGHT="48"
                          WIDTH="119"
                          VPOS="1399"
                          HPOS="919"
                          CONTENT="illa"/>
                  <SP HEIGHT="48" WIDTH="15" VPOS="1399" HPOS="1038"/>
                  <String HEIGHT="48"
                          WIDTH="119"
                          VPOS="1399"
                          HPOS="994"
                          CONTENT="quae"/>
                  <SP HEIGHT="48" WIDTH="15" VPOS="1399" HPOS="1112"/>
                  <String HEIGHT="48"
                          WIDTH="134"
                          VPOS="1399"
                          HPOS="1068"
                          CONTENT="prius"/>
                  <SP HEIGHT="48" WIDTH="15" VPOS="1399" HPOS="1201"/>
                  <String HEIGHT="48"
                          WIDTH="104"
                          VPOS="1399"
                          HPOS="1142"
                          CONTENT="erant"/>
               </TextLine>
               <TextLine ID="r1l54"
                         BASELINE="1492"
                         HEIGHT="52"
                         WIDTH="754"
                         VPOS="1440"
                         HPOS="480">
                  <String HEIGHT="52"
                          WIDTH="100"
                          VPOS="1440"
                          HPOS="466"
                          CONTENT="sua"/>
                  <SP HEIGHT="52" WIDTH="14" VPOS="1440" HPOS="565"/>
                  <String HEIGHT="52"
                          WIDTH="100"
                          VPOS="1440"
                          HPOS="523"
                          CONTENT="vel"/>
                  <SP HEIGHT="52" WIDTH="14" VPOS="1440" HPOS="622"/>
                  <String HEIGHT="52"
                          WIDTH="114"
                          VPOS="1440"
                          HPOS="580"
                          CONTENT="sibi"/>
                  <SP HEIGHT="52" WIDTH="14" VPOS="1440" HPOS="693"/>
                  <String HEIGHT="52"
                          WIDTH="156"
                          VPOS="1440"
                          HPOS="651"
                          CONTENT="debita."/>
                  <SP HEIGHT="52" WIDTH="14" VPOS="1440" HPOS="807"/>
                  <String HEIGHT="52"
                          WIDTH="185"
                          VPOS="1440"
                          HPOS="765"
                          CONTENT="Praeterea"/>
                  <SP HEIGHT="52" WIDTH="14" VPOS="1440" HPOS="949"/>
                  <String HEIGHT="52"
                          WIDTH="156"
                          VPOS="1440"
                          HPOS="907"
                          CONTENT="diximus"/>
                  <SP HEIGHT="52" WIDTH="14" VPOS="1440" HPOS="1063"/>
                  <String HEIGHT="52"
                          WIDTH="114"
                          VPOS="1440"
                          HPOS="1021"
                          CONTENT="quod"/>
                  <SP HEIGHT="52" WIDTH="14" VPOS="1440" HPOS="1134"/>
                  <String HEIGHT="52"
                          WIDTH="128"
                          VPOS="1440"
                          HPOS="1092"
                          CONTENT="licet"/>
                  <SP HEIGHT="52" WIDTH="14" VPOS="1440" HPOS="1220"/>
                  <String HEIGHT="52"
                          WIDTH="71"
                          VPOS="1440"
                          HPOS="1163"
                          CONTENT="vxc"/>
               </TextLine>
               <TextLine ID="r1l56"
                         BASELINE="1535"
                         HEIGHT="47"
                         WIDTH="758"
                         VPOS="1488"
                         HPOS="479">
                  <String HEIGHT="47"
                          WIDTH="108"
                          VPOS="1488"
                          HPOS="464"
                          CONTENT="rum"/>
                  <SP HEIGHT="47" WIDTH="15" VPOS="1488" HPOS="572"/>
                  <String HEIGHT="47"
                          WIDTH="217"
                          VPOS="1488"
                          HPOS="525"
                          CONTENT="pluralitas"/>
                  <SP HEIGHT="47" WIDTH="15" VPOS="1488" HPOS="742"/>
                  <String HEIGHT="47" WIDTH="77" VPOS="1488" HPOS="696" CONTENT="&amp;"/>
                  <SP HEIGHT="47" WIDTH="15" VPOS="1488" HPOS="773"/>
                  <String HEIGHT="47"
                          WIDTH="186"
                          VPOS="1488"
                          HPOS="727"
                          CONTENT="libellus"/>
                  <SP HEIGHT="47" WIDTH="15" VPOS="1488" HPOS="912"/>
                  <String HEIGHT="47"
                          WIDTH="170"
                          VPOS="1488"
                          HPOS="866"
                          CONTENT="repudii"/>
                  <SP HEIGHT="47" WIDTH="15" VPOS="1488" HPOS="1036"/>
                  <String HEIGHT="47" WIDTH="93" VPOS="1488" HPOS="989" CONTENT="in"/>
                  <SP HEIGHT="47" WIDTH="15" VPOS="1488" HPOS="1082"/>
                  <String HEIGHT="47"
                          WIDTH="124"
                          VPOS="1488"
                          HPOS="1036"
                          CONTENT="lege"/>
                  <SP HEIGHT="47" WIDTH="15" VPOS="1488" HPOS="1160"/>
                  <String HEIGHT="47"
                          WIDTH="139"
                          VPOS="1488"
                          HPOS="1098"
                          CONTENT="Mosaica"/>
               </TextLine>
               <TextLine ID="r1l58"
                         BASELINE="1581"
                         HEIGHT="44"
                         WIDTH="780"
                         VPOS="1537"
                         HPOS="469">
                  <String HEIGHT="44"
                          WIDTH="113"
                          VPOS="1537"
                          HPOS="456"
                          CONTENT="esset"/>
                  <SP HEIGHT="44" WIDTH="13" VPOS="1537" HPOS="570"/>
                  <String HEIGHT="44"
                          WIDTH="151"
                          VPOS="1537"
                          HPOS="532"
                          CONTENT="licitus:"/>
                  <SP HEIGHT="44" WIDTH="13" VPOS="1537" HPOS="683"/>
                  <String HEIGHT="44"
                          WIDTH="113"
                          VPOS="1537"
                          HPOS="645"
                          CONTENT="tamen"/>
                  <SP HEIGHT="44" WIDTH="13" VPOS="1537" HPOS="758"/>
                  <String HEIGHT="44"
                          WIDTH="164"
                          VPOS="1537"
                          HPOS="721"
                          CONTENT="probabile"/>
                  <SP HEIGHT="44" WIDTH="13" VPOS="1537" HPOS="884"/>
                  <String HEIGHT="44" WIDTH="88" VPOS="1537" HPOS="846" CONTENT="est"/>
                  <SP HEIGHT="44" WIDTH="13" VPOS="1537" HPOS="934"/>
                  <String HEIGHT="44"
                          WIDTH="101"
                          VPOS="1537"
                          HPOS="897"
                          CONTENT="quod"/>
                  <SP HEIGHT="44" WIDTH="13" VPOS="1537" HPOS="997"/>
                  <String HEIGHT="44"
                          WIDTH="113"
                          VPOS="1537"
                          HPOS="960"
                          CONTENT="vsura"/>
                  <SP HEIGHT="44" WIDTH="13" VPOS="1537" HPOS="1073"/>
                  <String HEIGHT="44"
                          WIDTH="101"
                          VPOS="1537"
                          HPOS="1035"
                          CONTENT="erat"/>
                  <SP HEIGHT="44" WIDTH="13" VPOS="1537" HPOS="1136"/>
                  <String HEIGHT="44"
                          WIDTH="151"
                          VPOS="1537"
                          HPOS="1098"
                          CONTENT="illicita"/>
                  <SP HEIGHT="44" WIDTH="13" VPOS="1537" HPOS="1249"/>
                  <String HEIGHT="44" WIDTH="50" VPOS="1537" HPOS="1199" CONTENT="He"/>
               </TextLine>
               <TextLine ID="r1l60"
                         BASELINE="1626"
                         HEIGHT="55"
                         WIDTH="759"
                         VPOS="1571"
                         HPOS="478">
                  <String HEIGHT="55"
                          WIDTH="129"
                          VPOS="1571"
                          HPOS="465"
                          CONTENT="braeis"/>
                  <SP HEIGHT="55" WIDTH="13" VPOS="1571" HPOS="594"/>
                  <String HEIGHT="55" WIDTH="90" VPOS="1571" HPOS="555" CONTENT="pro"/>
                  <SP HEIGHT="55" WIDTH="13" VPOS="1571" HPOS="645"/>
                  <String HEIGHT="55"
                          WIDTH="142"
                          VPOS="1571"
                          HPOS="607"
                          CONTENT="tempore"/>
                  <SP HEIGHT="55" WIDTH="13" VPOS="1571" HPOS="748"/>
                  <String HEIGHT="55"
                          WIDTH="129"
                          VPOS="1571"
                          HPOS="710"
                          CONTENT="illius"/>
                  <SP HEIGHT="55" WIDTH="13" VPOS="1571" HPOS="838"/>
                  <String HEIGHT="55"
                          WIDTH="129"
                          VPOS="1571"
                          HPOS="800"
                          CONTENT="legis,"/>
                  <SP HEIGHT="55" WIDTH="13" VPOS="1571" HPOS="928"/>
                  <String HEIGHT="55"
                          WIDTH="103"
                          VPOS="1571"
                          HPOS="890"
                          CONTENT="quod"/>
                  <SP HEIGHT="55" WIDTH="13" VPOS="1571" HPOS="993"/>
                  <String HEIGHT="55"
                          WIDTH="180"
                          VPOS="1571"
                          HPOS="954"
                          CONTENT="ostenditur"/>
                  <SP HEIGHT="55" WIDTH="13" VPOS="1571" HPOS="1134"/>
                  <String HEIGHT="55"
                          WIDTH="90"
                          VPOS="1571"
                          HPOS="1095"
                          CONTENT="per"/>
                  <SP HEIGHT="55" WIDTH="13" VPOS="1571" HPOS="1186"/>
                  <String HEIGHT="55"
                          WIDTH="103"
                          VPOS="1571"
                          HPOS="1134"
                          CONTENT="Psalmo"/>
               </TextLine>
               <TextLine ID="r1l62"
                         BASELINE="1672"
                         HEIGHT="50"
                         WIDTH="760"
                         VPOS="1622"
                         HPOS="477">
                  <String HEIGHT="50"
                          WIDTH="161"
                          VPOS="1622"
                          HPOS="462"
                          CONTENT="graphum"/>
                  <SP HEIGHT="50" WIDTH="15" VPOS="1622" HPOS="623"/>
                  <String HEIGHT="50" WIDTH="73" VPOS="1622" HPOS="579" CONTENT="&amp;"/>
                  <SP HEIGHT="50" WIDTH="15" VPOS="1622" HPOS="652"/>
                  <String HEIGHT="50"
                          WIDTH="132"
                          VPOS="1622"
                          HPOS="609"
                          CONTENT="alios"/>
                  <SP HEIGHT="50" WIDTH="15" VPOS="1622" HPOS="740"/>
                  <String HEIGHT="50"
                          WIDTH="219"
                          VPOS="1622"
                          HPOS="696"
                          CONTENT="posteriores"/>
                  <SP HEIGHT="50" WIDTH="15" VPOS="1622" HPOS="915"/>
                  <String HEIGHT="50"
                          WIDTH="190"
                          VPOS="1622"
                          HPOS="872"
                          CONTENT="prophetas"/>
                  <SP HEIGHT="50" WIDTH="15" VPOS="1622" HPOS="1062"/>
                  <String HEIGHT="50"
                          WIDTH="102"
                          VPOS="1622"
                          HPOS="1018"
                          CONTENT="qui"/>
                  <SP HEIGHT="50" WIDTH="15" VPOS="1622" HPOS="1120"/>
                  <String HEIGHT="50"
                          WIDTH="102"
                          VPOS="1622"
                          HPOS="1076"
                          CONTENT="pro"/>
                  <SP HEIGHT="50" WIDTH="15" VPOS="1622" HPOS="1179"/>
                  <String HEIGHT="50"
                          WIDTH="117"
                          VPOS="1622"
                          HPOS="1120"
                          CONTENT="illius"/>
               </TextLine>
               <TextLine ID="r1l64"
                         BASELINE="1716"
                         HEIGHT="52"
                         WIDTH="758"
                         VPOS="1664"
                         HPOS="483">
                  <String HEIGHT="52"
                          WIDTH="129"
                          VPOS="1664"
                          HPOS="469"
                          CONTENT="legis"/>
                  <SP HEIGHT="52" WIDTH="14" VPOS="1664" HPOS="597"/>
                  <String HEIGHT="52"
                          WIDTH="157"
                          VPOS="1664"
                          HPOS="555"
                          CONTENT="tempore"/>
                  <SP HEIGHT="52" WIDTH="14" VPOS="1664" HPOS="712"/>
                  <String HEIGHT="52"
                          WIDTH="143"
                          VPOS="1664"
                          HPOS="669"
                          CONTENT="erant:"/>
                  <SP HEIGHT="52" WIDTH="14" VPOS="1664" HPOS="812"/>
                  <String HEIGHT="52"
                          WIDTH="100"
                          VPOS="1664"
                          HPOS="769"
                          CONTENT="qui"/>
                  <SP HEIGHT="52" WIDTH="14" VPOS="1664" HPOS="869"/>
                  <String HEIGHT="52"
                          WIDTH="143"
                          VPOS="1664"
                          HPOS="826"
                          CONTENT="vsuram"/>
                  <SP HEIGHT="52" WIDTH="14" VPOS="1664" HPOS="969"/>
                  <String HEIGHT="52"
                          WIDTH="186"
                          VPOS="1664"
                          HPOS="926"
                          CONTENT="illicitam"/>
                  <SP HEIGHT="52" WIDTH="14" VPOS="1664" HPOS="1112"/>
                  <String HEIGHT="52"
                          WIDTH="186"
                          VPOS="1664"
                          HPOS="1055"
                          CONTENT="reputabant,"/>
               </TextLine>
               <TextLine ID="r1l66"
                         BASELINE="1767"
                         HEIGHT="57"
                         WIDTH="767"
                         VPOS="1710"
                         HPOS="480">
                  <String HEIGHT="57" WIDTH="75" VPOS="1710" HPOS="465" CONTENT="&amp;"/>
                  <SP HEIGHT="57" WIDTH="15" VPOS="1710" HPOS="540"/>
                  <String HEIGHT="57"
                          WIDTH="150"
                          VPOS="1710"
                          HPOS="495"
                          CONTENT="grande"/>
                  <SP HEIGHT="57" WIDTH="15" VPOS="1710" HPOS="645"/>
                  <String HEIGHT="57"
                          WIDTH="135"
                          VPOS="1710"
                          HPOS="600"
                          CONTENT="nefas"/>
                  <SP HEIGHT="57" WIDTH="15" VPOS="1710" HPOS="736"/>
                  <String HEIGHT="57"
                          WIDTH="135"
                          VPOS="1710"
                          HPOS="691"
                          CONTENT="nolle"/>
                  <SP HEIGHT="57" WIDTH="15" VPOS="1710" HPOS="826"/>
                  <String HEIGHT="57" WIDTH="90" VPOS="1710" HPOS="781" CONTENT="ab"/>
                  <SP HEIGHT="57" WIDTH="15" VPOS="1710" HPOS="871"/>
                  <String HEIGHT="57" WIDTH="90" VPOS="1710" HPOS="826" CONTENT="ea"/>
                  <SP HEIGHT="57" WIDTH="15" VPOS="1710" HPOS="916"/>
                  <String HEIGHT="57"
                          WIDTH="211"
                          VPOS="1710"
                          HPOS="871"
                          CONTENT="abstinere:"/>
                  <SP HEIGHT="57" WIDTH="15" VPOS="1710" HPOS="1082"/>
                  <String HEIGHT="57"
                          WIDTH="120"
                          VPOS="1710"
                          HPOS="1036"
                          CONTENT="siue"/>
                  <SP HEIGHT="57" WIDTH="15" VPOS="1710" HPOS="1157"/>
                  <String HEIGHT="57"
                          WIDTH="135"
                          VPOS="1710"
                          HPOS="1112"
                          CONTENT="inter"/>
                  <SP HEIGHT="57" WIDTH="15" VPOS="1710" HPOS="1247"/>
                  <String HEIGHT="57" WIDTH="60" VPOS="1710" HPOS="1187" CONTENT="su"/>
               </TextLine>
               <TextLine ID="r1l68"
                         BASELINE="1801"
                         HEIGHT="47"
                         WIDTH="769"
                         VPOS="1754"
                         HPOS="480">
                  <String HEIGHT="47" WIDTH="93" VPOS="1754" HPOS="467" CONTENT="os:"/>
                  <SP HEIGHT="47" WIDTH="13" VPOS="1754" HPOS="560"/>
                  <String HEIGHT="47"
                          WIDTH="106"
                          VPOS="1754"
                          HPOS="520"
                          CONTENT="siue"/>
                  <SP HEIGHT="47" WIDTH="13" VPOS="1754" HPOS="626"/>
                  <String HEIGHT="47"
                          WIDTH="119"
                          VPOS="1754"
                          HPOS="586"
                          CONTENT="inter"/>
                  <SP HEIGHT="47" WIDTH="13" VPOS="1754" HPOS="705"/>
                  <String HEIGHT="47"
                          WIDTH="119"
                          VPOS="1754"
                          HPOS="666"
                          CONTENT="alios"/>
                  <SP HEIGHT="47" WIDTH="13" VPOS="1754" HPOS="785"/>
                  <String HEIGHT="47"
                          WIDTH="172"
                          VPOS="1754"
                          HPOS="745"
                          CONTENT="gentiles,"/>
                  <SP HEIGHT="47" WIDTH="13" VPOS="1754" HPOS="918"/>
                  <String HEIGHT="47" WIDTH="93" VPOS="1754" HPOS="878" CONTENT="qui"/>
                  <SP HEIGHT="47" WIDTH="13" VPOS="1754" HPOS="971"/>
                  <String HEIGHT="47" WIDTH="93" VPOS="1754" HPOS="931" CONTENT="res"/>
                  <SP HEIGHT="47" WIDTH="13" VPOS="1754" HPOS="1024"/>
                  <String HEIGHT="47" WIDTH="66" VPOS="1754" HPOS="984" CONTENT="a"/>
                  <SP HEIGHT="47" WIDTH="13" VPOS="1754" HPOS="1050"/>
                  <String HEIGHT="47"
                          WIDTH="93"
                          VPOS="1754"
                          HPOS="1010"
                          CONTENT="deo"/>
                  <SP HEIGHT="47" WIDTH="13" VPOS="1754" HPOS="1103"/>
                  <String HEIGHT="47"
                          WIDTH="119"
                          VPOS="1754"
                          HPOS="1063"
                          CONTENT="aliis"/>
                  <SP HEIGHT="47" WIDTH="13" VPOS="1754" HPOS="1183"/>
                  <String HEIGHT="47"
                          WIDTH="119"
                          VPOS="1754"
                          HPOS="1130"
                          CONTENT="conces"
                          SUBS_TYPE="HypPart1"
                          SUBS_CONTENT="concessas"/>
                  <HYP CONTENT="-"/>
               </TextLine>
               <TextLine ID="r1l70"
                         BASELINE="1850"
                         HEIGHT="51"
                         WIDTH="757"
                         VPOS="1799"
                         HPOS="486">
                  <String HEIGHT="51"
                          WIDTH="118"
                          VPOS="1799"
                          HPOS="469"
                          CONTENT="sas"
                          SUBS_TYPE="HypPart2"
                          SUBS_CONTENT="concessas"/>
                  <SP HEIGHT="51" WIDTH="17" VPOS="1799" HPOS="587"/>
                  <String HEIGHT="51"
                          WIDTH="118"
                          VPOS="1799"
                          HPOS="536"
                          CONTENT="non"/>
                  <SP HEIGHT="51" WIDTH="17" VPOS="1799" HPOS="654"/>
                  <String HEIGHT="51"
                          WIDTH="252"
                          VPOS="1799"
                          HPOS="604"
                          CONTENT="detinebant."/>
                  <SP HEIGHT="51" WIDTH="17" VPOS="1799" HPOS="856"/>
                  <String HEIGHT="51"
                          WIDTH="185"
                          VPOS="1799"
                          HPOS="806"
                          CONTENT="Insuper"/>
                  <SP HEIGHT="51" WIDTH="17" VPOS="1799" HPOS="991"/>
                  <String HEIGHT="51"
                          WIDTH="185"
                          VPOS="1799"
                          HPOS="940"
                          CONTENT="diximus"/>
                  <SP HEIGHT="51" WIDTH="17" VPOS="1799" HPOS="1125"/>
                  <String HEIGHT="51"
                          WIDTH="135"
                          VPOS="1799"
                          HPOS="1075"
                          CONTENT="deum"/>
                  <SP HEIGHT="51" WIDTH="17" VPOS="1799" HPOS="1209"/>
                  <String HEIGHT="51"
                          WIDTH="101"
                          VPOS="1799"
                          HPOS="1142"
                          CONTENT="pos"
                          SUBS_TYPE="HypPart1"
                          SUBS_CONTENT="posse"/>
                  <HYP CONTENT="-"/>
               </TextLine>
               <TextLine ID="r1l72"
                         BASELINE="1892"
                         HEIGHT="53"
                         WIDTH="759"
                         VPOS="1839"
                         HPOS="481">
                  <String HEIGHT="53"
                          WIDTH="84"
                          VPOS="1839"
                          HPOS="467"
                          CONTENT="se"
                          SUBS_TYPE="HypPart2"
                          SUBS_CONTENT="posse"/>
                  <SP HEIGHT="53" WIDTH="14" VPOS="1839" HPOS="551"/>
                  <String HEIGHT="53" WIDTH="84" VPOS="1839" HPOS="509" CONTENT="de"/>
                  <SP HEIGHT="53" WIDTH="14" VPOS="1839" HPOS="593"/>
                  <String HEIGHT="53"
                          WIDTH="127"
                          VPOS="1839"
                          HPOS="551"
                          CONTENT="vsura"/>
                  <SP HEIGHT="53" WIDTH="14" VPOS="1839" HPOS="678"/>
                  <String HEIGHT="53"
                          WIDTH="211"
                          VPOS="1839"
                          HPOS="636"
                          CONTENT="dispensare:"/>
                  <SP HEIGHT="53" WIDTH="14" VPOS="1839" HPOS="846"/>
                  <String HEIGHT="53" WIDTH="70" VPOS="1839" HPOS="804" CONTENT="&amp;"/>
                  <SP HEIGHT="53" WIDTH="14" VPOS="1839" HPOS="875"/>
                  <String HEIGHT="53"
                          WIDTH="112"
                          VPOS="1839"
                          HPOS="832"
                          CONTENT="quod"/>
                  <SP HEIGHT="53" WIDTH="14" VPOS="1839" HPOS="945"/>
                  <String HEIGHT="53"
                          WIDTH="183"
                          VPOS="1839"
                          HPOS="903"
                          CONTENT="possibile"/>
                  <SP HEIGHT="53" WIDTH="14" VPOS="1839" HPOS="1085"/>
                  <String HEIGHT="53"
                          WIDTH="98"
                          VPOS="1839"
                          HPOS="1043"
                          CONTENT="sit"/>
                  <SP HEIGHT="53" WIDTH="14" VPOS="1839" HPOS="1142"/>
                  <String HEIGHT="53"
                          WIDTH="141"
                          VPOS="1839"
                          HPOS="1099"
                          CONTENT="vsuram"/>
                  <SP HEIGHT="53" WIDTH="14" VPOS="1839" HPOS="1240"/>
                  <String HEIGHT="53" WIDTH="56" VPOS="1839" HPOS="1184" CONTENT="be"/>
               </TextLine>
               <TextLine ID="r1l74"
                         BASELINE="1939"
                         HEIGHT="50"
                         WIDTH="772"
                         VPOS="1889"
                         HPOS="480">
                  <String HEIGHT="50" WIDTH="89" VPOS="1889" HPOS="465" CONTENT="ne"/>
                  <SP HEIGHT="50" WIDTH="15" VPOS="1889" HPOS="554"/>
                  <String HEIGHT="50"
                          WIDTH="134"
                          VPOS="1889"
                          HPOS="510"
                          CONTENT="fieri"/>
                  <SP HEIGHT="50" WIDTH="15" VPOS="1889" HPOS="643"/>
                  <String HEIGHT="50" WIDTH="89" VPOS="1889" HPOS="599" CONTENT="in"/>
                  <SP HEIGHT="50" WIDTH="15" VPOS="1889" HPOS="688"/>
                  <String HEIGHT="50"
                          WIDTH="134"
                          VPOS="1889"
                          HPOS="643"
                          CONTENT="sensu"/>
                  <SP HEIGHT="50" WIDTH="15" VPOS="1889" HPOS="777"/>
                  <String HEIGHT="50"
                          WIDTH="208"
                          VPOS="1889"
                          HPOS="732"
                          CONTENT="composito."/>
                  <SP HEIGHT="50" WIDTH="15" VPOS="1889" HPOS="940"/>
                  <String HEIGHT="50"
                          WIDTH="178"
                          VPOS="1889"
                          HPOS="896"
                          CONTENT="Vlterius"/>
                  <SP HEIGHT="50" WIDTH="15" VPOS="1889" HPOS="1074"/>
                  <String HEIGHT="50"
                          WIDTH="148"
                          VPOS="1889"
                          HPOS="1029"
                          CONTENT="dictum"/>
                  <SP HEIGHT="50" WIDTH="15" VPOS="1889" HPOS="1178"/>
                  <String HEIGHT="50"
                          WIDTH="104"
                          VPOS="1889"
                          HPOS="1133"
                          CONTENT="est"/>
                  <SP HEIGHT="50" WIDTH="15" VPOS="1889" HPOS="1237"/>
                  <String HEIGHT="50"
                          WIDTH="74"
                          VPOS="1889"
                          HPOS="1178"
                          CONTENT="non"/>
               </TextLine>
               <TextLine ID="r1l76"
                         BASELINE="1990"
                         HEIGHT="54"
                         WIDTH="764"
                         VPOS="1936"
                         HPOS="480">
                  <String HEIGHT="54"
                          WIDTH="132"
                          VPOS="1936"
                          HPOS="465"
                          CONTENT="posse"/>
                  <SP HEIGHT="54" WIDTH="15" VPOS="1936" HPOS="598"/>
                  <String HEIGHT="54"
                          WIDTH="147"
                          VPOS="1936"
                          HPOS="553"
                          CONTENT="deduci"/>
                  <SP HEIGHT="54" WIDTH="15" VPOS="1936" HPOS="700"/>
                  <String HEIGHT="54"
                          WIDTH="191"
                          VPOS="1936"
                          HPOS="656"
                          CONTENT="euidenter"/>
                  <SP HEIGHT="54" WIDTH="15" VPOS="1936" HPOS="847"/>
                  <String HEIGHT="54" WIDTH="88" VPOS="1936" HPOS="803" CONTENT="in"/>
                  <SP HEIGHT="54" WIDTH="15" VPOS="1936" HPOS="891"/>
                  <String HEIGHT="54"
                          WIDTH="147"
                          VPOS="1936"
                          HPOS="847"
                          CONTENT="lumine"/>
                  <SP HEIGHT="54" WIDTH="15" VPOS="1936" HPOS="994"/>
                  <String HEIGHT="54"
                          WIDTH="176"
                          VPOS="1936"
                          HPOS="950"
                          CONTENT="naturali"/>
                  <SP HEIGHT="54" WIDTH="15" VPOS="1936" HPOS="1126"/>
                  <String HEIGHT="54"
                          WIDTH="118"
                          VPOS="1936"
                          HPOS="1082"
                          CONTENT="quod"/>
                  <SP HEIGHT="54" WIDTH="15" VPOS="1936" HPOS="1200"/>
                  <String HEIGHT="54"
                          WIDTH="103"
                          VPOS="1936"
                          HPOS="1141"
                          CONTENT="omnis"/>
               </TextLine>
               <TextLine ID="r1l78"
                         BASELINE="2030"
                         HEIGHT="52"
                         WIDTH="749"
                         VPOS="1978"
                         HPOS="492">
                  <String HEIGHT="52"
                          WIDTH="130"
                          VPOS="1978"
                          HPOS="478"
                          CONTENT="vsura"/>
                  <SP HEIGHT="52" WIDTH="14" VPOS="1978" HPOS="607"/>
                  <String HEIGHT="52"
                          WIDTH="101"
                          VPOS="1978"
                          HPOS="564"
                          CONTENT="sit"/>
                  <SP HEIGHT="52" WIDTH="14" VPOS="1978" HPOS="665"/>
                  <String HEIGHT="52"
                          WIDTH="216"
                          VPOS="1978"
                          HPOS="622"
                          CONTENT="reprobanda:"/>
                  <SP HEIGHT="52" WIDTH="14" VPOS="1978" HPOS="838"/>
                  <String HEIGHT="52"
                          WIDTH="115"
                          VPOS="1978"
                          HPOS="794"
                          CONTENT="quod"/>
                  <SP HEIGHT="52" WIDTH="14" VPOS="1978" HPOS="910"/>
                  <String HEIGHT="52"
                          WIDTH="130"
                          VPOS="1978"
                          HPOS="867"
                          CONTENT="patet"/>
                  <SP HEIGHT="52" WIDTH="14" VPOS="1978" HPOS="996"/>
                  <String HEIGHT="52"
                          WIDTH="101"
                          VPOS="1978"
                          HPOS="953"
                          CONTENT="per"/>
                  <SP HEIGHT="52" WIDTH="14" VPOS="1978" HPOS="1054"/>
                  <String HEIGHT="52"
                          WIDTH="130"
                          VPOS="1978"
                          HPOS="1011"
                          CONTENT="illos"/>
                  <SP HEIGHT="52" WIDTH="14" VPOS="1978" HPOS="1140"/>
                  <String HEIGHT="52"
                          WIDTH="158"
                          VPOS="1978"
                          HPOS="1083"
                          CONTENT="prudentes"/>
               </TextLine>
               <TextLine ID="r1l80"
                         BASELINE="2073"
                         HEIGHT="55"
                         WIDTH="766"
                         VPOS="2018"
                         HPOS="480">
                  <String HEIGHT="55" WIDTH="72" VPOS="2018" HPOS="466" CONTENT="&amp;"/>
                  <SP HEIGHT="55" WIDTH="14" VPOS="2018" HPOS="538"/>
                  <String HEIGHT="55"
                          WIDTH="202"
                          VPOS="2018"
                          HPOS="494"
                          CONTENT="vigilantes"/>
                  <SP HEIGHT="55" WIDTH="14" VPOS="2018" HPOS="697"/>
                  <String HEIGHT="55"
                          WIDTH="202"
                          VPOS="2018"
                          HPOS="653"
                          CONTENT="scriptores"/>
                  <SP HEIGHT="55" WIDTH="14" VPOS="2018" HPOS="856"/>
                  <String HEIGHT="55"
                          WIDTH="130"
                          VPOS="2018"
                          HPOS="812"
                          CONTENT="legum"/>
                  <SP HEIGHT="55" WIDTH="14" VPOS="2018" HPOS="942"/>
                  <String HEIGHT="55"
                          WIDTH="217"
                          VPOS="2018"
                          HPOS="899"
                          CONTENT="Caesarearum"/>
                  <SP HEIGHT="55" WIDTH="14" VPOS="2018" HPOS="1116"/>
                  <String HEIGHT="55"
                          WIDTH="101"
                          VPOS="2018"
                          HPOS="1073"
                          CONTENT="qui"/>
                  <SP HEIGHT="55" WIDTH="14" VPOS="2018" HPOS="1174"/>
                  <String HEIGHT="55"
                          WIDTH="130"
                          VPOS="2018"
                          HPOS="1116"
                          CONTENT="aliquas"/>
               </TextLine>
               <TextLine ID="r1l82"
                         BASELINE="2114"
                         HEIGHT="48"
                         WIDTH="748"
                         VPOS="2066"
                         HPOS="495">
                  <String HEIGHT="48"
                          WIDTH="141"
                          VPOS="2066"
                          HPOS="481"
                          CONTENT="vsuras"/>
                  <SP HEIGHT="48" WIDTH="14" VPOS="2066" HPOS="622"/>
                  <String HEIGHT="48"
                          WIDTH="212"
                          VPOS="2066"
                          HPOS="580"
                          CONTENT="admiserunt."/>
                  <SP HEIGHT="48" WIDTH="14" VPOS="2066" HPOS="791"/>
                  <String HEIGHT="48"
                          WIDTH="127"
                          VPOS="2066"
                          HPOS="749"
                          CONTENT="tamen"/>
                  <SP HEIGHT="48" WIDTH="14" VPOS="2066" HPOS="876"/>
                  <String HEIGHT="48"
                          WIDTH="127"
                          VPOS="2066"
                          HPOS="834"
                          CONTENT="multo"/>
                  <SP HEIGHT="48" WIDTH="14" VPOS="2066" HPOS="961"/>
                  <String HEIGHT="48"
                          WIDTH="212"
                          VPOS="2066"
                          HPOS="918"
                          CONTENT="probabilius"/>
                  <SP HEIGHT="48" WIDTH="14" VPOS="2066" HPOS="1130"/>
                  <String HEIGHT="48"
                          WIDTH="141"
                          VPOS="2066"
                          HPOS="1088"
                          CONTENT="potest"/>
                  <SP HEIGHT="48" WIDTH="14" VPOS="2066" HPOS="1229"/>
                  <String HEIGHT="48"
                          WIDTH="71"
                          VPOS="2066"
                          HPOS="1172"
                          CONTENT="de"
                          SUBS_TYPE="HypPart1"
                          SUBS_CONTENT="deduci"/>
                  <HYP CONTENT="-"/>
               </TextLine>
               <TextLine ID="r1l84"
                         BASELINE="2164"
                         HEIGHT="53"
                         WIDTH="763"
                         VPOS="2111"
                         HPOS="484">
                  <String HEIGHT="53"
                          WIDTH="111"
                          VPOS="2111"
                          HPOS="470"
                          CONTENT="duci"
                          SUBS_TYPE="HypPart2"
                          SUBS_CONTENT="deduci"/>
                  <SP HEIGHT="53" WIDTH="14" VPOS="2111" HPOS="581"/>
                  <String HEIGHT="53" WIDTH="83" VPOS="2111" HPOS="539" CONTENT="in"/>
                  <SP HEIGHT="53" WIDTH="14" VPOS="2111" HPOS="623"/>
                  <String HEIGHT="53"
                          WIDTH="139"
                          VPOS="2111"
                          HPOS="581"
                          CONTENT="lumine"/>
                  <SP HEIGHT="53" WIDTH="14" VPOS="2111" HPOS="720"/>
                  <String HEIGHT="53"
                          WIDTH="166"
                          VPOS="2111"
                          HPOS="678"
                          CONTENT="naturali"/>
                  <SP HEIGHT="53" WIDTH="14" VPOS="2111" HPOS="845"/>
                  <String HEIGHT="53"
                          WIDTH="111"
                          VPOS="2111"
                          HPOS="803"
                          CONTENT="quam"/>
                  <SP HEIGHT="53" WIDTH="14" VPOS="2111" HPOS="914"/>
                  <String HEIGHT="53"
                          WIDTH="194"
                          VPOS="2111"
                          HPOS="872"
                          CONTENT="oppositum,"/>
                  <SP HEIGHT="53" WIDTH="14" VPOS="2111" HPOS="1067"/>
                  <String HEIGHT="53"
                          WIDTH="111"
                          VPOS="2111"
                          HPOS="1025"
                          CONTENT="quod"/>
                  <SP HEIGHT="53" WIDTH="14" VPOS="2111" HPOS="1136"/>
                  <String HEIGHT="53"
                          WIDTH="125"
                          VPOS="2111"
                          HPOS="1094"
                          CONTENT="omnis"/>
                  <SP HEIGHT="53" WIDTH="14" VPOS="2111" HPOS="1219"/>
                  <String HEIGHT="53"
                          WIDTH="83"
                          VPOS="2111"
                          HPOS="1164"
                          CONTENT="vsu"
                          SUBS_TYPE="HypPart1"
                          SUBS_CONTENT="vsura"/>
                  <HYP CONTENT="-"/>
               </TextLine>
               <TextLine ID="r1l86"
                         BASELINE="2202"
                         HEIGHT="45"
                         WIDTH="767"
                         VPOS="2157"
                         HPOS="477">
                  <String HEIGHT="45"
                          WIDTH="94"
                          VPOS="2157"
                          HPOS="461"
                          CONTENT="ra"
                          SUBS_TYPE="HypPart2"
                          SUBS_CONTENT="vsura"/>
                  <SP HEIGHT="45" WIDTH="16" VPOS="2157" HPOS="555"/>
                  <String HEIGHT="45"
                          WIDTH="110"
                          VPOS="2157"
                          HPOS="508"
                          CONTENT="sit"/>
                  <SP HEIGHT="45" WIDTH="16" VPOS="2157" HPOS="618"/>
                  <String HEIGHT="45"
                          WIDTH="235"
                          VPOS="2157"
                          HPOS="571"
                          CONTENT="reprobanda."/>
                  <SP HEIGHT="45" WIDTH="16" VPOS="2157" HPOS="806"/>
                  <String HEIGHT="45"
                          WIDTH="110"
                          VPOS="2157"
                          HPOS="759"
                          CONTENT="cui"/>
                  <SP HEIGHT="45" WIDTH="16" VPOS="2157" HPOS="868"/>
                  <String HEIGHT="45"
                          WIDTH="141"
                          VPOS="2157"
                          HPOS="821"
                          CONTENT="parti"/>
                  <SP HEIGHT="45" WIDTH="16" VPOS="2157" HPOS="962"/>
                  <String HEIGHT="45"
                          WIDTH="235"
                          VPOS="2157"
                          HPOS="915"
                          CONTENT="Aristoteles"/>
                  <SP HEIGHT="45" WIDTH="16" VPOS="2157" HPOS="1150"/>
                  <String HEIGHT="45" WIDTH="78" VPOS="2157" HPOS="1103" CONTENT="&amp;"/>
                  <SP HEIGHT="45" WIDTH="16" VPOS="2157" HPOS="1181"/>
                  <String HEIGHT="45"
                          WIDTH="125"
                          VPOS="2157"
                          HPOS="1119"
                          CONTENT="Marcus"/>
               </TextLine>
               <TextLine ID="r1l87"
                         BASELINE="2247"
                         HEIGHT="47"
                         WIDTH="758"
                         VPOS="2200"
                         HPOS="498">
                  <String HEIGHT="47"
                          WIDTH="170"
                          VPOS="2200"
                          HPOS="483"
                          CONTENT="Tullius"/>
                  <SP HEIGHT="47" WIDTH="15" VPOS="2200" HPOS="653"/>
                  <String HEIGHT="47"
                          WIDTH="248"
                          VPOS="2200"
                          HPOS="606"
                          CONTENT="adhaeserunt."/>
                  <SP HEIGHT="47" WIDTH="15" VPOS="2200" HPOS="854"/>
                  <String HEIGHT="47"
                          WIDTH="170"
                          VPOS="2200"
                          HPOS="807"
                          CONTENT="Amplius"/>
                  <SP HEIGHT="47" WIDTH="15" VPOS="2200" HPOS="978"/>
                  <String HEIGHT="47"
                          WIDTH="170"
                          VPOS="2200"
                          HPOS="931"
                          CONTENT="diximus"/>
                  <SP HEIGHT="47" WIDTH="15" VPOS="2200" HPOS="1101"/>
                  <String HEIGHT="47"
                          WIDTH="124"
                          VPOS="2200"
                          HPOS="1055"
                          CONTENT="quod"/>
                  <SP HEIGHT="47" WIDTH="15" VPOS="2200" HPOS="1179"/>
                  <String HEIGHT="47"
                          WIDTH="139"
                          VPOS="2200"
                          HPOS="1117"
                          CONTENT="capien"
                          SUBS_TYPE="HypPart1"
                          SUBS_CONTENT="capiendo"/>
                  <HYP CONTENT="-"/>
               </TextLine>
               <TextLine ID="r1l89"
                         BASELINE="2295"
                         HEIGHT="46"
                         WIDTH="773"
                         VPOS="2249"
                         HPOS="480">
                  <String HEIGHT="46"
                          WIDTH="89"
                          VPOS="2249"
                          HPOS="465"
                          CONTENT="do"
                          SUBS_TYPE="HypPart2"
                          SUBS_CONTENT="capiendo"/>
                  <SP HEIGHT="46" WIDTH="15" VPOS="2249" HPOS="554"/>
                  <String HEIGHT="46"
                          WIDTH="164"
                          VPOS="2249"
                          HPOS="510"
                          CONTENT="aliquid"/>
                  <SP HEIGHT="46" WIDTH="15" VPOS="2249" HPOS="673"/>
                  <String HEIGHT="46"
                          WIDTH="119"
                          VPOS="2249"
                          HPOS="629"
                          CONTENT="quod"/>
                  <SP HEIGHT="46" WIDTH="15" VPOS="2249" HPOS="748"/>
                  <String HEIGHT="46"
                          WIDTH="104"
                          VPOS="2249"
                          HPOS="703"
                          CONTENT="est"/>
                  <SP HEIGHT="46" WIDTH="15" VPOS="2249" HPOS="807"/>
                  <String HEIGHT="46"
                          WIDTH="119"
                          VPOS="2249"
                          HPOS="762"
                          CONTENT="mihi"/>
                  <SP HEIGHT="46" WIDTH="15" VPOS="2249" HPOS="881"/>
                  <String HEIGHT="46"
                          WIDTH="178"
                          VPOS="2249"
                          HPOS="837"
                          CONTENT="alioquin"/>
                  <SP HEIGHT="46" WIDTH="15" VPOS="2249" HPOS="1015"/>
                  <String HEIGHT="46"
                          WIDTH="178"
                          VPOS="2249"
                          HPOS="971"
                          CONTENT="debitum:"/>
                  <SP HEIGHT="46" WIDTH="15" VPOS="2249" HPOS="1149"/>
                  <String HEIGHT="46"
                          WIDTH="134"
                          VPOS="2249"
                          HPOS="1104"
                          CONTENT="sicet"/>
                  <SP HEIGHT="46" WIDTH="15" VPOS="2249" HPOS="1238"/>
                  <String HEIGHT="46"
                          WIDTH="74"
                          VPOS="2249"
                          HPOS="1179"
                          CONTENT="vl"
                          SUBS_TYPE="HypPart1"
                          SUBS_CONTENT="vlra"/>
                  <HYP CONTENT="-"/>
               </TextLine>
               <TextLine ID="r1l91"
                         BASELINE="2345"
                         HEIGHT="50"
                         WIDTH="754"
                         VPOS="2295"
                         HPOS="493">
                  <String HEIGHT="50"
                          WIDTH="87"
                          VPOS="2295"
                          HPOS="479"
                          CONTENT="ra"
                          SUBS_TYPE="HypPart2"
                          SUBS_CONTENT="vlra"/>
                  <SP HEIGHT="50" WIDTH="15" VPOS="2295" HPOS="566"/>
                  <String HEIGHT="50"
                          WIDTH="145"
                          VPOS="2295"
                          HPOS="522"
                          CONTENT="Sortem"/>
                  <SP HEIGHT="50" WIDTH="15" VPOS="2295" HPOS="667"/>
                  <String HEIGHT="50"
                          WIDTH="160"
                          VPOS="2295"
                          HPOS="624"
                          CONTENT="capiam,"/>
                  <SP HEIGHT="50" WIDTH="15" VPOS="2295" HPOS="783"/>
                  <String HEIGHT="50"
                          WIDTH="102"
                          VPOS="2295"
                          HPOS="740"
                          CONTENT="non"/>
                  <SP HEIGHT="50" WIDTH="15" VPOS="2295" HPOS="841"/>
                  <String HEIGHT="50"
                          WIDTH="102"
                          VPOS="2295"
                          HPOS="798"
                          CONTENT="est"/>
                  <SP HEIGHT="50" WIDTH="15" VPOS="2295" HPOS="899"/>
                  <String HEIGHT="50"
                          WIDTH="145"
                          VPOS="2295"
                          HPOS="856"
                          CONTENT="vsura:"/>
                  <SP HEIGHT="50" WIDTH="15" VPOS="2295" HPOS="1001"/>
                  <String HEIGHT="50"
                          WIDTH="116"
                          VPOS="2295"
                          HPOS="957"
                          CONTENT="quia"/>
                  <SP HEIGHT="50" WIDTH="15" VPOS="2295" HPOS="1073"/>
                  <String HEIGHT="50"
                          WIDTH="102"
                          VPOS="2295"
                          HPOS="1030"
                          CONTENT="non"/>
                  <SP HEIGHT="50" WIDTH="15" VPOS="2295" HPOS="1131"/>
                  <String HEIGHT="50"
                          WIDTH="160"
                          VPOS="2295"
                          HPOS="1088"
                          CONTENT="capitur"/>
                  <SP HEIGHT="50" WIDTH="15" VPOS="2295" HPOS="1247"/>
                  <String HEIGHT="50" WIDTH="58" VPOS="2295" HPOS="1189" CONTENT="lu"/>
               </TextLine>
               <TextLine ID="r1l92"
                         BASELINE="2380"
                         HEIGHT="45"
                         WIDTH="772"
                         VPOS="2335"
                         HPOS="484">
                  <String HEIGHT="45"
                          WIDTH="139"
                          VPOS="2335"
                          HPOS="469"
                          CONTENT="crum."/>
                  <SP HEIGHT="45" WIDTH="15" VPOS="2335" HPOS="608"/>
                  <String HEIGHT="45" WIDTH="77" VPOS="2335" HPOS="561" CONTENT="&amp;"/>
                  <SP HEIGHT="45" WIDTH="15" VPOS="2335" HPOS="638"/>
                  <String HEIGHT="45"
                          WIDTH="201"
                          VPOS="2335"
                          HPOS="592"
                          CONTENT="propterea"/>
                  <SP HEIGHT="45" WIDTH="15" VPOS="2335" HPOS="793"/>
                  <String HEIGHT="45"
                          WIDTH="216"
                          VPOS="2335"
                          HPOS="746"
                          CONTENT="consequens"/>
                  <SP HEIGHT="45" WIDTH="15" VPOS="2335" HPOS="963"/>
                  <String HEIGHT="45"
                          WIDTH="124"
                          VPOS="2335"
                          HPOS="916"
                          CONTENT="est:"/>
                  <SP HEIGHT="45" WIDTH="15" VPOS="2335" HPOS="1040"/>
                  <String HEIGHT="45" WIDTH="93" VPOS="2335" HPOS="994" CONTENT="si"/>
                  <SP HEIGHT="45" WIDTH="15" VPOS="2335" HPOS="1086"/>
                  <String HEIGHT="45"
                          WIDTH="124"
                          VPOS="2335"
                          HPOS="1040"
                          CONTENT="dedi"/>
                  <SP HEIGHT="45" WIDTH="15" VPOS="2335" HPOS="1163"/>
                  <String HEIGHT="45"
                          WIDTH="139"
                          VPOS="2335"
                          HPOS="1117"
                          CONTENT="Sorti"/>
                  <SP HEIGHT="45" WIDTH="15" VPOS="2335" HPOS="1256"/>
                  <String HEIGHT="45" WIDTH="62" VPOS="2335" HPOS="1194" CONTENT="mu"/>
               </TextLine>
               <TextLine ID="r1l94"
                         BASELINE="2430"
                         HEIGHT="51"
                         WIDTH="757"
                         VPOS="2379"
                         HPOS="492">
                  <String HEIGHT="51"
                          WIDTH="121"
                          VPOS="2379"
                          HPOS="477"
                          CONTENT="tuo."/>
                  <SP HEIGHT="51" WIDTH="15" VPOS="2379" HPOS="598"/>
                  <String HEIGHT="51"
                          WIDTH="106"
                          VPOS="2379"
                          HPOS="553"
                          CONTENT="xx."/>
                  <SP HEIGHT="51" WIDTH="15" VPOS="2379" HPOS="659"/>
                  <String HEIGHT="51" WIDTH="76" VPOS="2379" HPOS="613" CONTENT="&amp;"/>
                  <SP HEIGHT="51" WIDTH="15" VPOS="2379" HPOS="689"/>
                  <String HEIGHT="51"
                          WIDTH="106"
                          VPOS="2379"
                          HPOS="643"
                          CONTENT="non"/>
                  <SP HEIGHT="51" WIDTH="15" VPOS="2379" HPOS="749"/>
                  <String HEIGHT="51"
                          WIDTH="151"
                          VPOS="2379"
                          HPOS="704"
                          CONTENT="habeam"/>
                  <SP HEIGHT="51" WIDTH="15" VPOS="2379" HPOS="855"/>
                  <String HEIGHT="51"
                          WIDTH="227"
                          VPOS="2379"
                          HPOS="810"
                          CONTENT="securitatem"/>
                  <SP HEIGHT="51" WIDTH="15" VPOS="2379" HPOS="1037"/>
                  <String HEIGHT="51"
                          WIDTH="106"
                          VPOS="2379"
                          HPOS="992"
                          CONTENT="vel"/>
                  <SP HEIGHT="51" WIDTH="15" VPOS="2379" HPOS="1098"/>
                  <String HEIGHT="51"
                          WIDTH="212"
                          VPOS="2379"
                          HPOS="1037"
                          CONTENT="testimonium:"/>
               </TextLine>
               <TextLine ID="r1l96"
                         BASELINE="2480"
                         HEIGHT="56"
                         WIDTH="765"
                         VPOS="2424"
                         HPOS="490">
                  <String HEIGHT="56" WIDTH="92" VPOS="2424" HPOS="475" CONTENT="me"/>
                  <SP HEIGHT="56" WIDTH="15" VPOS="2424" HPOS="567"/>
                  <String HEIGHT="56"
                          WIDTH="138"
                          VPOS="2424"
                          HPOS="521"
                          CONTENT="posse"/>
                  <SP HEIGHT="56" WIDTH="15" VPOS="2424" HPOS="658"/>
                  <String HEIGHT="56"
                          WIDTH="122"
                          VPOS="2424"
                          HPOS="612"
                          CONTENT="dare"/>
                  <SP HEIGHT="56" WIDTH="15" VPOS="2424" HPOS="735"/>
                  <String HEIGHT="56"
                          WIDTH="107"
                          VPOS="2424"
                          HPOS="689"
                          CONTENT="ei."/>
                  <SP HEIGHT="56" WIDTH="15" VPOS="2424" HPOS="796"/>
                  <String HEIGHT="56"
                          WIDTH="107"
                          VPOS="2424"
                          HPOS="750"
                          CONTENT="xx."/>
                  <SP HEIGHT="56" WIDTH="15" VPOS="2424" HPOS="857"/>
                  <String HEIGHT="56"
                          WIDTH="138"
                          VPOS="2424"
                          HPOS="811"
                          CONTENT="mutuo"/>
                  <SP HEIGHT="56" WIDTH="15" VPOS="2424" HPOS="949"/>
                  <String HEIGHT="56" WIDTH="92" VPOS="2424" HPOS="903" CONTENT="vt"/>
                  <SP HEIGHT="56" WIDTH="15" VPOS="2424" HPOS="995"/>
                  <String HEIGHT="56"
                          WIDTH="107"
                          VPOS="2424"
                          HPOS="949"
                          CONTENT="det"/>
                  <SP HEIGHT="56" WIDTH="15" VPOS="2424" HPOS="1056"/>
                  <String HEIGHT="56"
                          WIDTH="138"
                          VPOS="2424"
                          HPOS="1010"
                          CONTENT="mihi."/>
                  <SP HEIGHT="56" WIDTH="15" VPOS="2424" HPOS="1148"/>
                  <String HEIGHT="56"
                          WIDTH="107"
                          VPOS="2424"
                          HPOS="1102"
                          CONTENT="xl."/>
                  <SP HEIGHT="56" WIDTH="15" VPOS="2424" HPOS="1209"/>
                  <String HEIGHT="56" WIDTH="77" VPOS="2424" HPOS="1163" CONTENT="&amp;"/>
                  <SP HEIGHT="56" WIDTH="15" VPOS="2424" HPOS="1240"/>
                  <String HEIGHT="56"
                          WIDTH="77"
                          VPOS="2424"
                          HPOS="1179"
                          CONTENT="se"
                          SUBS_TYPE="HypPart1"
                          SUBS_CONTENT="securitatem:"/>
                  <HYP CONTENT="-"/>
               </TextLine>
               <TextLine ID="r1l98"
                         BASELINE="2516"
                         HEIGHT="49"
                         WIDTH="763"
                         VPOS="2467"
                         HPOS="486">
                  <String HEIGHT="49"
                          WIDTH="205"
                          VPOS="2467"
                          HPOS="471"
                          CONTENT="curitatem:"
                          SUBS_TYPE="HypPart2"
                          SUBS_CONTENT="securitatem:"/>
                  <SP HEIGHT="49" WIDTH="15" VPOS="2467" HPOS="677"/>
                  <String HEIGHT="49"
                          WIDTH="103"
                          VPOS="2467"
                          HPOS="633"
                          CONTENT="hoc"/>
                  <SP HEIGHT="49" WIDTH="15" VPOS="2467" HPOS="735"/>
                  <String HEIGHT="49"
                          WIDTH="117"
                          VPOS="2467"
                          HPOS="691"
                          CONTENT="est:"/>
                  <SP HEIGHT="49" WIDTH="15" VPOS="2467" HPOS="809"/>
                  <String HEIGHT="49"
                          WIDTH="103"
                          VPOS="2467"
                          HPOS="765"
                          CONTENT="det"/>
                  <SP HEIGHT="49" WIDTH="15" VPOS="2467" HPOS="868"/>
                  <String HEIGHT="49"
                          WIDTH="132"
                          VPOS="2467"
                          HPOS="823"
                          CONTENT="mihi."/>
                  <SP HEIGHT="49" WIDTH="15" VPOS="2467" HPOS="956"/>
                  <String HEIGHT="49"
                          WIDTH="103"
                          VPOS="2467"
                          HPOS="912"
                          CONTENT="xx."/>
                  <SP HEIGHT="49" WIDTH="15" VPOS="2467" HPOS="1014"/>
                  <String HEIGHT="49" WIDTH="73" VPOS="2467" HPOS="970" CONTENT="&amp;"/>
                  <SP HEIGHT="49" WIDTH="15" VPOS="2467" HPOS="1044"/>
                  <String HEIGHT="49"
                          WIDTH="103"
                          VPOS="2467"
                          HPOS="1000"
                          CONTENT="det"/>
                  <SP HEIGHT="49" WIDTH="15" VPOS="2467" HPOS="1102"/>
                  <String HEIGHT="49"
                          WIDTH="205"
                          VPOS="2467"
                          HPOS="1044"
                          CONTENT="acceptilatio"/>
               </TextLine>
               <TextLine ID="r1l100"
                         BASELINE="2569"
                         HEIGHT="57"
                         WIDTH="761"
                         VPOS="2512"
                         HPOS="489">
                  <String HEIGHT="57" WIDTH="99" VPOS="2512" HPOS="475" CONTENT="nem"/>
                  <SP HEIGHT="57" WIDTH="14" VPOS="2512" HPOS="574"/>
                  <String HEIGHT="57" WIDTH="99" VPOS="2512" HPOS="531" CONTENT="vel"/>
                  <SP HEIGHT="57" WIDTH="14" VPOS="2512" HPOS="630"/>
                  <String HEIGHT="57"
                          WIDTH="211"
                          VPOS="2512"
                          HPOS="588"
                          CONTENT="securitatem"/>
                  <SP HEIGHT="57" WIDTH="14" VPOS="2512" HPOS="799"/>
                  <String HEIGHT="57"
                          WIDTH="127"
                          VPOS="2512"
                          HPOS="757"
                          CONTENT="aliam"/>
                  <SP HEIGHT="57" WIDTH="14" VPOS="2512" HPOS="884"/>
                  <String HEIGHT="57"
                          WIDTH="169"
                          VPOS="2512"
                          HPOS="841"
                          CONTENT="soluendi"/>
                  <SP HEIGHT="57" WIDTH="14" VPOS="2512" HPOS="1010"/>
                  <String HEIGHT="57"
                          WIDTH="127"
                          VPOS="2512"
                          HPOS="968"
                          CONTENT="alia."/>
                  <SP HEIGHT="57" WIDTH="14" VPOS="2512" HPOS="1095"/>
                  <String HEIGHT="57"
                          WIDTH="99"
                          VPOS="2512"
                          HPOS="1053"
                          CONTENT="xx."/>
                  <SP HEIGHT="57" WIDTH="14" VPOS="2512" HPOS="1151"/>
                  <String HEIGHT="57"
                          WIDTH="99"
                          VPOS="2512"
                          HPOS="1109"
                          CONTENT="Sed"/>
                  <SP HEIGHT="57" WIDTH="14" VPOS="2512" HPOS="1208"/>
                  <String HEIGHT="57" WIDTH="85" VPOS="2512" HPOS="1165" CONTENT="de"/>
                  <SP HEIGHT="57" WIDTH="14" VPOS="2512" HPOS="1250"/>
                  <String HEIGHT="57" WIDTH="56" VPOS="2512" HPOS="1194" CONTENT="de"/>
               </TextLine>
               <TextLine ID="r1l103"
                         BASELINE="2612"
                         HEIGHT="59"
                         WIDTH="767"
                         VPOS="2553"
                         HPOS="490">
                  <String HEIGHT="59"
                          WIDTH="112"
                          VPOS="2553"
                          HPOS="476"
                          CONTENT="bito"/>
                  <SP HEIGHT="59" WIDTH="14" VPOS="2553" HPOS="588"/>
                  <String HEIGHT="59"
                          WIDTH="223"
                          VPOS="2553"
                          HPOS="546"
                          CONTENT="congruitatis"/>
                  <SP HEIGHT="59" WIDTH="14" VPOS="2553" HPOS="769"/>
                  <String HEIGHT="59" WIDTH="98" VPOS="2553" HPOS="727" CONTENT="hoc"/>
                  <SP HEIGHT="59" WIDTH="14" VPOS="2553" HPOS="825"/>
                  <String HEIGHT="59" WIDTH="98" VPOS="2553" HPOS="783" CONTENT="est"/>
                  <SP HEIGHT="59" WIDTH="14" VPOS="2553" HPOS="880"/>
                  <String HEIGHT="59" WIDTH="84" VPOS="2553" HPOS="839" CONTENT="de"/>
                  <SP HEIGHT="59" WIDTH="14" VPOS="2553" HPOS="922"/>
                  <String HEIGHT="59"
                          WIDTH="112"
                          VPOS="2553"
                          HPOS="880"
                          CONTENT="illo"/>
                  <SP HEIGHT="59" WIDTH="14" VPOS="2553" HPOS="992"/>
                  <String HEIGHT="59"
                          WIDTH="112"
                          VPOS="2553"
                          HPOS="950"
                          CONTENT="quod"/>
                  <SP HEIGHT="59" WIDTH="14" VPOS="2553" HPOS="1062"/>
                  <String HEIGHT="59"
                          WIDTH="98"
                          VPOS="2553"
                          HPOS="1020"
                          CONTENT="est"/>
                  <SP HEIGHT="59" WIDTH="14" VPOS="2553" HPOS="1118"/>
                  <String HEIGHT="59"
                          WIDTH="153"
                          VPOS="2553"
                          HPOS="1076"
                          CONTENT="licitum"/>
                  <SP HEIGHT="59" WIDTH="14" VPOS="2553" HPOS="1229"/>
                  <String HEIGHT="59"
                          WIDTH="84"
                          VPOS="2553"
                          HPOS="1173"
                          CONTENT="cape"/>
               </TextLine>
               <TextLine ID="r1l106"
                         BASELINE="2648"
                         HEIGHT="47"
                         WIDTH="757"
                         VPOS="2601"
                         HPOS="496">
                  <String HEIGHT="47" WIDTH="91" VPOS="2601" HPOS="481" CONTENT="re"/>
                  <SP HEIGHT="47" WIDTH="15" VPOS="2601" HPOS="572"/>
                  <String HEIGHT="47"
                          WIDTH="121"
                          VPOS="2601"
                          HPOS="526"
                          CONTENT="sine"/>
                  <SP HEIGHT="47" WIDTH="15" VPOS="2601" HPOS="647"/>
                  <String HEIGHT="47"
                          WIDTH="151"
                          VPOS="2601"
                          HPOS="602"
                          CONTENT="mutuo:"/>
                  <SP HEIGHT="47" WIDTH="15" VPOS="2601" HPOS="753"/>
                  <String HEIGHT="47"
                          WIDTH="106"
                          VPOS="2601"
                          HPOS="708"
                          CONTENT="non"/>
                  <SP HEIGHT="47" WIDTH="15" VPOS="2601" HPOS="814"/>
                  <String HEIGHT="47"
                          WIDTH="106"
                          VPOS="2601"
                          HPOS="769"
                          CONTENT="est"/>
                  <SP HEIGHT="47" WIDTH="15" VPOS="2601" HPOS="875"/>
                  <String HEIGHT="47"
                          WIDTH="106"
                          VPOS="2601"
                          HPOS="829"
                          CONTENT="ita"/>
                  <SP HEIGHT="47" WIDTH="15" VPOS="2601" HPOS="935"/>
                  <String HEIGHT="47"
                          WIDTH="151"
                          VPOS="2601"
                          HPOS="890"
                          CONTENT="certum"/>
                  <SP HEIGHT="47" WIDTH="15" VPOS="2601" HPOS="1041"/>
                  <String HEIGHT="47" WIDTH="91" VPOS="2601" HPOS="996" CONTENT="me"/>
                  <SP HEIGHT="47" WIDTH="15" VPOS="2601" HPOS="1086"/>
                  <String HEIGHT="47"
                          WIDTH="136"
                          VPOS="2601"
                          HPOS="1041"
                          CONTENT="posse"/>
                  <SP HEIGHT="47" WIDTH="15" VPOS="2601" HPOS="1177"/>
                  <String HEIGHT="47"
                          WIDTH="106"
                          VPOS="2601"
                          HPOS="1132"
                          CONTENT="cum"/>
                  <SP HEIGHT="47" WIDTH="15" VPOS="2601" HPOS="1238"/>
                  <String HEIGHT="47"
                          WIDTH="76"
                          VPOS="2601"
                          HPOS="1177"
                          CONTENT="il"
                          SUBS_TYPE="HypPart1"
                          SUBS_CONTENT="illo"/>
                  <HYP CONTENT="-"/>
               </TextLine>
               <TextLine ID="r1l109"
                         BASELINE="2699"
                         HEIGHT="63"
                         WIDTH="765"
                         VPOS="2636"
                         HPOS="489">
                  <String HEIGHT="63"
                          WIDTH="96"
                          VPOS="2636"
                          HPOS="473"
                          CONTENT="lo"
                          SUBS_TYPE="HypPart2"
                          SUBS_CONTENT="illo"/>
                  <SP HEIGHT="63" WIDTH="16" VPOS="2636" HPOS="569"/>
                  <String HEIGHT="63"
                          WIDTH="191"
                          VPOS="2636"
                          HPOS="521"
                          CONTENT="pacisci:"/>
                  <SP HEIGHT="63" WIDTH="16" VPOS="2636" HPOS="712"/>
                  <String HEIGHT="63" WIDTH="96" VPOS="2636" HPOS="664" CONTENT="vt"/>
                  <SP HEIGHT="63" WIDTH="16" VPOS="2636" HPOS="760"/>
                  <String HEIGHT="63"
                          WIDTH="159"
                          VPOS="2636"
                          HPOS="712"
                          CONTENT="quando"/>
                  <SP HEIGHT="63" WIDTH="16" VPOS="2636" HPOS="872"/>
                  <String HEIGHT="63" WIDTH="96" VPOS="2636" HPOS="824" CONTENT="do"/>
                  <SP HEIGHT="63" WIDTH="16" VPOS="2636" HPOS="919"/>
                  <String HEIGHT="63"
                          WIDTH="159"
                          VPOS="2636"
                          HPOS="872"
                          CONTENT="colono"/>
                  <SP HEIGHT="63" WIDTH="16" VPOS="2636" HPOS="1031"/>
                  <String HEIGHT="63"
                          WIDTH="159"
                          VPOS="2636"
                          HPOS="983"
                          CONTENT="mutuo."/>
                  <SP HEIGHT="63" WIDTH="16" VPOS="2636" HPOS="1142"/>
                  <String HEIGHT="63"
                          WIDTH="112"
                          VPOS="2636"
                          HPOS="1095"
                          CONTENT="xl."/>
                  <SP HEIGHT="63" WIDTH="16" VPOS="2636" HPOS="1206"/>
                  <String HEIGHT="63" WIDTH="96" VPOS="2636" HPOS="1158" CONTENT="vt"/>
                  <SP HEIGHT="63" WIDTH="16" VPOS="2636" HPOS="1254"/>
                  <String HEIGHT="63" WIDTH="64" VPOS="2636" HPOS="1190" CONTENT="co"/>
               </TextLine>
               <TextLine ID="r1l111"
                         BASELINE="2742"
                         HEIGHT="60"
                         WIDTH="755"
                         VPOS="2682"
                         HPOS="493">
                  <String HEIGHT="60"
                          WIDTH="110"
                          VPOS="2682"
                          HPOS="477"
                          CONTENT="lat"/>
                  <SP HEIGHT="60" WIDTH="16" VPOS="2682" HPOS="587"/>
                  <String HEIGHT="60"
                          WIDTH="126"
                          VPOS="2682"
                          HPOS="540"
                          CONTENT="meos"/>
                  <SP HEIGHT="60" WIDTH="16" VPOS="2682" HPOS="666"/>
                  <String HEIGHT="60"
                          WIDTH="142"
                          VPOS="2682"
                          HPOS="619"
                          CONTENT="agros"/>
                  <SP HEIGHT="60" WIDTH="16" VPOS="2682" HPOS="760"/>
                  <String HEIGHT="60"
                          WIDTH="189"
                          VPOS="2682"
                          HPOS="713"
                          CONTENT="soluendo"/>
                  <SP HEIGHT="60" WIDTH="16" VPOS="2682" HPOS="902"/>
                  <String HEIGHT="60" WIDTH="94" VPOS="2682" HPOS="855" CONTENT="ei"/>
                  <SP HEIGHT="60" WIDTH="16" VPOS="2682" HPOS="949"/>
                  <String HEIGHT="60"
                          WIDTH="283"
                          VPOS="2682"
                          HPOS="902"
                          CONTENT="rationabiliter"/>
                  <SP HEIGHT="60" WIDTH="16" VPOS="2682" HPOS="1185"/>
                  <String HEIGHT="60"
                          WIDTH="126"
                          VPOS="2682"
                          HPOS="1122"
                          CONTENT="tantum"/>
               </TextLine>
               <TextLine ID="r1l113"
                         BASELINE="2791"
                         HEIGHT="59"
                         WIDTH="752"
                         VPOS="2732"
                         HPOS="498">
                  <String HEIGHT="59"
                          WIDTH="162"
                          VPOS="2732"
                          HPOS="483"
                          CONTENT="quantum"/>
                  <SP HEIGHT="59" WIDTH="15" VPOS="2732" HPOS="645"/>
                  <String HEIGHT="59"
                          WIDTH="147"
                          VPOS="2732"
                          HPOS="601"
                          CONTENT="potest"/>
                  <SP HEIGHT="59" WIDTH="15" VPOS="2732" HPOS="749"/>
                  <String HEIGHT="59" WIDTH="88" VPOS="2732" HPOS="704" CONTENT="ab"/>
                  <SP HEIGHT="59" WIDTH="15" VPOS="2732" HPOS="793"/>
                  <String HEIGHT="59"
                          WIDTH="133"
                          VPOS="2732"
                          HPOS="749"
                          CONTENT="aliis"/>
                  <SP HEIGHT="59" WIDTH="15" VPOS="2732" HPOS="881"/>
                  <String HEIGHT="59"
                          WIDTH="162"
                          VPOS="2732"
                          HPOS="837"
                          CONTENT="lucrari"/>
                  <SP HEIGHT="59" WIDTH="15" VPOS="2732" HPOS="999"/>
                  <String HEIGHT="59"
                          WIDTH="192"
                          VPOS="2732"
                          HPOS="955"
                          CONTENT="similiter"/>
                  <SP HEIGHT="59" WIDTH="15" VPOS="2732" HPOS="1147"/>
                  <String HEIGHT="59"
                          WIDTH="177"
                          VPOS="2732"
                          HPOS="1103"
                          CONTENT="colendo."/>
                  <SP HEIGHT="59" WIDTH="15" VPOS="2732" HPOS="1279"/>
                  <String HEIGHT="59" WIDTH="29" VPOS="2732" HPOS="1221" CONTENT=""/>
               </TextLine>
            </TextBlock>
            <TextBlock ID="TextRegion_1591282615415_210"
                       HEIGHT="2533"
                       WIDTH="819"
                       VPOS="252"
                       HPOS="1281">
               <Shape>
                  <Polygon POINTS="1281,252 2100,252 2100,2785 1281,2785"/>
               </Shape>
               <TextLine ID="r1l2"
                         BASELINE="385"
                         HEIGHT="61"
                         WIDTH="772"
                         VPOS="324"
                         HPOS="1324">
                  <String HEIGHT="61"
                          WIDTH="158"
                          VPOS="324"
                          HPOS="1308"
                          CONTENT="Simile"/>
                  <SP HEIGHT="61" WIDTH="16" VPOS="324" HPOS="1466"/>
                  <String HEIGHT="61"
                          WIDTH="126"
                          VPOS="324"
                          HPOS="1419"
                          CONTENT="erat"/>
                  <SP HEIGHT="61" WIDTH="16" VPOS="324" HPOS="1545"/>
                  <String HEIGHT="61" WIDTH="95" VPOS="324" HPOS="1497" CONTENT="de"/>
                  <SP HEIGHT="61" WIDTH="16" VPOS="324" HPOS="1592"/>
                  <String HEIGHT="61"
                          WIDTH="236"
                          VPOS="324"
                          HPOS="1545"
                          CONTENT="scholastico"/>
                  <SP HEIGHT="61" WIDTH="16" VPOS="324" HPOS="1781"/>
                  <String HEIGHT="61"
                          WIDTH="110"
                          VPOS="324"
                          HPOS="1734"
                          CONTENT="cui"/>
                  <SP HEIGHT="61" WIDTH="16" VPOS="324" HPOS="1844"/>
                  <String HEIGHT="61" WIDTH="95" VPOS="324" HPOS="1797" CONTENT="do"/>
                  <SP HEIGHT="61" WIDTH="16" VPOS="324" HPOS="1891"/>
                  <String HEIGHT="61"
                          WIDTH="158"
                          VPOS="324"
                          HPOS="1844"
                          CONTENT="mutuo,"/>
                  <SP HEIGHT="61" WIDTH="16" VPOS="324" HPOS="2001"/>
                  <String HEIGHT="61"
                          WIDTH="142"
                          VPOS="324"
                          HPOS="1954"
                          CONTENT="dando"/>
                  <SP HEIGHT="61" WIDTH="16" VPOS="324" HPOS="2096"/>
                  <String HEIGHT="61" WIDTH="63" VPOS="324" HPOS="2033" CONTENT="ei"/>
               </TextLine>
               <TextLine ID="r1l4"
                         BASELINE="434"
                         HEIGHT="52"
                         WIDTH="772"
                         VPOS="382"
                         HPOS="1315">
                  <String HEIGHT="52"
                          WIDTH="257"
                          VPOS="382"
                          HPOS="1300"
                          CONTENT="principaliter"/>
                  <SP HEIGHT="52" WIDTH="15" VPOS="382" HPOS="1557"/>
                  <String HEIGHT="52" WIDTH="91" VPOS="382" HPOS="1512" CONTENT="vt"/>
                  <SP HEIGHT="52" WIDTH="15" VPOS="382" HPOS="1603"/>
                  <String HEIGHT="52"
                          WIDTH="151"
                          VPOS="382"
                          HPOS="1557"
                          CONTENT="vicino"/>
                  <SP HEIGHT="52" WIDTH="15" VPOS="382" HPOS="1709"/>
                  <String HEIGHT="52" WIDTH="91" VPOS="382" HPOS="1663" CONTENT="in"/>
                  <SP HEIGHT="52" WIDTH="15" VPOS="382" HPOS="1754"/>
                  <String HEIGHT="52"
                          WIDTH="227"
                          VPOS="382"
                          HPOS="1709"
                          CONTENT="necessitate"/>
                  <SP HEIGHT="52" WIDTH="15" VPOS="382" HPOS="1936"/>
                  <String HEIGHT="52"
                          WIDTH="212"
                          VPOS="382"
                          HPOS="1890"
                          CONTENT="succurram:"/>
                  <SP HEIGHT="52" WIDTH="15" VPOS="382" HPOS="2102"/>
                  <String HEIGHT="52" WIDTH="45" VPOS="382" HPOS="2042" CONTENT="&amp;"/>
               </TextLine>
               <TextLine ID="r1l6"
                         BASELINE="476"
                         HEIGHT="52"
                         WIDTH="769"
                         VPOS="424"
                         HPOS="1315">
                  <String HEIGHT="52"
                          WIDTH="138"
                          VPOS="424"
                          HPOS="1300"
                          CONTENT="minus"/>
                  <SP HEIGHT="52" WIDTH="15" VPOS="424" HPOS="1438"/>
                  <String HEIGHT="52"
                          WIDTH="261"
                          VPOS="424"
                          HPOS="1392"
                          CONTENT="principaliter"/>
                  <SP HEIGHT="52" WIDTH="15" VPOS="424" HPOS="1653"/>
                  <String HEIGHT="52" WIDTH="92" VPOS="424" HPOS="1607" CONTENT="vt"/>
                  <SP HEIGHT="52" WIDTH="15" VPOS="424" HPOS="1700"/>
                  <String HEIGHT="52"
                          WIDTH="123"
                          VPOS="424"
                          HPOS="1653"
                          CONTENT="meam"/>
                  <SP HEIGHT="52" WIDTH="15" VPOS="424" HPOS="1776"/>
                  <String HEIGHT="52"
                          WIDTH="200"
                          VPOS="424"
                          HPOS="1730"
                          CONTENT="lectionem"/>
                  <SP HEIGHT="52" WIDTH="15" VPOS="424" HPOS="1930"/>
                  <String HEIGHT="52"
                          WIDTH="185"
                          VPOS="424"
                          HPOS="1884"
                          CONTENT="visitet:"/>
                  <SP HEIGHT="52" WIDTH="15" VPOS="424" HPOS="2069"/>
                  <String HEIGHT="52" WIDTH="77" VPOS="424" HPOS="2007" CONTENT="non"/>
               </TextLine>
               <TextLine ID="r1l8"
                         BASELINE="523"
                         HEIGHT="55"
                         WIDTH="755"
                         VPOS="468"
                         HPOS="1327">
                  <String HEIGHT="55"
                          WIDTH="131"
                          VPOS="468"
                          HPOS="1311"
                          CONTENT="amen"/>
                  <SP HEIGHT="55" WIDTH="16" VPOS="468" HPOS="1442"/>
                  <String HEIGHT="55"
                          WIDTH="181"
                          VPOS="468"
                          HPOS="1393"
                          CONTENT="daturus"/>
                  <SP HEIGHT="55" WIDTH="16" VPOS="468" HPOS="1573"/>
                  <String HEIGHT="55" WIDTH="98" VPOS="468" HPOS="1524" CONTENT="ei"/>
                  <SP HEIGHT="55" WIDTH="16" VPOS="468" HPOS="1622"/>
                  <String HEIGHT="55"
                          WIDTH="148"
                          VPOS="468"
                          HPOS="1573"
                          CONTENT="mutuo"/>
                  <SP HEIGHT="55" WIDTH="16" VPOS="468" HPOS="1721"/>
                  <String HEIGHT="55"
                          WIDTH="131"
                          VPOS="468"
                          HPOS="1672"
                          CONTENT="nisi"/>
                  <SP HEIGHT="55" WIDTH="16" VPOS="468" HPOS="1803"/>
                  <String HEIGHT="55"
                          WIDTH="213"
                          VPOS="468"
                          HPOS="1754"
                          CONTENT="lectionem"/>
                  <SP HEIGHT="55" WIDTH="16" VPOS="468" HPOS="1967"/>
                  <String HEIGHT="55"
                          WIDTH="131"
                          VPOS="468"
                          HPOS="1918"
                          CONTENT="meam"/>
                  <SP HEIGHT="55" WIDTH="16" VPOS="468" HPOS="2049"/>
                  <String HEIGHT="55"
                          WIDTH="98"
                          VPOS="468"
                          HPOS="1984"
                          CONTENT="visi"/>
               </TextLine>
               <TextLine ID="r1l10"
                         BASELINE="571"
                         HEIGHT="60"
                         WIDTH="784"
                         VPOS="511"
                         HPOS="1308">
                  <String HEIGHT="60"
                          WIDTH="121"
                          VPOS="511"
                          HPOS="1293"
                          CONTENT="tet:"/>
                  <SP HEIGHT="60" WIDTH="15" VPOS="511" HPOS="1414"/>
                  <String HEIGHT="60"
                          WIDTH="121"
                          VPOS="511"
                          HPOS="1368"
                          CONTENT="quia"/>
                  <SP HEIGHT="60" WIDTH="15" VPOS="511" HPOS="1489"/>
                  <String HEIGHT="60"
                          WIDTH="106"
                          VPOS="511"
                          HPOS="1444"
                          CONTENT="est"/>
                  <SP HEIGHT="60" WIDTH="15" VPOS="511" HPOS="1549"/>
                  <String HEIGHT="60"
                          WIDTH="121"
                          VPOS="511"
                          HPOS="1504"
                          CONTENT="mihi"/>
                  <SP HEIGHT="60" WIDTH="15" VPOS="511" HPOS="1625"/>
                  <String HEIGHT="60"
                          WIDTH="166"
                          VPOS="511"
                          HPOS="1579"
                          CONTENT="honori:"/>
                  <SP HEIGHT="60" WIDTH="15" VPOS="511" HPOS="1745"/>
                  <String HEIGHT="60"
                          WIDTH="181"
                          VPOS="511"
                          HPOS="1700"
                          CONTENT="fortasse"/>
                  <SP HEIGHT="60" WIDTH="15" VPOS="511" HPOS="1881"/>
                  <String HEIGHT="60"
                          WIDTH="211"
                          VPOS="511"
                          HPOS="1836"
                          CONTENT="alliciendo"/>
                  <SP HEIGHT="60" WIDTH="15" VPOS="511" HPOS="2047"/>
                  <String HEIGHT="60"
                          WIDTH="106"
                          VPOS="511"
                          HPOS="1986"
                          CONTENT="notos"/>
               </TextLine>
               <TextLine ID="r1l12"
                         BASELINE="614"
                         HEIGHT="63"
                         WIDTH="767"
                         VPOS="551"
                         HPOS="1323">
                  <String HEIGHT="63"
                          WIDTH="120"
                          VPOS="551"
                          HPOS="1308"
                          CONTENT="sibi"/>
                  <SP HEIGHT="63" WIDTH="15" VPOS="551" HPOS="1428"/>
                  <String HEIGHT="63" WIDTH="90" VPOS="551" HPOS="1383" CONTENT="ad"/>
                  <SP HEIGHT="63" WIDTH="15" VPOS="551" HPOS="1473"/>
                  <String HEIGHT="63"
                          WIDTH="135"
                          VPOS="551"
                          HPOS="1428"
                          CONTENT="maeam"/>
                  <SP HEIGHT="63" WIDTH="15" VPOS="551" HPOS="1564"/>
                  <String HEIGHT="63"
                          WIDTH="180"
                          VPOS="551"
                          HPOS="1519"
                          CONTENT="regulam:"/>
                  <SP HEIGHT="63" WIDTH="15" VPOS="551" HPOS="1699"/>
                  <String HEIGHT="63" WIDTH="90" VPOS="551" HPOS="1654" CONTENT="ex"/>
                  <SP HEIGHT="63" WIDTH="15" VPOS="551" HPOS="1744"/>
                  <String HEIGHT="63"
                          WIDTH="150"
                          VPOS="551"
                          HPOS="1699"
                          CONTENT="quibus"/>
                  <SP HEIGHT="63" WIDTH="15" VPOS="551" HPOS="1849"/>
                  <String HEIGHT="63"
                          WIDTH="150"
                          VPOS="551"
                          HPOS="1804"
                          CONTENT="lucrum"/>
                  <SP HEIGHT="63" WIDTH="15" VPOS="551" HPOS="1955"/>
                  <String HEIGHT="63" WIDTH="90" VPOS="551" HPOS="1910" CONTENT="in"/>
                  <SP HEIGHT="63" WIDTH="15" VPOS="551" HPOS="2000"/>
                  <String HEIGHT="63"
                          WIDTH="120"
                          VPOS="551"
                          HPOS="1955"
                          CONTENT="fine"/>
                  <SP HEIGHT="63" WIDTH="15" VPOS="551" HPOS="2075"/>
                  <String HEIGHT="63"
                          WIDTH="75"
                          VPOS="551"
                          HPOS="2015"
                          CONTENT="ca"
                          SUBS_TYPE="HypPart1"
                          SUBS_CONTENT="caio:"/>
                  <HYP CONTENT="-"/>
               </TextLine>
               <TextLine ID="r1l14"
                         BASELINE="653"
                         HEIGHT="50"
                         WIDTH="751"
                         VPOS="603"
                         HPOS="1333">
                  <String HEIGHT="50"
                          WIDTH="107"
                          VPOS="603"
                          HPOS="1318"
                          CONTENT="io:"
                          SUBS_TYPE="HypPart2"
                          SUBS_CONTENT="caio:"/>
                  <SP HEIGHT="50" WIDTH="15" VPOS="603" HPOS="1425"/>
                  <String HEIGHT="50"
                          WIDTH="107"
                          VPOS="603"
                          HPOS="1379"
                          CONTENT="sed"/>
                  <SP HEIGHT="50" WIDTH="15" VPOS="603" HPOS="1486"/>
                  <String HEIGHT="50"
                          WIDTH="107"
                          VPOS="603"
                          HPOS="1440"
                          CONTENT="hoc"/>
                  <SP HEIGHT="50" WIDTH="15" VPOS="603" HPOS="1548"/>
                  <String HEIGHT="50"
                          WIDTH="107"
                          VPOS="603"
                          HPOS="1502"
                          CONTENT="est"/>
                  <SP HEIGHT="50" WIDTH="15" VPOS="603" HPOS="1609"/>
                  <String HEIGHT="50"
                          WIDTH="169"
                          VPOS="603"
                          HPOS="1563"
                          CONTENT="ratione"/>
                  <SP HEIGHT="50" WIDTH="15" VPOS="603" HPOS="1731"/>
                  <String HEIGHT="50"
                          WIDTH="169"
                          VPOS="603"
                          HPOS="1686"
                          CONTENT="laborum"/>
                  <SP HEIGHT="50" WIDTH="15" VPOS="603" HPOS="1854"/>
                  <String HEIGHT="50"
                          WIDTH="123"
                          VPOS="603"
                          HPOS="1808"
                          CONTENT="quos"/>
                  <SP HEIGHT="50" WIDTH="15" VPOS="603" HPOS="1931"/>
                  <String HEIGHT="50"
                          WIDTH="138"
                          VPOS="603"
                          HPOS="1885"
                          CONTENT="circa"/>
                  <SP HEIGHT="50" WIDTH="15" VPOS="603" HPOS="2023"/>
                  <String HEIGHT="50"
                          WIDTH="107"
                          VPOS="603"
                          HPOS="1977"
                          CONTENT="eum"/>
                  <SP HEIGHT="50" WIDTH="15" VPOS="603" HPOS="2084"/>
                  <String HEIGHT="50" WIDTH="61" VPOS="603" HPOS="2023" CONTENT="ap"/>
               </TextLine>
               <TextLine ID="r1l16"
                         BASELINE="699"
                         HEIGHT="57"
                         WIDTH="757"
                         VPOS="642"
                         HPOS="1333">
                  <String HEIGHT="57"
                          WIDTH="108"
                          VPOS="642"
                          HPOS="1319"
                          CONTENT="lico"/>
                  <SP HEIGHT="57" WIDTH="14" VPOS="642" HPOS="1428"/>
                  <String HEIGHT="57" WIDTH="95" VPOS="642" HPOS="1387" CONTENT="tam"/>
                  <SP HEIGHT="57" WIDTH="14" VPOS="642" HPOS="1482"/>
                  <String HEIGHT="57"
                          WIDTH="162"
                          VPOS="642"
                          HPOS="1441"
                          CONTENT="vtiliter"/>
                  <SP HEIGHT="57" WIDTH="14" VPOS="642" HPOS="1603"/>
                  <String HEIGHT="57"
                          WIDTH="108"
                          VPOS="642"
                          HPOS="1563"
                          CONTENT="quam"/>
                  <SP HEIGHT="57" WIDTH="14" VPOS="642" HPOS="1671"/>
                  <String HEIGHT="57"
                          WIDTH="122"
                          VPOS="642"
                          HPOS="1630"
                          CONTENT="alter"/>
                  <SP HEIGHT="57" WIDTH="14" VPOS="642" HPOS="1752"/>
                  <String HEIGHT="57"
                          WIDTH="203"
                          VPOS="642"
                          HPOS="1712"
                          CONTENT="applicaret."/>
                  <SP HEIGHT="57" WIDTH="14" VPOS="642" HPOS="1914"/>
                  <String HEIGHT="57" WIDTH="68" VPOS="642" HPOS="1874" CONTENT="&amp;"/>
                  <SP HEIGHT="57" WIDTH="14" VPOS="642" HPOS="1941"/>
                  <String HEIGHT="57" WIDTH="81" VPOS="642" HPOS="1901" CONTENT="si"/>
                  <SP HEIGHT="57" WIDTH="14" VPOS="642" HPOS="1982"/>
                  <String HEIGHT="57"
                          WIDTH="122"
                          VPOS="642"
                          HPOS="1941"
                          CONTENT="vsura"/>
                  <SP HEIGHT="57" WIDTH="14" VPOS="642" HPOS="2063"/>
                  <String HEIGHT="57"
                          WIDTH="81"
                          VPOS="642"
                          HPOS="2009"
                          CONTENT="sit:"/>
               </TextLine>
               <TextLine ID="r1l18"
                         BASELINE="740"
                         HEIGHT="43"
                         WIDTH="768"
                         VPOS="697"
                         HPOS="1320">
                  <String HEIGHT="43"
                          WIDTH="103"
                          VPOS="697"
                          HPOS="1305"
                          CONTENT="non"/>
                  <SP HEIGHT="43" WIDTH="15" VPOS="697" HPOS="1409"/>
                  <String HEIGHT="43"
                          WIDTH="148"
                          VPOS="697"
                          HPOS="1364"
                          CONTENT="teneor"/>
                  <SP HEIGHT="43" WIDTH="15" VPOS="697" HPOS="1512"/>
                  <String HEIGHT="43" WIDTH="89" VPOS="697" HPOS="1468" CONTENT="ei"/>
                  <SP HEIGHT="43" WIDTH="15" VPOS="697" HPOS="1556"/>
                  <String HEIGHT="43"
                          WIDTH="207"
                          VPOS="697"
                          HPOS="1512"
                          CONTENT="restituere"/>
                  <SP HEIGHT="43" WIDTH="15" VPOS="697" HPOS="1719"/>
                  <String HEIGHT="43"
                          WIDTH="192"
                          VPOS="697"
                          HPOS="1674"
                          CONTENT="quicquam:"/>
                  <SP HEIGHT="43" WIDTH="15" VPOS="697" HPOS="1866"/>
                  <String HEIGHT="43"
                          WIDTH="118"
                          VPOS="697"
                          HPOS="1822"
                          CONTENT="quia"/>
                  <SP HEIGHT="43" WIDTH="15" VPOS="697" HPOS="1940"/>
                  <String HEIGHT="43"
                          WIDTH="133"
                          VPOS="697"
                          HPOS="1896"
                          CONTENT="capio"/>
                  <SP HEIGHT="43" WIDTH="15" VPOS="697" HPOS="2029"/>
                  <String HEIGHT="43"
                          WIDTH="118"
                          VPOS="697"
                          HPOS="1970"
                          CONTENT="sortem"/>
               </TextLine>
               <TextLine ID="r1l20"
                         BASELINE="785"
                         HEIGHT="57"
                         WIDTH="758"
                         VPOS="728"
                         HPOS="1323">
                  <String HEIGHT="57"
                          WIDTH="106"
                          VPOS="728"
                          HPOS="1308"
                          CONTENT="pro"/>
                  <SP HEIGHT="57" WIDTH="15" VPOS="728" HPOS="1414"/>
                  <String HEIGHT="57"
                          WIDTH="136"
                          VPOS="728"
                          HPOS="1368"
                          CONTENT="sorte"/>
                  <SP HEIGHT="57" WIDTH="15" VPOS="728" HPOS="1505"/>
                  <String HEIGHT="57"
                          WIDTH="136"
                          VPOS="728"
                          HPOS="1459"
                          CONTENT="mutuo"/>
                  <SP HEIGHT="57" WIDTH="15" VPOS="728" HPOS="1596"/>
                  <String HEIGHT="57"
                          WIDTH="136"
                          VPOS="728"
                          HPOS="1550"
                          CONTENT="data:"/>
                  <SP HEIGHT="57" WIDTH="15" VPOS="728" HPOS="1687"/>
                  <String HEIGHT="57" WIDTH="91" VPOS="728" HPOS="1641" CONTENT="vt"/>
                  <SP HEIGHT="57" WIDTH="15" VPOS="728" HPOS="1732"/>
                  <String HEIGHT="57"
                          WIDTH="136"
                          VPOS="728"
                          HPOS="1687"
                          CONTENT="capio"/>
                  <SP HEIGHT="57" WIDTH="15" VPOS="728" HPOS="1823"/>
                  <String HEIGHT="57"
                          WIDTH="136"
                          VPOS="728"
                          HPOS="1778"
                          CONTENT="nouem"/>
                  <SP HEIGHT="57" WIDTH="15" VPOS="728" HPOS="1914"/>
                  <String HEIGHT="57"
                          WIDTH="136"
                          VPOS="728"
                          HPOS="1869"
                          CONTENT="scuta"/>
                  <SP HEIGHT="57" WIDTH="15" VPOS="728" HPOS="2005"/>
                  <String HEIGHT="57"
                          WIDTH="136"
                          VPOS="728"
                          HPOS="1945"
                          CONTENT="ratione"/>
               </TextLine>
               <TextLine ID="r1l22"
                         BASELINE="822"
                         HEIGHT="43"
                         WIDTH="763"
                         VPOS="779"
                         HPOS="1321">
                  <String HEIGHT="43"
                          WIDTH="159"
                          VPOS="779"
                          HPOS="1305"
                          CONTENT="totius"/>
                  <SP HEIGHT="43" WIDTH="16" VPOS="779" HPOS="1464"/>
                  <String HEIGHT="43"
                          WIDTH="175"
                          VPOS="779"
                          HPOS="1416"
                          CONTENT="cursus:"/>
                  <SP HEIGHT="43" WIDTH="16" VPOS="779" HPOS="1591"/>
                  <String HEIGHT="43"
                          WIDTH="238"
                          VPOS="779"
                          HPOS="1544"
                          CONTENT="quemadmodum"/>
                  <SP HEIGHT="43" WIDTH="16" VPOS="779" HPOS="1782"/>
                  <String HEIGHT="43" WIDTH="95" VPOS="779" HPOS="1734" CONTENT="ab"/>
                  <SP HEIGHT="43" WIDTH="16" VPOS="779" HPOS="1830"/>
                  <String HEIGHT="43"
                          WIDTH="127"
                          VPOS="779"
                          HPOS="1782"
                          CONTENT="alio"/>
                  <SP HEIGHT="43" WIDTH="16" VPOS="779" HPOS="1909"/>
                  <String HEIGHT="43"
                          WIDTH="223"
                          VPOS="779"
                          HPOS="1861"
                          CONTENT="commensali"/>
                  <SP HEIGHT="43" WIDTH="16" VPOS="779" HPOS="2084"/>
                  <String HEIGHT="43" WIDTH="64" VPOS="779" HPOS="2020" CONTENT="ma"/>
               </TextLine>
               <TextLine ID="r1l24"
                         BASELINE="880"
                         HEIGHT="60"
                         WIDTH="778"
                         VPOS="820"
                         HPOS="1318">
                  <String HEIGHT="60"
                          WIDTH="107"
                          VPOS="820"
                          HPOS="1303"
                          CONTENT="gno"/>
                  <SP HEIGHT="60" WIDTH="15" VPOS="820" HPOS="1410"/>
                  <String HEIGHT="60"
                          WIDTH="183"
                          VPOS="820"
                          HPOS="1364"
                          CONTENT="caperem."/>
                  <SP HEIGHT="60" WIDTH="15" VPOS="820" HPOS="1547"/>
                  <String HEIGHT="60"
                          WIDTH="107"
                          VPOS="820"
                          HPOS="1501"
                          CONTENT="Sed"/>
                  <SP HEIGHT="60" WIDTH="15" VPOS="820" HPOS="1608"/>
                  <String HEIGHT="60"
                          WIDTH="168"
                          VPOS="820"
                          HPOS="1562"
                          CONTENT="tanquam"/>
                  <SP HEIGHT="60" WIDTH="15" VPOS="820" HPOS="1730"/>
                  <String HEIGHT="60"
                          WIDTH="229"
                          VPOS="820"
                          HPOS="1684"
                          CONTENT="probabilius"/>
                  <SP HEIGHT="60" WIDTH="15" VPOS="820" HPOS="1913"/>
                  <String HEIGHT="60"
                          WIDTH="137"
                          VPOS="820"
                          HPOS="1867"
                          CONTENT="teneo"/>
                  <SP HEIGHT="60" WIDTH="15" VPOS="820" HPOS="2004"/>
                  <String HEIGHT="60"
                          WIDTH="122"
                          VPOS="820"
                          HPOS="1959"
                          CONTENT="quod"/>
                  <SP HEIGHT="60" WIDTH="15" VPOS="820" HPOS="2081"/>
                  <String HEIGHT="60" WIDTH="92" VPOS="820" HPOS="2035" CONTENT="in"/>
                  <SP HEIGHT="60" WIDTH="15" VPOS="820" HPOS="2127"/>
                  <String HEIGHT="60" WIDTH="31" VPOS="820" HPOS="2065" CONTENT=""/>
               </TextLine>
               <TextLine ID="r1l26"
                         BASELINE="908"
                         HEIGHT="40"
                         WIDTH="766"
                         VPOS="868"
                         HPOS="1321">
                  <String HEIGHT="40"
                          WIDTH="169"
                          VPOS="868"
                          HPOS="1306"
                          CONTENT="talibus"/>
                  <SP HEIGHT="40" WIDTH="15" VPOS="868" HPOS="1474"/>
                  <String HEIGHT="40"
                          WIDTH="138"
                          VPOS="868"
                          HPOS="1428"
                          CONTENT="nullo"/>
                  <SP HEIGHT="40" WIDTH="15" VPOS="868" HPOS="1566"/>
                  <String HEIGHT="40"
                          WIDTH="138"
                          VPOS="868"
                          HPOS="1520"
                          CONTENT="pacto"/>
                  <SP HEIGHT="40" WIDTH="15" VPOS="868" HPOS="1658"/>
                  <String HEIGHT="40"
                          WIDTH="230"
                          VPOS="868"
                          HPOS="1612"
                          CONTENT="committitur"/>
                  <SP HEIGHT="40" WIDTH="15" VPOS="868" HPOS="1842"/>
                  <String HEIGHT="40"
                          WIDTH="153"
                          VPOS="868"
                          HPOS="1796"
                          CONTENT="vsura."/>
                  <SP HEIGHT="40" WIDTH="15" VPOS="868" HPOS="1949"/>
                  <String HEIGHT="40"
                          WIDTH="153"
                          VPOS="868"
                          HPOS="1903"
                          CONTENT="Vltimo"/>
                  <SP HEIGHT="40" WIDTH="15" VPOS="868" HPOS="2056"/>
                  <String HEIGHT="40"
                          WIDTH="92"
                          VPOS="868"
                          HPOS="1995"
                          CONTENT="mul"
                          SUBS_TYPE="HypPart1"
                          SUBS_CONTENT="multiplicem"/>
                  <HYP CONTENT="-"/>
               </TextLine>
               <TextLine ID="r1l28"
                         BASELINE="956"
                         HEIGHT="51"
                         WIDTH="762"
                         VPOS="905"
                         HPOS="1321">
                  <String HEIGHT="51"
                          WIDTH="163"
                          VPOS="905"
                          HPOS="1307"
                          CONTENT="tiplicem"
                          SUBS_TYPE="HypPart2"
                          SUBS_CONTENT="multiplicem"/>
                  <SP HEIGHT="51" WIDTH="14" VPOS="905" HPOS="1471"/>
                  <String HEIGHT="51"
                          WIDTH="204"
                          VPOS="905"
                          HPOS="1430"
                          CONTENT="recitauimus"/>
                  <SP HEIGHT="51" WIDTH="14" VPOS="905" HPOS="1634"/>
                  <String HEIGHT="51"
                          WIDTH="150"
                          VPOS="905"
                          HPOS="1593"
                          CONTENT="poenam:"/>
                  <SP HEIGHT="51" WIDTH="14" VPOS="905" HPOS="1743"/>
                  <String HEIGHT="51"
                          WIDTH="163"
                          VPOS="905"
                          HPOS="1702"
                          CONTENT="scilicet"/>
                  <SP HEIGHT="51" WIDTH="14" VPOS="905" HPOS="1865"/>
                  <String HEIGHT="51"
                          WIDTH="136"
                          VPOS="905"
                          HPOS="1824"
                          CONTENT="damni:"/>
                  <SP HEIGHT="51" WIDTH="14" VPOS="905" HPOS="1961"/>
                  <String HEIGHT="51"
                          WIDTH="109"
                          VPOS="905"
                          HPOS="1920"
                          CONTENT="quod"/>
                  <SP HEIGHT="51" WIDTH="14" VPOS="905" HPOS="2029"/>
                  <String HEIGHT="51"
                          WIDTH="109"
                          VPOS="905"
                          HPOS="1974"
                          CONTENT="gratia"/>
               </TextLine>
               <TextLine ID="r1l32"
                         BASELINE="1003"
                         HEIGHT="48"
                         WIDTH="754"
                         VPOS="955"
                         HPOS="1327">
                  <String HEIGHT="48"
                          WIDTH="128"
                          VPOS="955"
                          HPOS="1313"
                          CONTENT="mutui"/>
                  <SP HEIGHT="48" WIDTH="14" VPOS="955" HPOS="1441"/>
                  <String HEIGHT="48"
                          WIDTH="213"
                          VPOS="955"
                          HPOS="1398"
                          CONTENT="incurritur,"/>
                  <SP HEIGHT="48" WIDTH="14" VPOS="955" HPOS="1612"/>
                  <String HEIGHT="48"
                          WIDTH="156"
                          VPOS="955"
                          HPOS="1569"
                          CONTENT="ratione"/>
                  <SP HEIGHT="48" WIDTH="14" VPOS="955" HPOS="1725"/>
                  <String HEIGHT="48"
                          WIDTH="128"
                          VPOS="955"
                          HPOS="1683"
                          CONTENT="lucri"/>
                  <SP HEIGHT="48" WIDTH="14" VPOS="955" HPOS="1811"/>
                  <String HEIGHT="48"
                          WIDTH="199"
                          VPOS="955"
                          HPOS="1768"
                          CONTENT="cessantis:"/>
                  <SP HEIGHT="48" WIDTH="14" VPOS="955" HPOS="1967"/>
                  <String HEIGHT="48"
                          WIDTH="114"
                          VPOS="955"
                          HPOS="1925"
                          CONTENT="quia"/>
                  <SP HEIGHT="48" WIDTH="14" VPOS="955" HPOS="2038"/>
                  <String HEIGHT="48"
                          WIDTH="100"
                          VPOS="955"
                          HPOS="1981"
                          CONTENT="vtrum"/>
               </TextLine>
               <TextLine ID="r1l33"
                         BASELINE="1052"
                         HEIGHT="56"
                         WIDTH="763"
                         VPOS="996"
                         HPOS="1327">
                  <String HEIGHT="56"
                          WIDTH="117"
                          VPOS="996"
                          HPOS="1312"
                          CONTENT="quod"/>
                  <SP HEIGHT="56" WIDTH="15" VPOS="996" HPOS="1430"/>
                  <String HEIGHT="56"
                          WIDTH="161"
                          VPOS="996"
                          HPOS="1386"
                          CONTENT="illorum"/>
                  <SP HEIGHT="56" WIDTH="15" VPOS="996" HPOS="1547"/>
                  <String HEIGHT="56"
                          WIDTH="103"
                          VPOS="996"
                          HPOS="1503"
                          CONTENT="est"/>
                  <SP HEIGHT="56" WIDTH="15" VPOS="996" HPOS="1606"/>
                  <String HEIGHT="56"
                          WIDTH="191"
                          VPOS="996"
                          HPOS="1562"
                          CONTENT="mutuatori"/>
                  <SP HEIGHT="56" WIDTH="15" VPOS="996" HPOS="1753"/>
                  <String HEIGHT="56"
                          WIDTH="176"
                          VPOS="996"
                          HPOS="1709"
                          CONTENT="poenale."/>
                  <SP HEIGHT="56" WIDTH="15" VPOS="996" HPOS="1885"/>
                  <String HEIGHT="56"
                          WIDTH="147"
                          VPOS="996"
                          HPOS="1841"
                          CONTENT="Tertia"/>
                  <SP HEIGHT="56" WIDTH="15" VPOS="996" HPOS="1987"/>
                  <String HEIGHT="56"
                          WIDTH="103"
                          VPOS="996"
                          HPOS="1943"
                          CONTENT="est"/>
                  <SP HEIGHT="56" WIDTH="15" VPOS="996" HPOS="2046"/>
                  <String HEIGHT="56"
                          WIDTH="103"
                          VPOS="996"
                          HPOS="1987"
                          CONTENT="poena"/>
               </TextLine>
               <TextLine ID="r1l35"
                         BASELINE="1093"
                         HEIGHT="49"
                         WIDTH="769"
                         VPOS="1044"
                         HPOS="1321">
                  <String HEIGHT="49"
                          WIDTH="271"
                          VPOS="1044"
                          HPOS="1306"
                          CONTENT="conuentionalis"/>
                  <SP HEIGHT="49" WIDTH="15" VPOS="1044" HPOS="1577"/>
                  <String HEIGHT="49"
                          WIDTH="121"
                          VPOS="1044"
                          HPOS="1532"
                          CONTENT="quam"/>
                  <SP HEIGHT="49" WIDTH="15" VPOS="1044" HPOS="1653"/>
                  <String HEIGHT="49"
                          WIDTH="151"
                          VPOS="1044"
                          HPOS="1607"
                          CONTENT="appono"/>
                  <SP HEIGHT="49" WIDTH="15" VPOS="1044" HPOS="1758"/>
                  <String HEIGHT="49" WIDTH="90" VPOS="1044" HPOS="1713" CONTENT="vt"/>
                  <SP HEIGHT="49" WIDTH="15" VPOS="1044" HPOS="1804"/>
                  <String HEIGHT="49"
                          WIDTH="166"
                          VPOS="1044"
                          HPOS="1758"
                          CONTENT="vigilet"/>
                  <SP HEIGHT="49" WIDTH="15" VPOS="1044" HPOS="1924"/>
                  <String HEIGHT="49" WIDTH="90" VPOS="1044" HPOS="1879" CONTENT="in"/>
                  <SP HEIGHT="49" WIDTH="15" VPOS="1044" HPOS="1969"/>
                  <String HEIGHT="49"
                          WIDTH="196"
                          VPOS="1044"
                          HPOS="1924"
                          CONTENT="soluendo:"/>
                  <SP HEIGHT="49" WIDTH="15" VPOS="1044" HPOS="2120"/>
                  <String HEIGHT="49" WIDTH="30" VPOS="1044" HPOS="2060" CONTENT=""/>
               </TextLine>
               <TextLine ID="r1l37"
                         BASELINE="1142"
                         HEIGHT="56"
                         WIDTH="753"
                         VPOS="1086"
                         HPOS="1333">
                  <String HEIGHT="56"
                          WIDTH="101"
                          VPOS="1086"
                          HPOS="1319"
                          CONTENT="uam"/>
                  <SP HEIGHT="56" WIDTH="14" VPOS="1086" HPOS="1420"/>
                  <String HEIGHT="56"
                          WIDTH="130"
                          VPOS="1086"
                          HPOS="1376"
                          CONTENT="debet"/>
                  <SP HEIGHT="56" WIDTH="14" VPOS="1086" HPOS="1507"/>
                  <String HEIGHT="56"
                          WIDTH="116"
                          VPOS="1086"
                          HPOS="1463"
                          CONTENT="esse"/>
                  <SP HEIGHT="56" WIDTH="14" VPOS="1086" HPOS="1579"/>
                  <String HEIGHT="56"
                          WIDTH="188"
                          VPOS="1086"
                          HPOS="1536"
                          CONTENT="moderata:"/>
                  <SP HEIGHT="56" WIDTH="14" VPOS="1086" HPOS="1724"/>
                  <String HEIGHT="56"
                          WIDTH="101"
                          VPOS="1086"
                          HPOS="1681"
                          CONTENT="non"/>
                  <SP HEIGHT="56" WIDTH="14" VPOS="1086" HPOS="1782"/>
                  <String HEIGHT="56"
                          WIDTH="130"
                          VPOS="1086"
                          HPOS="1738"
                          CONTENT="nimis"/>
                  <SP HEIGHT="56" WIDTH="14" VPOS="1086" HPOS="1869"/>
                  <String HEIGHT="56"
                          WIDTH="159"
                          VPOS="1086"
                          HPOS="1825"
                          CONTENT="tenuis:"/>
                  <SP HEIGHT="56" WIDTH="14" VPOS="1086" HPOS="1985"/>
                  <String HEIGHT="56"
                          WIDTH="101"
                          VPOS="1086"
                          HPOS="1941"
                          CONTENT="nec"/>
                  <SP HEIGHT="56" WIDTH="14" VPOS="1086" HPOS="2043"/>
                  <String HEIGHT="56"
                          WIDTH="101"
                          VPOS="1086"
                          HPOS="1985"
                          CONTENT="nimis"/>
               </TextLine>
               <TextLine ID="r1l39"
                         BASELINE="1181"
                         HEIGHT="44"
                         WIDTH="760"
                         VPOS="1137"
                         HPOS="1330">
                  <String HEIGHT="44"
                          WIDTH="217"
                          VPOS="1137"
                          HPOS="1314"
                          CONTENT="excessiua."/>
                  <SP HEIGHT="44" WIDTH="16" VPOS="1137" HPOS="1532"/>
                  <String HEIGHT="44"
                          WIDTH="155"
                          VPOS="1137"
                          HPOS="1485"
                          CONTENT="primum"/>
                  <SP HEIGHT="44" WIDTH="16" VPOS="1137" HPOS="1640"/>
                  <String HEIGHT="44" WIDTH="93" VPOS="1137" HPOS="1594" CONTENT="vt"/>
                  <SP HEIGHT="44" WIDTH="16" VPOS="1137" HPOS="1687"/>
                  <String HEIGHT="44"
                          WIDTH="155"
                          VPOS="1137"
                          HPOS="1640"
                          CONTENT="illius"/>
                  <SP HEIGHT="44" WIDTH="16" VPOS="1137" HPOS="1795"/>
                  <String HEIGHT="44"
                          WIDTH="155"
                          VPOS="1137"
                          HPOS="1749"
                          CONTENT="poenae"/>
                  <SP HEIGHT="44" WIDTH="16" VPOS="1137" HPOS="1904"/>
                  <String HEIGHT="44"
                          WIDTH="155"
                          VPOS="1137"
                          HPOS="1857"
                          CONTENT="timore"/>
                  <SP HEIGHT="44" WIDTH="16" VPOS="1137" HPOS="2012"/>
                  <String HEIGHT="44"
                          WIDTH="140"
                          VPOS="1137"
                          HPOS="1950"
                          CONTENT="studeat"/>
               </TextLine>
               <TextLine ID="r1l41"
                         BASELINE="1225"
                         HEIGHT="50"
                         WIDTH="778"
                         VPOS="1175"
                         HPOS="1321">
                  <String HEIGHT="50" WIDTH="99" VPOS="1175" HPOS="1304" CONTENT="in"/>
                  <SP HEIGHT="50" WIDTH="17" VPOS="1175" HPOS="1404"/>
                  <String HEIGHT="50"
                          WIDTH="182"
                          VPOS="1175"
                          HPOS="1354"
                          CONTENT="termino"/>
                  <SP HEIGHT="50" WIDTH="17" VPOS="1175" HPOS="1536"/>
                  <String HEIGHT="50"
                          WIDTH="199"
                          VPOS="1175"
                          HPOS="1487"
                          CONTENT="praefixo"/>
                  <SP HEIGHT="50" WIDTH="17" VPOS="1175" HPOS="1685"/>
                  <String HEIGHT="50"
                          WIDTH="199"
                          VPOS="1175"
                          HPOS="1636"
                          CONTENT="soluere."/>
                  <SP HEIGHT="50" WIDTH="17" VPOS="1175" HPOS="1834"/>
                  <String HEIGHT="50"
                          WIDTH="199"
                          VPOS="1175"
                          HPOS="1784"
                          CONTENT="secundum"/>
                  <SP HEIGHT="50" WIDTH="17" VPOS="1175" HPOS="1983"/>
                  <String HEIGHT="50" WIDTH="99" VPOS="1175" HPOS="1933" CONTENT="ne"/>
                  <SP HEIGHT="50" WIDTH="17" VPOS="1175" HPOS="2033"/>
                  <String HEIGHT="50" WIDTH="99" VPOS="1175" HPOS="1983" CONTENT="de"/>
                  <SP HEIGHT="50" WIDTH="17" VPOS="1175" HPOS="2082"/>
                  <String HEIGHT="50"
                          WIDTH="83"
                          VPOS="1175"
                          HPOS="2016"
                          CONTENT="vsu"/>
               </TextLine>
               <TextLine ID="r1l43"
                         BASELINE="1272"
                         HEIGHT="47"
                         WIDTH="762"
                         VPOS="1225"
                         HPOS="1330">
                  <String HEIGHT="47" WIDTH="86" VPOS="1225" HPOS="1316" CONTENT="ra"/>
                  <SP HEIGHT="47" WIDTH="14" VPOS="1225" HPOS="1402"/>
                  <String HEIGHT="47"
                          WIDTH="101"
                          VPOS="1225"
                          HPOS="1359"
                          CONTENT="sit"/>
                  <SP HEIGHT="47" WIDTH="14" VPOS="1225" HPOS="1459"/>
                  <String HEIGHT="47"
                          WIDTH="115"
                          VPOS="1225"
                          HPOS="1416"
                          CONTENT="mala"/>
                  <SP HEIGHT="47" WIDTH="14" VPOS="1225" HPOS="1531"/>
                  <String HEIGHT="47"
                          WIDTH="230"
                          VPOS="1225"
                          HPOS="1488"
                          CONTENT="praesumptio."/>
                  <SP HEIGHT="47" WIDTH="14" VPOS="1225" HPOS="1718"/>
                  <String HEIGHT="47"
                          WIDTH="115"
                          VPOS="1225"
                          HPOS="1675"
                          CONTENT="hanc"/>
                  <SP HEIGHT="47" WIDTH="14" VPOS="1225" HPOS="1790"/>
                  <String HEIGHT="47"
                          WIDTH="129"
                          VPOS="1225"
                          HPOS="1747"
                          CONTENT="autem"/>
                  <SP HEIGHT="47" WIDTH="14" VPOS="1225" HPOS="1876"/>
                  <String HEIGHT="47"
                          WIDTH="144"
                          VPOS="1225"
                          HPOS="1833"
                          CONTENT="poenam"/>
                  <SP HEIGHT="47" WIDTH="14" VPOS="1225" HPOS="1977"/>
                  <String HEIGHT="47"
                          WIDTH="129"
                          VPOS="1225"
                          HPOS="1934"
                          CONTENT="vltra"/>
                  <SP HEIGHT="47" WIDTH="14" VPOS="1225" HPOS="2063"/>
                  <String HEIGHT="47"
                          WIDTH="86"
                          VPOS="1225"
                          HPOS="2006"
                          CONTENT="sor"
                          SUBS_TYPE="HypPart1"
                          SUBS_CONTENT="sortem"/>
                  <HYP CONTENT="-"/>
               </TextLine>
               <TextLine ID="r1l45"
                         BASELINE="1322"
                         HEIGHT="58"
                         WIDTH="756"
                         VPOS="1264"
                         HPOS="1327">
                  <String HEIGHT="58"
                          WIDTH="104"
                          VPOS="1264"
                          HPOS="1312"
                          CONTENT="tem"
                          SUBS_TYPE="HypPart2"
                          SUBS_CONTENT="sortem"/>
                  <SP HEIGHT="58" WIDTH="15" VPOS="1264" HPOS="1416"/>
                  <String HEIGHT="58"
                          WIDTH="178"
                          VPOS="1264"
                          HPOS="1371"
                          CONTENT="accipere"/>
                  <SP HEIGHT="58" WIDTH="15" VPOS="1264" HPOS="1549"/>
                  <String HEIGHT="58"
                          WIDTH="148"
                          VPOS="1264"
                          HPOS="1505"
                          CONTENT="possum"/>
                  <SP HEIGHT="58" WIDTH="15" VPOS="1264" HPOS="1653"/>
                  <String HEIGHT="58" WIDTH="89" VPOS="1264" HPOS="1609" CONTENT="si"/>
                  <SP HEIGHT="58" WIDTH="15" VPOS="1264" HPOS="1698"/>
                  <String HEIGHT="58" WIDTH="89" VPOS="1264" HPOS="1653" CONTENT="in"/>
                  <SP HEIGHT="58" WIDTH="15" VPOS="1264" HPOS="1742"/>
                  <String HEIGHT="58"
                          WIDTH="163"
                          VPOS="1264"
                          HPOS="1698"
                          CONTENT="termino"/>
                  <SP HEIGHT="58" WIDTH="15" VPOS="1264" HPOS="1861"/>
                  <String HEIGHT="58"
                          WIDTH="178"
                          VPOS="1264"
                          HPOS="1816"
                          CONTENT="praefixo"/>
                  <SP HEIGHT="58" WIDTH="15" VPOS="1264" HPOS="1994"/>
                  <String HEIGHT="58"
                          WIDTH="148"
                          VPOS="1264"
                          HPOS="1935"
                          CONTENT="negligen"/>
               </TextLine>
               <TextLine ID="r1l47"
                         BASELINE="1365"
                         HEIGHT="56"
                         WIDTH="757"
                         VPOS="1309"
                         HPOS="1327">
                  <String HEIGHT="56"
                          WIDTH="102"
                          VPOS="1309"
                          HPOS="1312"
                          CONTENT="ter"/>
                  <SP HEIGHT="56" WIDTH="15" VPOS="1309" HPOS="1414"/>
                  <String HEIGHT="56"
                          WIDTH="160"
                          VPOS="1309"
                          HPOS="1371"
                          CONTENT="soluat."/>
                  <SP HEIGHT="56" WIDTH="15" VPOS="1309" HPOS="1531"/>
                  <String HEIGHT="56"
                          WIDTH="102"
                          VPOS="1309"
                          HPOS="1487"
                          CONTENT="hoc"/>
                  <SP HEIGHT="56" WIDTH="15" VPOS="1309" HPOS="1589"/>
                  <String HEIGHT="56"
                          WIDTH="102"
                          VPOS="1309"
                          HPOS="1545"
                          CONTENT="est"/>
                  <SP HEIGHT="56" WIDTH="15" VPOS="1309" HPOS="1647"/>
                  <String HEIGHT="56"
                          WIDTH="102"
                          VPOS="1309"
                          HPOS="1604"
                          CONTENT="sua"/>
                  <SP HEIGHT="56" WIDTH="15" VPOS="1309" HPOS="1706"/>
                  <String HEIGHT="56"
                          WIDTH="160"
                          VPOS="1309"
                          HPOS="1662"
                          CONTENT="incuria"/>
                  <SP HEIGHT="56" WIDTH="15" VPOS="1309" HPOS="1822"/>
                  <String HEIGHT="56"
                          WIDTH="102"
                          VPOS="1309"
                          HPOS="1778"
                          CONTENT="non"/>
                  <SP HEIGHT="56" WIDTH="15" VPOS="1309" HPOS="1880"/>
                  <String HEIGHT="56"
                          WIDTH="160"
                          VPOS="1309"
                          HPOS="1837"
                          CONTENT="soluat:"/>
                  <SP HEIGHT="56" WIDTH="15" VPOS="1309" HPOS="1997"/>
                  <String HEIGHT="56" WIDTH="73" VPOS="1309" HPOS="1953" CONTENT="&amp;"/>
                  <SP HEIGHT="56" WIDTH="15" VPOS="1309" HPOS="2026"/>
                  <String HEIGHT="56"
                          WIDTH="102"
                          VPOS="1309"
                          HPOS="1982"
                          CONTENT="hoc"/>
                  <SP HEIGHT="56" WIDTH="15" VPOS="1309" HPOS="2084"/>
                  <String HEIGHT="56" WIDTH="58" VPOS="1309" HPOS="2026" CONTENT="si"/>
               </TextLine>
               <TextLine ID="r1l49"
                         BASELINE="1407"
                         HEIGHT="51"
                         WIDTH="757"
                         VPOS="1356"
                         HPOS="1327">
                  <String HEIGHT="51"
                          WIDTH="132"
                          VPOS="1356"
                          HPOS="1311"
                          CONTENT="malo"/>
                  <SP HEIGHT="51" WIDTH="16" VPOS="1356" HPOS="1442"/>
                  <String HEIGHT="51"
                          WIDTH="115"
                          VPOS="1356"
                          HPOS="1393"
                          CONTENT="vel"/>
                  <SP HEIGHT="51" WIDTH="16" VPOS="1356" HPOS="1508"/>
                  <String HEIGHT="51"
                          WIDTH="115"
                          VPOS="1356"
                          HPOS="1459"
                          CONTENT="ita"/>
                  <SP HEIGHT="51" WIDTH="16" VPOS="1356" HPOS="1574"/>
                  <String HEIGHT="51"
                          WIDTH="197"
                          VPOS="1356"
                          HPOS="1524"
                          CONTENT="libenter"/>
                  <SP HEIGHT="51" WIDTH="16" VPOS="1356" HPOS="1722"/>
                  <String HEIGHT="51"
                          WIDTH="132"
                          VPOS="1356"
                          HPOS="1673"
                          CONTENT="volo"/>
                  <SP HEIGHT="51" WIDTH="16" VPOS="1356" HPOS="1804"/>
                  <String HEIGHT="51"
                          WIDTH="132"
                          VPOS="1356"
                          HPOS="1755"
                          CONTENT="meam"/>
                  <SP HEIGHT="51" WIDTH="16" VPOS="1356" HPOS="1887"/>
                  <String HEIGHT="51"
                          WIDTH="165"
                          VPOS="1356"
                          HPOS="1837"
                          CONTENT="sortem"/>
                  <SP HEIGHT="51" WIDTH="16" VPOS="1356" HPOS="2002"/>
                  <String HEIGHT="51" WIDTH="99" VPOS="1356" HPOS="1952" CONTENT="in"/>
                  <SP HEIGHT="51" WIDTH="16" VPOS="1356" HPOS="2051"/>
                  <String HEIGHT="51"
                          WIDTH="99"
                          VPOS="1356"
                          HPOS="1985"
                          CONTENT="ter"
                          SUBS_TYPE="HypPart1"
                          SUBS_CONTENT="termino"/>
                  <HYP CONTENT="-"/>
               </TextLine>
               <TextLine ID="r1l51"
                         BASELINE="1453"
                         HEIGHT="47"
                         WIDTH="778"
                         VPOS="1406"
                         HPOS="1315">
                  <String HEIGHT="47"
                          WIDTH="124"
                          VPOS="1406"
                          HPOS="1299"
                          CONTENT="mino"
                          SUBS_TYPE="HypPart2"
                          SUBS_CONTENT="termino"/>
                  <SP HEIGHT="47" WIDTH="16" VPOS="1406" HPOS="1424"/>
                  <String HEIGHT="47"
                          WIDTH="171"
                          VPOS="1406"
                          HPOS="1377"
                          CONTENT="signato"/>
                  <SP HEIGHT="47" WIDTH="16" VPOS="1406" HPOS="1548"/>
                  <String HEIGHT="47"
                          WIDTH="124"
                          VPOS="1406"
                          HPOS="1502"
                          CONTENT="mihi"/>
                  <SP HEIGHT="47" WIDTH="16" VPOS="1406" HPOS="1626"/>
                  <String HEIGHT="47"
                          WIDTH="156"
                          VPOS="1406"
                          HPOS="1580"
                          CONTENT="solui,"/>
                  <SP HEIGHT="47" WIDTH="16" VPOS="1406" HPOS="1735"/>
                  <String HEIGHT="47"
                          WIDTH="124"
                          VPOS="1406"
                          HPOS="1688"
                          CONTENT="quam"/>
                  <SP HEIGHT="47" WIDTH="16" VPOS="1406" HPOS="1813"/>
                  <String HEIGHT="47"
                          WIDTH="109"
                          VPOS="1406"
                          HPOS="1766"
                          CONTENT="eum"/>
                  <SP HEIGHT="47" WIDTH="16" VPOS="1406" HPOS="1875"/>
                  <String HEIGHT="47"
                          WIDTH="140"
                          VPOS="1406"
                          HPOS="1828"
                          CONTENT="illam"/>
                  <SP HEIGHT="47" WIDTH="16" VPOS="1406" HPOS="1969"/>
                  <String HEIGHT="47"
                          WIDTH="156"
                          VPOS="1406"
                          HPOS="1922"
                          CONTENT="poenam"/>
                  <SP HEIGHT="47" WIDTH="16" VPOS="1406" HPOS="2077"/>
                  <String HEIGHT="47"
                          WIDTH="78"
                          VPOS="1406"
                          HPOS="2015"
                          CONTENT="in"
                          SUBS_TYPE="HypPart1"
                          SUBS_CONTENT="incurrere."/>
                  <HYP CONTENT="-"/>
               </TextLine>
               <TextLine ID="r1l53"
                         BASELINE="1491"
                         HEIGHT="52"
                         WIDTH="757"
                         VPOS="1439"
                         HPOS="1326">
                  <String HEIGHT="52"
                          WIDTH="182"
                          VPOS="1439"
                          HPOS="1311"
                          CONTENT="currere."
                          SUBS_TYPE="HypPart2"
                          SUBS_CONTENT="incurrere."/>
                  <SP HEIGHT="52" WIDTH="15" VPOS="1439" HPOS="1493"/>
                  <String HEIGHT="52"
                          WIDTH="106"
                          VPOS="1439"
                          HPOS="1447"
                          CONTENT="sed"/>
                  <SP HEIGHT="52" WIDTH="15" VPOS="1439" HPOS="1553"/>
                  <String HEIGHT="52" WIDTH="91" VPOS="1439" HPOS="1508" CONTENT="si"/>
                  <SP HEIGHT="52" WIDTH="15" VPOS="1439" HPOS="1599"/>
                  <String HEIGHT="52"
                          WIDTH="151"
                          VPOS="1439"
                          HPOS="1553"
                          CONTENT="partem"/>
                  <SP HEIGHT="52" WIDTH="15" VPOS="1439" HPOS="1704"/>
                  <String HEIGHT="52"
                          WIDTH="151"
                          VPOS="1439"
                          HPOS="1659"
                          CONTENT="sortis"/>
                  <SP HEIGHT="52" WIDTH="15" VPOS="1439" HPOS="1810"/>
                  <String HEIGHT="52"
                          WIDTH="182"
                          VPOS="1439"
                          HPOS="1765"
                          CONTENT="soluerit"/>
                  <SP HEIGHT="52" WIDTH="15" VPOS="1439" HPOS="1947"/>
                  <String HEIGHT="52"
                          WIDTH="121"
                          VPOS="1439"
                          HPOS="1901"
                          CONTENT="ante"/>
                  <SP HEIGHT="52" WIDTH="15" VPOS="1439" HPOS="2022"/>
                  <String HEIGHT="52"
                          WIDTH="121"
                          VPOS="1439"
                          HPOS="1962"
                          CONTENT="termi"
                          SUBS_TYPE="HypPart1"
                          SUBS_CONTENT="terminum"/>
                  <HYP CONTENT="-"/>
               </TextLine>
               <TextLine ID="r1l55"
                         BASELINE="1544"
                         HEIGHT="56"
                         WIDTH="766"
                         VPOS="1488"
                         HPOS="1330">
                  <String HEIGHT="56"
                          WIDTH="109"
                          VPOS="1488"
                          HPOS="1314"
                          CONTENT="num"
                          SUBS_TYPE="HypPart2"
                          SUBS_CONTENT="terminum"/>
                  <SP HEIGHT="56" WIDTH="16" VPOS="1488" HPOS="1424"/>
                  <String HEIGHT="56"
                          WIDTH="203"
                          VPOS="1488"
                          HPOS="1377"
                          CONTENT="praefixum"/>
                  <SP HEIGHT="56" WIDTH="16" VPOS="1488" HPOS="1580"/>
                  <String HEIGHT="56"
                          WIDTH="109"
                          VPOS="1488"
                          HPOS="1533"
                          CONTENT="vel"/>
                  <SP HEIGHT="56" WIDTH="16" VPOS="1488" HPOS="1643"/>
                  <String HEIGHT="56" WIDTH="94" VPOS="1488" HPOS="1596" CONTENT="in"/>
                  <SP HEIGHT="56" WIDTH="16" VPOS="1488" HPOS="1690"/>
                  <String HEIGHT="56"
                          WIDTH="188"
                          VPOS="1488"
                          HPOS="1643"
                          CONTENT="termino:"/>
                  <SP HEIGHT="56" WIDTH="16" VPOS="1488" HPOS="1830"/>
                  <String HEIGHT="56"
                          WIDTH="109"
                          VPOS="1488"
                          HPOS="1783"
                          CONTENT="non"/>
                  <SP HEIGHT="56" WIDTH="16" VPOS="1488" HPOS="1893"/>
                  <String HEIGHT="56"
                          WIDTH="141"
                          VPOS="1488"
                          HPOS="1846"
                          CONTENT="debeo"/>
                  <SP HEIGHT="56" WIDTH="16" VPOS="1488" HPOS="1987"/>
                  <String HEIGHT="56"
                          WIDTH="141"
                          VPOS="1488"
                          HPOS="1940"
                          CONTENT="totam"/>
                  <SP HEIGHT="56" WIDTH="16" VPOS="1488" HPOS="2080"/>
                  <String HEIGHT="56"
                          WIDTH="78"
                          VPOS="1488"
                          HPOS="2018"
                          CONTENT="poe"/>
               </TextLine>
               <TextLine ID="r1l57"
                         BASELINE="1577"
                         HEIGHT="44"
                         WIDTH="763"
                         VPOS="1533"
                         HPOS="1326">
                  <String HEIGHT="44"
                          WIDTH="116"
                          VPOS="1533"
                          HPOS="1309"
                          CONTENT="nam"/>
                  <SP HEIGHT="44" WIDTH="17" VPOS="1533" HPOS="1426"/>
                  <String HEIGHT="44"
                          WIDTH="216"
                          VPOS="1533"
                          HPOS="1376"
                          CONTENT="recipere."/>
                  <SP HEIGHT="44" WIDTH="17" VPOS="1533" HPOS="1591"/>
                  <String HEIGHT="44"
                          WIDTH="199"
                          VPOS="1533"
                          HPOS="1542"
                          CONTENT="Affectio"/>
                  <SP HEIGHT="44" WIDTH="17" VPOS="1533" HPOS="1741"/>
                  <String HEIGHT="44"
                          WIDTH="149"
                          VPOS="1533"
                          HPOS="1691"
                          CONTENT="autem"/>
                  <SP HEIGHT="44" WIDTH="17" VPOS="1533" HPOS="1840"/>
                  <String HEIGHT="44"
                          WIDTH="100"
                          VPOS="1533"
                          HPOS="1790"
                          CONTENT="ad"/>
                  <SP HEIGHT="44" WIDTH="17" VPOS="1533" HPOS="1890"/>
                  <String HEIGHT="44"
                          WIDTH="199"
                          VPOS="1533"
                          HPOS="1840"
                          CONTENT="pecuniam"/>
                  <SP HEIGHT="44" WIDTH="17" VPOS="1533" HPOS="2039"/>
                  <String HEIGHT="44"
                          WIDTH="116"
                          VPOS="1533"
                          HPOS="1973"
                          CONTENT="haben"/>
               </TextLine>
               <TextLine ID="r1l59"
                         BASELINE="1625"
                         HEIGHT="50"
                         WIDTH="760"
                         VPOS="1575"
                         HPOS="1333">
                  <String HEIGHT="50"
                          WIDTH="104"
                          VPOS="1575"
                          HPOS="1318"
                          CONTENT="dam"/>
                  <SP HEIGHT="50" WIDTH="15" VPOS="1575" HPOS="1422"/>
                  <String HEIGHT="50"
                          WIDTH="104"
                          VPOS="1575"
                          HPOS="1378"
                          CONTENT="sub"/>
                  <SP HEIGHT="50" WIDTH="15" VPOS="1575" HPOS="1482"/>
                  <String HEIGHT="50"
                          WIDTH="194"
                          VPOS="1575"
                          HPOS="1437"
                          CONTENT="interesse"/>
                  <SP HEIGHT="50" WIDTH="15" VPOS="1575" HPOS="1631"/>
                  <String HEIGHT="50"
                          WIDTH="164"
                          VPOS="1575"
                          HPOS="1586"
                          CONTENT="includi"/>
                  <SP HEIGHT="50" WIDTH="15" VPOS="1575" HPOS="1750"/>
                  <String HEIGHT="50"
                          WIDTH="164"
                          VPOS="1575"
                          HPOS="1706"
                          CONTENT="potest."/>
                  <SP HEIGHT="50" WIDTH="15" VPOS="1575" HPOS="1869"/>
                  <String HEIGHT="50" WIDTH="75" VPOS="1575" HPOS="1825" CONTENT="&amp;"/>
                  <SP HEIGHT="50" WIDTH="15" VPOS="1575" HPOS="1899"/>
                  <String HEIGHT="50" WIDTH="89" VPOS="1575" HPOS="1855" CONTENT="si"/>
                  <SP HEIGHT="50" WIDTH="15" VPOS="1575" HPOS="1944"/>
                  <String HEIGHT="50"
                          WIDTH="164"
                          VPOS="1575"
                          HPOS="1899"
                          CONTENT="addatur"/>
                  <SP HEIGHT="50" WIDTH="15" VPOS="1575" HPOS="2063"/>
                  <String HEIGHT="50"
                          WIDTH="89"
                          VPOS="1575"
                          HPOS="2004"
                          CONTENT="haec"/>
               </TextLine>
               <TextLine ID="r1l61"
                         BASELINE="1678"
                         HEIGHT="57"
                         WIDTH="777"
                         VPOS="1621"
                         HPOS="1323">
                  <String HEIGHT="57"
                          WIDTH="155"
                          VPOS="1621"
                          HPOS="1307"
                          CONTENT="poena,"/>
                  <SP HEIGHT="57" WIDTH="16" VPOS="1621" HPOS="1463"/>
                  <String HEIGHT="57"
                          WIDTH="124"
                          VPOS="1621"
                          HPOS="1416"
                          CONTENT="quod"/>
                  <SP HEIGHT="57" WIDTH="16" VPOS="1621" HPOS="1541"/>
                  <String HEIGHT="57" WIDTH="93" VPOS="1621" HPOS="1494" CONTENT="in"/>
                  <SP HEIGHT="57" WIDTH="16" VPOS="1621" HPOS="1587"/>
                  <String HEIGHT="57"
                          WIDTH="186"
                          VPOS="1621"
                          HPOS="1541"
                          CONTENT="quolibet"/>
                  <SP HEIGHT="57" WIDTH="16" VPOS="1621" HPOS="1727"/>
                  <String HEIGHT="57"
                          WIDTH="140"
                          VPOS="1621"
                          HPOS="1680"
                          CONTENT="mense"/>
                  <SP HEIGHT="57" WIDTH="16" VPOS="1621" HPOS="1820"/>
                  <String HEIGHT="57"
                          WIDTH="124"
                          VPOS="1621"
                          HPOS="1774"
                          CONTENT="post"/>
                  <SP HEIGHT="57" WIDTH="16" VPOS="1621" HPOS="1898"/>
                  <String HEIGHT="57"
                          WIDTH="186"
                          VPOS="1621"
                          HPOS="1851"
                          CONTENT="terminum"/>
                  <SP HEIGHT="57" WIDTH="16" VPOS="1621" HPOS="2038"/>
                  <String HEIGHT="57"
                          WIDTH="124"
                          VPOS="1621"
                          HPOS="1976"
                          CONTENT="praefi"/>
               </TextLine>
               <TextLine ID="r1l63"
                         BASELINE="1721"
                         HEIGHT="55"
                         WIDTH="776"
                         VPOS="1666"
                         HPOS="1320">
                  <String HEIGHT="55"
                          WIDTH="104"
                          VPOS="1666"
                          HPOS="1305"
                          CONTENT="xum"/>
                  <SP HEIGHT="55" WIDTH="15" VPOS="1666" HPOS="1410"/>
                  <String HEIGHT="55" WIDTH="90" VPOS="1666" HPOS="1365" CONTENT="si"/>
                  <SP HEIGHT="55" WIDTH="15" VPOS="1666" HPOS="1454"/>
                  <String HEIGHT="55"
                          WIDTH="104"
                          VPOS="1666"
                          HPOS="1410"
                          CONTENT="non"/>
                  <SP HEIGHT="55" WIDTH="15" VPOS="1666" HPOS="1514"/>
                  <String HEIGHT="55"
                          WIDTH="164"
                          VPOS="1666"
                          HPOS="1469"
                          CONTENT="soluat,"/>
                  <SP HEIGHT="55" WIDTH="15" VPOS="1666" HPOS="1633"/>
                  <String HEIGHT="55"
                          WIDTH="134"
                          VPOS="1666"
                          HPOS="1589"
                          CONTENT="dabit"/>
                  <SP HEIGHT="55" WIDTH="15" VPOS="1666" HPOS="1723"/>
                  <String HEIGHT="55"
                          WIDTH="164"
                          VPOS="1666"
                          HPOS="1678"
                          CONTENT="scutum:"/>
                  <SP HEIGHT="55" WIDTH="15" VPOS="1666" HPOS="1842"/>
                  <String HEIGHT="55"
                          WIDTH="149"
                          VPOS="1666"
                          HPOS="1798"
                          CONTENT="potest"/>
                  <SP HEIGHT="55" WIDTH="15" VPOS="1666" HPOS="1947"/>
                  <String HEIGHT="55"
                          WIDTH="134"
                          VPOS="1666"
                          HPOS="1902"
                          CONTENT="fieri"/>
                  <SP HEIGHT="55" WIDTH="15" VPOS="1666" HPOS="2036"/>
                  <String HEIGHT="55" WIDTH="90" VPOS="1666" HPOS="1992" CONTENT="vt"/>
                  <SP HEIGHT="55" WIDTH="15" VPOS="1666" HPOS="2081"/>
                  <String HEIGHT="55"
                          WIDTH="75"
                          VPOS="1666"
                          HPOS="2021"
                          CONTENT="nul"/>
               </TextLine>
               <TextLine ID="r1l65"
                         BASELINE="1773"
                         HEIGHT="65"
                         WIDTH="763"
                         VPOS="1708"
                         HPOS="1320">
                  <String HEIGHT="65" WIDTH="93" VPOS="1708" HPOS="1304" CONTENT="lo"/>
                  <SP HEIGHT="65" WIDTH="16" VPOS="1708" HPOS="1398"/>
                  <String HEIGHT="65"
                          WIDTH="140"
                          VPOS="1708"
                          HPOS="1351"
                          CONTENT="pacto"/>
                  <SP HEIGHT="65" WIDTH="16" VPOS="1708" HPOS="1491"/>
                  <String HEIGHT="65"
                          WIDTH="109"
                          VPOS="1708"
                          HPOS="1445"
                          CONTENT="sit"/>
                  <SP HEIGHT="65" WIDTH="16" VPOS="1708" HPOS="1554"/>
                  <String HEIGHT="65"
                          WIDTH="156"
                          VPOS="1708"
                          HPOS="1507"
                          CONTENT="vsura:"/>
                  <SP HEIGHT="65" WIDTH="16" VPOS="1708" HPOS="1663"/>
                  <String HEIGHT="65"
                          WIDTH="156"
                          VPOS="1708"
                          HPOS="1616"
                          CONTENT="semper"/>
                  <SP HEIGHT="65" WIDTH="16" VPOS="1708" HPOS="1772"/>
                  <String HEIGHT="65"
                          WIDTH="156"
                          VPOS="1708"
                          HPOS="1725"
                          CONTENT="stante"/>
                  <SP HEIGHT="65" WIDTH="16" VPOS="1708" HPOS="1881"/>
                  <String HEIGHT="65"
                          WIDTH="109"
                          VPOS="1708"
                          HPOS="1834"
                          CONTENT="hac"/>
                  <SP HEIGHT="65" WIDTH="16" VPOS="1708" HPOS="1943"/>
                  <String HEIGHT="65"
                          WIDTH="156"
                          VPOS="1708"
                          HPOS="1896"
                          CONTENT="maxima"/>
                  <SP HEIGHT="65" WIDTH="16" VPOS="1708" HPOS="2052"/>
                  <String HEIGHT="65"
                          WIDTH="93"
                          VPOS="1708"
                          HPOS="1990"
                          CONTENT="quod"/>
               </TextLine>
               <TextLine ID="r1l67"
                         BASELINE="1802"
                         HEIGHT="48"
                         WIDTH="752"
                         VPOS="1754"
                         HPOS="1326">
                  <String HEIGHT="48" WIDTH="88" VPOS="1754" HPOS="1311" CONTENT="in"/>
                  <SP HEIGHT="48" WIDTH="15" VPOS="1754" HPOS="1400"/>
                  <String HEIGHT="48"
                          WIDTH="103"
                          VPOS="1754"
                          HPOS="1355"
                          CONTENT="rei"/>
                  <SP HEIGHT="48" WIDTH="15" VPOS="1754" HPOS="1459"/>
                  <String HEIGHT="48"
                          WIDTH="177"
                          VPOS="1754"
                          HPOS="1414"
                          CONTENT="veritate"/>
                  <SP HEIGHT="48" WIDTH="15" VPOS="1754" HPOS="1591"/>
                  <String HEIGHT="48"
                          WIDTH="118"
                          VPOS="1754"
                          HPOS="1547"
                          CONTENT="malo"/>
                  <SP HEIGHT="48" WIDTH="15" VPOS="1754" HPOS="1665"/>
                  <String HEIGHT="48"
                          WIDTH="103"
                          VPOS="1754"
                          HPOS="1621"
                          CONTENT="vel"/>
                  <SP HEIGHT="48" WIDTH="15" VPOS="1754" HPOS="1724"/>
                  <String HEIGHT="48"
                          WIDTH="103"
                          VPOS="1754"
                          HPOS="1680"
                          CONTENT="tam"/>
                  <SP HEIGHT="48" WIDTH="15" VPOS="1754" HPOS="1783"/>
                  <String HEIGHT="48"
                          WIDTH="177"
                          VPOS="1754"
                          HPOS="1739"
                          CONTENT="libenter"/>
                  <SP HEIGHT="48" WIDTH="15" VPOS="1754" HPOS="1916"/>
                  <String HEIGHT="48"
                          WIDTH="118"
                          VPOS="1754"
                          HPOS="1872"
                          CONTENT="volo"/>
                  <SP HEIGHT="48" WIDTH="15" VPOS="1754" HPOS="1990"/>
                  <String HEIGHT="48"
                          WIDTH="147"
                          VPOS="1754"
                          HPOS="1931"
                          CONTENT="solutio"
                          SUBS_TYPE="HypPart1"
                          SUBS_CONTENT="solutionem"/>
                  <HYP CONTENT="-"/>
               </TextLine>
               <TextLine ID="r1l69"
                         BASELINE="1860"
                         HEIGHT="66"
                         WIDTH="773"
                         VPOS="1794"
                         HPOS="1323">
                  <String HEIGHT="66"
                          WIDTH="100"
                          VPOS="1794"
                          HPOS="1309"
                          CONTENT="nem"
                          SUBS_TYPE="HypPart2"
                          SUBS_CONTENT="solutionem"/>
                  <SP HEIGHT="66" WIDTH="14" VPOS="1794" HPOS="1409"/>
                  <String HEIGHT="66"
                          WIDTH="143"
                          VPOS="1794"
                          HPOS="1366"
                          CONTENT="sortis"/>
                  <SP HEIGHT="66" WIDTH="14" VPOS="1794" HPOS="1509"/>
                  <String HEIGHT="66"
                          WIDTH="115"
                          VPOS="1794"
                          HPOS="1466"
                          CONTENT="sine"/>
                  <SP HEIGHT="66" WIDTH="14" VPOS="1794" HPOS="1581"/>
                  <String HEIGHT="66"
                          WIDTH="100"
                          VPOS="1794"
                          HPOS="1538"
                          CONTENT="suo"/>
                  <SP HEIGHT="66" WIDTH="14" VPOS="1794" HPOS="1638"/>
                  <String HEIGHT="66"
                          WIDTH="129"
                          VPOS="1794"
                          HPOS="1595"
                          CONTENT="scuto"/>
                  <SP HEIGHT="66" WIDTH="14" VPOS="1794" HPOS="1724"/>
                  <String HEIGHT="66"
                          WIDTH="100"
                          VPOS="1794"
                          HPOS="1681"
                          CONTENT="vel"/>
                  <SP HEIGHT="66" WIDTH="14" VPOS="1794" HPOS="1781"/>
                  <String HEIGHT="66"
                          WIDTH="100"
                          VPOS="1794"
                          HPOS="1738"
                          CONTENT="sua"/>
                  <SP HEIGHT="66" WIDTH="14" VPOS="1794" HPOS="1838"/>
                  <String HEIGHT="66"
                          WIDTH="129"
                          VPOS="1794"
                          HPOS="1795"
                          CONTENT="poena"/>
                  <SP HEIGHT="66" WIDTH="14" VPOS="1794" HPOS="1924"/>
                  <String HEIGHT="66"
                          WIDTH="115"
                          VPOS="1794"
                          HPOS="1881"
                          CONTENT="quam"/>
                  <SP HEIGHT="66" WIDTH="14" VPOS="1794" HPOS="1996"/>
                  <String HEIGHT="66"
                          WIDTH="129"
                          VPOS="1794"
                          HPOS="1953"
                          CONTENT="ipsum"/>
                  <SP HEIGHT="66" WIDTH="14" VPOS="1794" HPOS="2082"/>
                  <String HEIGHT="66"
                          WIDTH="72"
                          VPOS="1794"
                          HPOS="2024"
                          CONTENT="poe"/>
               </TextLine>
               <TextLine ID="r1l71"
                         BASELINE="1896"
                         HEIGHT="53"
                         WIDTH="760"
                         VPOS="1843"
                         HPOS="1333">
                  <String HEIGHT="53"
                          WIDTH="111"
                          VPOS="1843"
                          HPOS="1317"
                          CONTENT="nam"/>
                  <SP HEIGHT="53" WIDTH="16" VPOS="1843" HPOS="1428"/>
                  <String HEIGHT="53"
                          WIDTH="222"
                          VPOS="1843"
                          HPOS="1380"
                          CONTENT="incurrere."/>
                  <SP HEIGHT="53" WIDTH="16" VPOS="1843" HPOS="1602"/>
                  <String HEIGHT="53"
                          WIDTH="158"
                          VPOS="1843"
                          HPOS="1555"
                          CONTENT="semper"/>
                  <SP HEIGHT="53" WIDTH="16" VPOS="1843" HPOS="1713"/>
                  <String HEIGHT="53"
                          WIDTH="127"
                          VPOS="1843"
                          HPOS="1666"
                          CONTENT="enim"/>
                  <SP HEIGHT="53" WIDTH="16" VPOS="1843" HPOS="1792"/>
                  <String HEIGHT="53"
                          WIDTH="111"
                          VPOS="1843"
                          HPOS="1745"
                          CONTENT="est"/>
                  <SP HEIGHT="53" WIDTH="16" VPOS="1843" HPOS="1856"/>
                  <String HEIGHT="53"
                          WIDTH="190"
                          VPOS="1843"
                          HPOS="1808"
                          CONTENT="virtuale"/>
                  <SP HEIGHT="53" WIDTH="16" VPOS="1843" HPOS="1998"/>
                  <String HEIGHT="53"
                          WIDTH="143"
                          VPOS="1843"
                          HPOS="1951"
                          CONTENT="mutuu"/>
                  <SP HEIGHT="53" WIDTH="16" VPOS="1843" HPOS="2093"/>
                  <String HEIGHT="53" WIDTH="63" VPOS="1843" HPOS="2030" CONTENT="de"/>
               </TextLine>
               <TextLine ID="r1l73"
                         BASELINE="1937"
                         HEIGHT="48"
                         WIDTH="757"
                         VPOS="1889"
                         HPOS="1336">
                  <String HEIGHT="48"
                          WIDTH="142"
                          VPOS="1889"
                          HPOS="1320"
                          CONTENT="mense"/>
                  <SP HEIGHT="48" WIDTH="16" VPOS="1889" HPOS="1462"/>
                  <String HEIGHT="48" WIDTH="95" VPOS="1889" HPOS="1415" CONTENT="in"/>
                  <SP HEIGHT="48" WIDTH="16" VPOS="1889" HPOS="1509"/>
                  <String HEIGHT="48"
                          WIDTH="173"
                          VPOS="1889"
                          HPOS="1462"
                          CONTENT="mensem."/>
                  <SP HEIGHT="48" WIDTH="16" VPOS="1889" HPOS="1636"/>
                  <String HEIGHT="48"
                          WIDTH="126"
                          VPOS="1889"
                          HPOS="1588"
                          CONTENT="Alia"/>
                  <SP HEIGHT="48" WIDTH="16" VPOS="1889" HPOS="1715"/>
                  <String HEIGHT="48"
                          WIDTH="110"
                          VPOS="1889"
                          HPOS="1667"
                          CONTENT="est"/>
                  <SP HEIGHT="48" WIDTH="16" VPOS="1889" HPOS="1778"/>
                  <String HEIGHT="48"
                          WIDTH="142"
                          VPOS="1889"
                          HPOS="1730"
                          CONTENT="poena"/>
                  <SP HEIGHT="48" WIDTH="16" VPOS="1889" HPOS="1872"/>
                  <String HEIGHT="48"
                          WIDTH="173"
                          VPOS="1889"
                          HPOS="1825"
                          CONTENT="legalis"/>
                  <SP HEIGHT="48" WIDTH="16" VPOS="1889" HPOS="1998"/>
                  <String HEIGHT="48"
                          WIDTH="110"
                          VPOS="1889"
                          HPOS="1951"
                          CONTENT="vel"/>
                  <SP HEIGHT="48" WIDTH="16" VPOS="1889" HPOS="2061"/>
                  <String HEIGHT="48"
                          WIDTH="95"
                          VPOS="1889"
                          HPOS="1998"
                          CONTENT="sta"
                          SUBS_TYPE="HypPart1"
                          SUBS_CONTENT="statuti"/>
                  <HYP CONTENT="-"/>
               </TextLine>
               <TextLine ID="r1l75"
                         BASELINE="1978"
                         HEIGHT="46"
                         WIDTH="753"
                         VPOS="1932"
                         HPOS="1330">
                  <String HEIGHT="46"
                          WIDTH="112"
                          VPOS="1932"
                          HPOS="1316"
                          CONTENT="tuti"
                          SUBS_TYPE="HypPart2"
                          SUBS_CONTENT="statuti"/>
                  <SP HEIGHT="46" WIDTH="14" VPOS="1932" HPOS="1428"/>
                  <String HEIGHT="46"
                          WIDTH="223"
                          VPOS="1932"
                          HPOS="1386"
                          CONTENT="municipalis."/>
                  <SP HEIGHT="46" WIDTH="14" VPOS="1932" HPOS="1609"/>
                  <String HEIGHT="46" WIDTH="84" VPOS="1932" HPOS="1567" CONTENT="In"/>
                  <SP HEIGHT="46" WIDTH="14" VPOS="1932" HPOS="1651"/>
                  <String HEIGHT="46"
                          WIDTH="195"
                          VPOS="1932"
                          HPOS="1609"
                          CONTENT="quaestione"/>
                  <SP HEIGHT="46" WIDTH="14" VPOS="1932" HPOS="1804"/>
                  <String HEIGHT="46"
                          WIDTH="126"
                          VPOS="1932"
                          HPOS="1762"
                          CONTENT="autem"/>
                  <SP HEIGHT="46" WIDTH="14" VPOS="1932" HPOS="1888"/>
                  <String HEIGHT="46"
                          WIDTH="167"
                          VPOS="1932"
                          HPOS="1846"
                          CONTENT="sequente"/>
                  <SP HEIGHT="46" WIDTH="14" VPOS="1932" HPOS="2013"/>
                  <String HEIGHT="46"
                          WIDTH="126"
                          VPOS="1932"
                          HPOS="1958"
                          CONTENT="addemus"/>
               </TextLine>
               <TextLine ID="r1l77"
                         BASELINE="2027"
                         HEIGHT="52"
                         WIDTH="747"
                         VPOS="1975"
                         HPOS="1339">
                  <String HEIGHT="52"
                          WIDTH="138"
                          VPOS="1975"
                          HPOS="1325"
                          CONTENT="liquas"/>
                  <SP HEIGHT="52" WIDTH="14" VPOS="1975" HPOS="1464"/>
                  <String HEIGHT="52"
                          WIDTH="249"
                          VPOS="1975"
                          HPOS="1422"
                          CONTENT="circumstantias"/>
                  <SP HEIGHT="52" WIDTH="14" VPOS="1975" HPOS="1671"/>
                  <String HEIGHT="52"
                          WIDTH="194"
                          VPOS="1975"
                          HPOS="1630"
                          CONTENT="requisitas"/>
                  <SP HEIGHT="52" WIDTH="14" VPOS="1975" HPOS="1823"/>
                  <String HEIGHT="52"
                          WIDTH="97"
                          VPOS="1975"
                          HPOS="1782"
                          CONTENT="non"/>
                  <SP HEIGHT="52" WIDTH="14" VPOS="1975" HPOS="1879"/>
                  <String HEIGHT="52"
                          WIDTH="125"
                          VPOS="1975"
                          HPOS="1837"
                          CONTENT="solum"/>
                  <SP HEIGHT="52" WIDTH="14" VPOS="1975" HPOS="1962"/>
                  <String HEIGHT="52" WIDTH="83" VPOS="1975" HPOS="1920" CONTENT="in"/>
                  <SP HEIGHT="52" WIDTH="14" VPOS="1975" HPOS="2003"/>
                  <String HEIGHT="52"
                          WIDTH="138"
                          VPOS="1975"
                          HPOS="1948"
                          CONTENT="quaestio"/>
               </TextLine>
               <TextLine ID="r1l79"
                         BASELINE="2068"
                         HEIGHT="48"
                         WIDTH="767"
                         VPOS="2020"
                         HPOS="1326">
                  <String HEIGHT="48" WIDTH="82" VPOS="2020" HPOS="1312" CONTENT="ne"/>
                  <SP HEIGHT="48" WIDTH="14" VPOS="2020" HPOS="1394"/>
                  <String HEIGHT="48"
                          WIDTH="164"
                          VPOS="2020"
                          HPOS="1353"
                          CONTENT="sequenti"/>
                  <SP HEIGHT="48" WIDTH="14" VPOS="2020" HPOS="1518"/>
                  <String HEIGHT="48"
                          WIDTH="96"
                          VPOS="2020"
                          HPOS="1477"
                          CONTENT="sed"/>
                  <SP HEIGHT="48" WIDTH="14" VPOS="2020" HPOS="1573"/>
                  <String HEIGHT="48" WIDTH="82" VPOS="2020" HPOS="1531" CONTENT="in"/>
                  <SP HEIGHT="48" WIDTH="14" VPOS="2020" HPOS="1614"/>
                  <String HEIGHT="48"
                          WIDTH="110"
                          VPOS="2020"
                          HPOS="1573"
                          CONTENT="hac:"/>
                  <SP HEIGHT="48" WIDTH="14" VPOS="2020" HPOS="1682"/>
                  <String HEIGHT="48" WIDTH="68" VPOS="2020" HPOS="1641" CONTENT="&amp;"/>
                  <SP HEIGHT="48" WIDTH="14" VPOS="2020" HPOS="1709"/>
                  <String HEIGHT="48" WIDTH="82" VPOS="2020" HPOS="1668" CONTENT="in"/>
                  <SP HEIGHT="48" WIDTH="14" VPOS="2020" HPOS="1751"/>
                  <String HEIGHT="48"
                          WIDTH="164"
                          VPOS="2020"
                          HPOS="1710"
                          CONTENT="qualibet"/>
                  <SP HEIGHT="48" WIDTH="14" VPOS="2020" HPOS="1874"/>
                  <String HEIGHT="48"
                          WIDTH="123"
                          VPOS="2020"
                          HPOS="1833"
                          CONTENT="alia:"/>
                  <SP HEIGHT="48" WIDTH="14" VPOS="2020" HPOS="1956"/>
                  <String HEIGHT="48" WIDTH="68" VPOS="2020" HPOS="1915" CONTENT="&amp;"/>
                  <SP HEIGHT="48" WIDTH="14" VPOS="2020" HPOS="1983"/>
                  <String HEIGHT="48"
                          WIDTH="123"
                          VPOS="2020"
                          HPOS="1942"
                          CONTENT="illas"/>
                  <SP HEIGHT="48" WIDTH="14" VPOS="2020" HPOS="2066"/>
                  <String HEIGHT="48"
                          WIDTH="82"
                          VPOS="2020"
                          HPOS="2011"
                          CONTENT="cir"
                          SUBS_TYPE="HypPart1"
                          SUBS_CONTENT="circunstantias"/>
                  <HYP CONTENT="-"/>
               </TextLine>
               <TextLine ID="r1l81"
                         BASELINE="2122"
                         HEIGHT="56"
                         WIDTH="766"
                         VPOS="2066"
                         HPOS="1324">
                  <String HEIGHT="56"
                          WIDTH="234"
                          VPOS="2066"
                          HPOS="1308"
                          CONTENT="cunstantias"
                          SUBS_TYPE="HypPart2"
                          SUBS_CONTENT="circunstantias"/>
                  <SP HEIGHT="56" WIDTH="16" VPOS="2066" HPOS="1543"/>
                  <String HEIGHT="56"
                          WIDTH="156"
                          VPOS="2066"
                          HPOS="1496"
                          CONTENT="semper"/>
                  <SP HEIGHT="56" WIDTH="16" VPOS="2066" HPOS="1652"/>
                  <String HEIGHT="56"
                          WIDTH="109"
                          VPOS="2066"
                          HPOS="1605"
                          CONTENT="pro"/>
                  <SP HEIGHT="56" WIDTH="16" VPOS="2066" HPOS="1715"/>
                  <String HEIGHT="56"
                          WIDTH="203"
                          VPOS="2066"
                          HPOS="1668"
                          CONTENT="repetitis"/>
                  <SP HEIGHT="56" WIDTH="16" VPOS="2066" HPOS="1871"/>
                  <String HEIGHT="56"
                          WIDTH="219"
                          VPOS="2066"
                          HPOS="1824"
                          CONTENT="habebimus:"/>
                  <SP HEIGHT="56" WIDTH="16" VPOS="2066" HPOS="2043"/>
                  <String HEIGHT="56"
                          WIDTH="109"
                          VPOS="2066"
                          HPOS="1981"
                          CONTENT="licet"/>
               </TextLine>
               <TextLine ID="r1l83"
                         BASELINE="2168"
                         HEIGHT="58"
                         WIDTH="764"
                         VPOS="2110"
                         HPOS="1332">
                  <String HEIGHT="58"
                          WIDTH="175"
                          VPOS="2110"
                          HPOS="1316"
                          CONTENT="propter"/>
                  <SP HEIGHT="58" WIDTH="16" VPOS="2110" HPOS="1491"/>
                  <String HEIGHT="58"
                          WIDTH="223"
                          VPOS="2110"
                          HPOS="1443"
                          CONTENT="breuitatem"/>
                  <SP HEIGHT="58" WIDTH="16" VPOS="2110" HPOS="1666"/>
                  <String HEIGHT="58"
                          WIDTH="111"
                          VPOS="2110"
                          HPOS="1618"
                          CONTENT="eas"/>
                  <SP HEIGHT="58" WIDTH="16" VPOS="2110" HPOS="1730"/>
                  <String HEIGHT="58" WIDTH="96" VPOS="2110" HPOS="1682" CONTENT="in"/>
                  <SP HEIGHT="58" WIDTH="16" VPOS="2110" HPOS="1778"/>
                  <String HEIGHT="58"
                          WIDTH="191"
                          VPOS="2110"
                          HPOS="1730"
                          CONTENT="singulis"/>
                  <SP HEIGHT="58" WIDTH="16" VPOS="2110" HPOS="1921"/>
                  <String HEIGHT="58"
                          WIDTH="143"
                          VPOS="2110"
                          HPOS="1873"
                          CONTENT="locis"/>
                  <SP HEIGHT="58" WIDTH="16" VPOS="2110" HPOS="2016"/>
                  <String HEIGHT="58"
                          WIDTH="111"
                          VPOS="2110"
                          HPOS="1969"
                          CONTENT="non"/>
                  <SP HEIGHT="58" WIDTH="16" VPOS="2110" HPOS="2080"/>
                  <String HEIGHT="58" WIDTH="80" VPOS="2110" HPOS="2016" CONTENT="re"/>
               </TextLine>
               <TextLine ID="r1l85"
                         BASELINE="2212"
                         HEIGHT="60"
                         WIDTH="170"
                         VPOS="2152"
                         HPOS="1332">
                  <String HEIGHT="60"
                          WIDTH="208"
                          VPOS="2152"
                          HPOS="1294"
                          CONTENT="sumpsero."/>
               </TextLine>
               <TextLine ID="r1l93"
                         BASELINE="2430"
                         HEIGHT="82"
                         WIDTH="448"
                         VPOS="2348"
                         HPOS="1650">
                  <String HEIGHT="82"
                          WIDTH="224"
                          VPOS="2348"
                          HPOS="1628"
                          CONTENT="Ecundo"/>
                  <SP HEIGHT="82" WIDTH="22" VPOS="2348" HPOS="1852"/>
                  <String HEIGHT="82"
                          WIDTH="202"
                          VPOS="2348"
                          HPOS="1784"
                          CONTENT="circa"/>
                  <SP HEIGHT="82" WIDTH="22" VPOS="2348" HPOS="1986"/>
                  <String HEIGHT="82"
                          WIDTH="179"
                          VPOS="2348"
                          HPOS="1919"
                          CONTENT="hanc"/>
                  <SP HEIGHT="82" WIDTH="22" VPOS="2348" HPOS="2098"/>
                  <String HEIGHT="82" WIDTH="90" VPOS="2348" HPOS="2008" CONTENT="ma"/>
               </TextLine>
               <TextLine ID="r1l95"
                         BASELINE="2474"
                         HEIGHT="62"
                         WIDTH="436"
                         VPOS="2412"
                         HPOS="1657">
                  <String HEIGHT="62"
                          WIDTH="141"
                          VPOS="2412"
                          HPOS="1643"
                          CONTENT="teriam"/>
                  <SP HEIGHT="62" WIDTH="14" VPOS="2412" HPOS="1784"/>
                  <String HEIGHT="62"
                          WIDTH="197"
                          VPOS="2412"
                          HPOS="1741"
                          CONTENT="quaeritur:"/>
                  <SP HEIGHT="62" WIDTH="14" VPOS="2412" HPOS="1938"/>
                  <String HEIGHT="62" WIDTH="84" VPOS="2412" HPOS="1896" CONTENT="an"/>
                  <SP HEIGHT="62" WIDTH="14" VPOS="2412" HPOS="1980"/>
                  <String HEIGHT="62"
                          WIDTH="113"
                          VPOS="2412"
                          HPOS="1938"
                          CONTENT="iste"/>
                  <SP HEIGHT="62" WIDTH="14" VPOS="2412" HPOS="2051"/>
                  <String HEIGHT="62"
                          WIDTH="98"
                          VPOS="2412"
                          HPOS="1995"
                          CONTENT="casus"/>
               </TextLine>
               <TextLine ID="r1l97"
                         BASELINE="2514"
                         HEIGHT="53"
                         WIDTH="437"
                         VPOS="2461"
                         HPOS="1656">
                  <String HEIGHT="53"
                          WIDTH="99"
                          VPOS="2461"
                          HPOS="1642"
                          CONTENT="sit"/>
                  <SP HEIGHT="53" WIDTH="14" VPOS="2461" HPOS="1741"/>
                  <String HEIGHT="53"
                          WIDTH="197"
                          VPOS="2461"
                          HPOS="1698"
                          CONTENT="vsurarius."/>
                  <SP HEIGHT="53" WIDTH="14" VPOS="2461" HPOS="1896"/>
                  <String HEIGHT="53" WIDTH="85" VPOS="2461" HPOS="1853" CONTENT="do"/>
                  <SP HEIGHT="53" WIDTH="14" VPOS="2461" HPOS="1938"/>
                  <String HEIGHT="53"
                          WIDTH="113"
                          VPOS="2461"
                          HPOS="1896"
                          CONTENT="tibi"/>
                  <SP HEIGHT="53" WIDTH="14" VPOS="2461" HPOS="2008"/>
                  <String HEIGHT="53"
                          WIDTH="113"
                          VPOS="2461"
                          HPOS="1966"
                          CONTENT="nunc"/>
                  <SP HEIGHT="53" WIDTH="14" VPOS="2461" HPOS="2079"/>
                  <String HEIGHT="53" WIDTH="85" VPOS="2461" HPOS="2037" CONTENT="in"/>
                  <SP HEIGHT="53" WIDTH="14" VPOS="2461" HPOS="2121"/>
                  <String HEIGHT="53" WIDTH="28" VPOS="2461" HPOS="2065" CONTENT=""/>
               </TextLine>
               <TextLine ID="r1l99"
                         BASELINE="2565"
                         HEIGHT="59"
                         WIDTH="449"
                         VPOS="2506"
                         HPOS="1655">
                  <String HEIGHT="59"
                          WIDTH="215"
                          VPOS="2506"
                          HPOS="1635"
                          CONTENT="Augusto"/>
                  <SP HEIGHT="59" WIDTH="20" VPOS="2506" HPOS="1850"/>
                  <String HEIGHT="59"
                          WIDTH="195"
                          VPOS="2506"
                          HPOS="1792"
                          CONTENT="centum"/>
                  <SP HEIGHT="59" WIDTH="20" VPOS="2506" HPOS="1987"/>
                  <String HEIGHT="59"
                          WIDTH="176"
                          VPOS="2506"
                          HPOS="1928"
                          CONTENT="scuta"/>
                  <SP HEIGHT="59" WIDTH="20" VPOS="2506" HPOS="2104"/>
                  <String HEIGHT="59" WIDTH="78" VPOS="2506" HPOS="2026" CONTENT="mu"/>
               </TextLine>
               <TextLine ID="r1l102"
                         BASELINE="2598"
                         HEIGHT="45"
                         WIDTH="437"
                         VPOS="2553"
                         HPOS="1656">
                  <String HEIGHT="45"
                          WIDTH="122"
                          VPOS="2553"
                          HPOS="1639"
                          CONTENT="tuo"/>
                  <SP HEIGHT="45" WIDTH="17" VPOS="2553" HPOS="1761"/>
                  <String HEIGHT="45"
                          WIDTH="105"
                          VPOS="2553"
                          HPOS="1708"
                          CONTENT="ad"/>
                  <SP HEIGHT="45" WIDTH="17" VPOS="2553" HPOS="1813"/>
                  <String HEIGHT="45"
                          WIDTH="192"
                          VPOS="2553"
                          HPOS="1761"
                          CONTENT="natalem"/>
                  <SP HEIGHT="45" WIDTH="17" VPOS="2553" HPOS="1953"/>
                  <String HEIGHT="45"
                          WIDTH="175"
                          VPOS="2553"
                          HPOS="1901"
                          CONTENT="domini"/>
                  <SP HEIGHT="45" WIDTH="17" VPOS="2553" HPOS="2076"/>
                  <String HEIGHT="45"
                          WIDTH="87"
                          VPOS="2553"
                          HPOS="2006"
                          CONTENT="vs"
                          SUBS_TYPE="HypPart1"
                          SUBS_CONTENT="vsquo."/>
                  <HYP CONTENT="-"/>
               </TextLine>
               <TextLine ID="r1l105"
                         BASELINE="2656"
                         HEIGHT="54"
                         WIDTH="440"
                         VPOS="2602"
                         HPOS="1658">
                  <String HEIGHT="54"
                          WIDTH="107"
                          VPOS="2602"
                          HPOS="1645"
                          CONTENT="quo."
                          SUBS_TYPE="HypPart2"
                          SUBS_CONTENT="vsquo."/>
                  <SP HEIGHT="54" WIDTH="13" VPOS="2602" HPOS="1751"/>
                  <String HEIGHT="54"
                          WIDTH="147"
                          VPOS="2602"
                          HPOS="1711"
                          CONTENT="interea"/>
                  <SP HEIGHT="54" WIDTH="13" VPOS="2602" HPOS="1858"/>
                  <String HEIGHT="54"
                          WIDTH="160"
                          VPOS="2602"
                          HPOS="1818"
                          CONTENT="temporis"/>
                  <SP HEIGHT="54" WIDTH="13" VPOS="2602" HPOS="1978"/>
                  <String HEIGHT="54"
                          WIDTH="120"
                          VPOS="2602"
                          HPOS="1938"
                          CONTENT="venit"/>
                  <SP HEIGHT="54" WIDTH="13" VPOS="2602" HPOS="2058"/>
                  <String HEIGHT="54"
                          WIDTH="93"
                          VPOS="2602"
                          HPOS="2005"
                          CONTENT="credi"/>
               </TextLine>
               <TextLine ID="r1l108"
                         BASELINE="2694"
                         HEIGHT="58"
                         WIDTH="455"
                         VPOS="2636"
                         HPOS="1635">
                  <String HEIGHT="58"
                          WIDTH="114"
                          VPOS="2636"
                          HPOS="1619"
                          CONTENT="tor"/>
                  <SP HEIGHT="58" WIDTH="16" VPOS="2636" HPOS="1733"/>
                  <String HEIGHT="58"
                          WIDTH="130"
                          VPOS="2636"
                          HPOS="1684"
                          CONTENT="meus"/>
                  <SP HEIGHT="58" WIDTH="16" VPOS="2636" HPOS="1814"/>
                  <String HEIGHT="58" WIDTH="81" VPOS="2636" HPOS="1765" CONTENT="&amp;"/>
                  <SP HEIGHT="58" WIDTH="16" VPOS="2636" HPOS="1846"/>
                  <String HEIGHT="58"
                          WIDTH="146"
                          VPOS="2636"
                          HPOS="1798"
                          CONTENT="petit"/>
                  <SP HEIGHT="58" WIDTH="16" VPOS="2636" HPOS="1944"/>
                  <String HEIGHT="58" WIDTH="81" VPOS="2636" HPOS="1895" CONTENT="a"/>
                  <SP HEIGHT="58" WIDTH="16" VPOS="2636" HPOS="1976"/>
                  <String HEIGHT="58" WIDTH="98" VPOS="2636" HPOS="1928" CONTENT="me"/>
                  <SP HEIGHT="58" WIDTH="16" VPOS="2636" HPOS="2025"/>
                  <String HEIGHT="58"
                          WIDTH="130"
                          VPOS="2636"
                          HPOS="1960"
                          CONTENT="centum"/>
               </TextLine>
               <TextLine ID="r1l110"
                         BASELINE="2741"
                         HEIGHT="57"
                         WIDTH="766"
                         VPOS="2684"
                         HPOS="1329">
                  <String HEIGHT="57"
                          WIDTH="141"
                          VPOS="2684"
                          HPOS="1313"
                          CONTENT="scuta"/>
                  <SP HEIGHT="57" WIDTH="16" VPOS="2684" HPOS="1454"/>
                  <String HEIGHT="57"
                          WIDTH="125"
                          VPOS="2684"
                          HPOS="1407"
                          CONTENT="quae"/>
                  <SP HEIGHT="57" WIDTH="16" VPOS="2684" HPOS="1532"/>
                  <String HEIGHT="57"
                          WIDTH="141"
                          VPOS="2684"
                          HPOS="1485"
                          CONTENT="cogor"/>
                  <SP HEIGHT="57" WIDTH="16" VPOS="2684" HPOS="1626"/>
                  <String HEIGHT="57"
                          WIDTH="125"
                          VPOS="2684"
                          HPOS="1579"
                          CONTENT="illi"/>
                  <SP HEIGHT="57" WIDTH="16" VPOS="2684" HPOS="1704"/>
                  <String HEIGHT="57"
                          WIDTH="141"
                          VPOS="2684"
                          HPOS="1657"
                          CONTENT="dare."/>
                  <SP HEIGHT="57" WIDTH="16" VPOS="2684" HPOS="1798"/>
                  <String HEIGHT="57" WIDTH="78" VPOS="2684" HPOS="1751" CONTENT="&amp;"/>
                  <SP HEIGHT="57" WIDTH="16" VPOS="2684" HPOS="1829"/>
                  <String HEIGHT="57"
                          WIDTH="203"
                          VPOS="2684"
                          HPOS="1782"
                          CONTENT="propterea"/>
                  <SP HEIGHT="57" WIDTH="16" VPOS="2684" HPOS="1986"/>
                  <String HEIGHT="57"
                          WIDTH="141"
                          VPOS="2684"
                          HPOS="1939"
                          CONTENT="vendo"/>
                  <SP HEIGHT="57" WIDTH="16" VPOS="2684" HPOS="2079"/>
                  <String HEIGHT="57"
                          WIDTH="78"
                          VPOS="2684"
                          HPOS="2017"
                          CONTENT="res"/>
               </TextLine>
               <TextLine ID="r1l112"
                         BASELINE="2793"
                         HEIGHT="57"
                         WIDTH="788"
                         VPOS="2736"
                         HPOS="1317">
                  <String HEIGHT="57"
                          WIDTH="119"
                          VPOS="2736"
                          HPOS="1302"
                          CONTENT="meas"/>
                  <SP HEIGHT="57" WIDTH="15" VPOS="2736" HPOS="1421"/>
                  <String HEIGHT="57"
                          WIDTH="164"
                          VPOS="2736"
                          HPOS="1376"
                          CONTENT="minoris"/>
                  <SP HEIGHT="57" WIDTH="15" VPOS="2736" HPOS="1540"/>
                  <String HEIGHT="57"
                          WIDTH="119"
                          VPOS="2736"
                          HPOS="1495"
                          CONTENT="quam"/>
                  <SP HEIGHT="57" WIDTH="15" VPOS="2736" HPOS="1614"/>
                  <String HEIGHT="57"
                          WIDTH="178"
                          VPOS="2736"
                          HPOS="1570"
                          CONTENT="valeant."/>
                  <SP HEIGHT="57" WIDTH="15" VPOS="2736" HPOS="1748"/>
                  <String HEIGHT="57"
                          WIDTH="104"
                          VPOS="2736"
                          HPOS="1704"
                          CONTENT="xv."/>
                  <SP HEIGHT="57" WIDTH="15" VPOS="2736" HPOS="1808"/>
                  <String HEIGHT="57"
                          WIDTH="164"
                          VPOS="2736"
                          HPOS="1763"
                          CONTENT="scutis."/>
                  <SP HEIGHT="57" WIDTH="15" VPOS="2736" HPOS="1927"/>
                  <String HEIGHT="57"
                          WIDTH="104"
                          VPOS="2736"
                          HPOS="1882"
                          CONTENT="vel"/>
                  <SP HEIGHT="57" WIDTH="15" VPOS="2736" HPOS="1986"/>
                  <String HEIGHT="57"
                          WIDTH="104"
                          VPOS="2736"
                          HPOS="1941"
                          CONTENT="non"/>
                  <SP HEIGHT="57" WIDTH="15" VPOS="2736" HPOS="2046"/>
                  <String HEIGHT="57"
                          WIDTH="119"
                          VPOS="2736"
                          HPOS="1986"
                          CONTENT="possum"/>
               </TextLine>
            </TextBlock>
         </PrintSpace>
      </Page>
   </Layout>
</alto>
