2316 3316
422 371 233 54 intelligere
609 371 217 54 mutuatario
779 371 93 54 se
826 371 140 54 velle
919 371 171 54 aliquid
1043 371 155 54 habere
1136 371 62 54 vi

426 414 150 62 mutui.
531 414 135 62 Forte
621 414 135 62 etiam
712 414 105 62 est
772 414 120 62 fama
847 414 90 62 de
892 414 90 62 eo
937 414 120 62 quod
1012 414 105 62 non
1058 414 150 62 libenter

421 461 117 48 dat
488 461 150 48 mutuo
588 461 133 48 nisi
671 461 183 48 aliquid
805 461 233 48 incrementi
988 461 150 48 supra
1072 461 133 48 sortem

433 512 194 42 recipiat.
583 512 239 42 Consideretur
777 512 135 42 etiam
867 512 150 42 inopia
972 512 75 42 &
1002 512 194 42 tenacitas
1136 512 75 42 mu-

428 552 175 51 tuatarii.
562 552 189 51 Alterutrum
711 552 108 51 enim
778 552 148 51 istorum
886 552 94 51 est
940 552 202 51 praesumptio
1102 552 94 51 non
1142 552 54 51 li

430 592 168 54 beralis
552 592 137 54 doni.
643 592 122 54 ergo
719 592 198 54 tenacitas
872 592 76 54 &
902 592 152 54 inopia
1009 592 152 54 magnam
1101 592 91 54 prae

423 639 220 48 sumptionem
596 639 173 48 faciunt
721 639 78 48 &
753 639 220 48 vehementem
925 639 110 48 non
988 639 204 48 liberalis
1129 639 63 48 do

431 682 97 53 ni.
487 682 180 53 Confessor
625 682 125 53 autem
708 682 152 53 omnibus
819 682 166 53 hincinde
944 682 194 53 collectis,
1096 682 97 53 qui
1138 682 69 53 est

429 728 112 50 vir
493 728 160 50 neuter
605 728 144 50 inter
701 728 208 50 mutuantem
860 728 80 50 &
892 728 256 50 mutuatarium:
1084 728 112 50 habet

418 771 214 48 castigare
582 771 198 48 iudicium
730 771 214 48 imprudens
895 771 214 48 mutuantis
1060 771 99 48 si
1093 771 115 48 nimis

430 816 145 47 facile
531 816 174 47 assensit
662 816 116 47 quod
734 816 218 47 mutuatarius
908 816 131 47 dedit
995 816 116 47 sibi
1053 816 145 47 incremen

426 859 108 49 tum
487 859 185 49 liberali
626 859 139 49 dono,
718 859 108 49 vel
780 859 185 49 iudicium
919 859 123 49 eius
996 859 200 49 approbare
1134 859 62 49 si

422 903 160 51 rectum
534 903 176 51 fuerit.
661 903 80 51 â‹
693 903 287 51 Decimusquartus
933 903 144 51 casus
1028 903 112 51 est
1092 903 96 51 in
1124 903 80 51 quo

428 953 133 50 quis
511 953 216 50 occasione
677 953 149 50 mutui
777 953 182 50 cogitur
909 953 166 50 subire
1026 953 199 50 laborem:
1158 953 50 50 &

415 993 105 50 ita
475 993 134 50 vltra
564 993 149 50 sortem
669 993 179 50 mutuatam
804 993 164 50 recipit
923 993 164 50 aliquid
1043 993 75 50 a
1058 993 134 50 mutuata

415 1037 113 46 rio:
485 1037 99 46 non
542 1037 99 46 pro
598 1037 85 46 re
640 1037 169 46 mutuata:
767 1037 99 46 sed
824 1037 99 46 pro
880 1037 141 46 labore
979 1037 113 46 quem
1049 1037 141 46 habuit
1148 1037 85 46 in

428 1080 178 52 pecunia
557 1080 210 52 numeranda
719 1080 130 52 quam
800 1080 178 52 mutuare
930 1080 194 52 volebat.
1075 1080 97 52 vt
1108 1080 97 52 quan

422 1123 100 48 do
472 1123 167 48 magnam
589 1123 150 48 molem
689 1123 200 48 pecuniae
839 1123 183 48 minutae
972 1123 183 48 mutuare
1088 1123 117 48 habet

423 1171 123 53 tunc
499 1171 199 53 numeratio
653 1171 107 53 est
714 1171 169 53 tediosa
836 1171 77 53 &
867 1171 153 53 labore
974 1171 153 53 plena.
1082 1171 107 53 pro
1128 1171 61 53 in

419 1213 86 47 lo
462 1213 129 47 autem
547 1213 143 47 labore
647 1213 114 47 quem
719 1213 200 47 mutuatario
876 1213 100 47 per
933 1213 86 47 se
976 1213 100 47 vel
1033 1213 100 47 per
1091 1213 114 47 suum
1148 1213 57 47 fa

416 1259 127 54 mulum
501 1259 184 54 impendit,
642 1259 156 54 aliquid
755 1259 141 54 licite
854 1259 127 54 capit
939 1259 156 54 tamquam
1052 1259 141 54 suorum
1137 1259 71 54 la-

425 1299 128 50 borum
510 1299 184 50 praemium.
652 1299 170 50 Exemplum
779 1299 85 50 in
822 1299 156 50 simili.
935 1299 85 50 Si
978 1299 99 50 ego
1035 1299 170 50 existens
1148 1299 57 50 Pa

425 1348 170 44 risiis
544 1348 153 44 mutuo
647 1348 119 44 dem
715 1348 136 44 tibi
800 1348 222 44 Rothomagi
970 1348 153 44 mille
1056 1348 136 44 aureos

426 1390 173 49 nummos:
552 1390 126 49 quos
631 1390 94 49 ad
678 1390 94 49 te
725 1390 94 49 ab
772 1390 126 49 vrbe
850 1390 220 49 Parisiensi
1023 1390 173 49 defero:
1133 1390 63 49 ca

422 1436 128 53 piam
502 1436 176 53 aliquid
630 1436 112 53 pro
694 1436 192 53 impensis
838 1436 80 53 &
870 1436 208 53 laboribus
1014 1436 176 53 itineris.

418 1485 87 47 â‹
452 1485 315 47 Decimusquintus
715 1485 157 47 casus
820 1485 87 47 &
854 1485 192 47 vltimus
994 1485 192 47 pronunc
1117 1485 87 47 est

430 1527 163 49 ratione
548 1527 177 49 periculi
682 1527 192 49 subeundi.
829 1527 103 49 sed
889 1527 89 49 an
933 1527 118 49 quis
1007 1527 148 49 possit
1096 1527 103 49 lici-

420 1567 87 57 te
464 1567 145 57 subire
566 1567 203 57 periculum,
725 1567 73 57 &
754 1567 160 57 ratione
870 1567 145 57 illius
972 1567 145 57 capere
1059 1567 145 57 pecuniam

424 1612 92 52 in
470 1612 122 52 omni
546 1612 137 52 casu,
637 1612 107 52 est
698 1612 168 52 dubium.
821 1612 76 52 &
851 1612 244 52 distinguitur
1049 1612 92 52 de
1080 1612 122 52 susci-

429 1657 159 53 piente
540 1657 95 53 in
588 1657 95 53 se
636 1657 223 53 periculum.
811 1657 111 53 Aut
875 1657 127 53 enim
954 1657 223 53 suscipiens
1113 1657 80 53 pe-

415 1699 187 48 riculum
551 1699 153 48 simul
652 1699 187 48 apponit
788 1699 170 48 operam
907 1699 119 48 pro
975 1699 203 48 vitandis
1110 1699 85 48 pe-

415 1746 168 55 riculis
537 1746 168 55 mercis,
660 1746 153 55 vtpote
767 1746 92 55 si
813 1746 214 55 suscipiens
981 1746 199 55 periculum
1119 1746 77 55 est

417 1798 160 44 rector
529 1798 144 44 nauis
625 1798 96 44 si
672 1798 112 44 per
736 1798 128 44 mare
816 1798 128 44 merx
896 1798 192 44 ducatur:
1039 1798 112 44 aut
1087 1798 112 44 auti-

419 1836 95 54 ga
467 1836 95 54 si
514 1836 95 54 in
562 1836 158 54 cutrum
673 1836 111 54 per
736 1836 158 54 terram
847 1836 127 54 merx
926 1836 190 54 vehatur:
1068 1836 111 54 Aut
1116 1836 79 54 non

424 1879 176 55 apponit
552 1879 144 55 opera
647 1879 160 55 vllam,
759 1879 128 55 puta
839 1879 144 55 nihil
935 1879 191 55 faciendo
1078 1879 96 55 ad
1110 1879 80 55 hoc

435 1934 92 38 vt
481 1934 122 38 merx
557 1934 107 38 sit
618 1934 153 38 salua:
725 1934 92 38 vt
771 1934 137 38 verbi
862 1934 153 38 causa,
969 1934 107 38 est
1030 1934 137 38 nauis
1106 1934 92 38 Lon-

422 1967 128 49 dino
502 1967 144 49 itura
598 1967 209 49 Vlixbonam
759 1967 241 49 Lusitaniae:
951 1967 160 49 Sortes
1048 1967 160 49 suscipit

428 2011 171 49 Londini
553 2011 202 49 periculum
708 2011 171 49 mercium
832 2011 155 49 totius
940 2011 155 49 nauis:
1049 2011 109 49 pro
1095 2011 109 49 mille

417 2056 243 53 Sterlingorum
614 2056 152 53 libris
720 2056 152 53 gratia
826 2056 182 53 exempli:
963 2056 136 53 nihil
1038 2056 152 53 operando

417 2099 92 52 ad
463 2099 108 52 hoc
524 2099 92 52 vt
570 2099 123 52 merx
647 2099 108 52 sit
709 2099 154 52 salua.
817 2099 154 52 Primus
924 2099 138 52 casus
1016 2099 108 52 est
1063 2099 138 52 licitus

415 2147 93 49 in
461 2147 108 49 quo
523 2147 108 49 est
584 2147 154 49 duplex
692 2147 232 49 contractus.
878 2147 124 49 vnus
955 2147 232 49 locationis:
1140 2147 93 49 in

423 2190 91 54 uo
468 2190 198 54 periculum
620 2190 167 54 subiens
742 2190 122 54 suam
818 2190 152 54 operam
924 2190 137 54 locat
1016 2190 76 54 &
1031 2190 167 54 sollicitu

424 2245 137 44 dinem
515 2245 91 44 ne
561 2245 122 44 merx
637 2245 258 44 periclitetur.
849 2245 182 44 Secundus
986 2245 137 44 casus
1077 2245 106 44 est
1138 2245 91 44 in

418 2280 205 43 nominatus,
580 2280 88 43 vt
624 2280 132 43 facio
712 2280 88 43 si
756 2280 117 43 des.
829 2280 103 43 hoc
888 2280 103 43 est
947 2280 88 43 si
991 2280 103 43 des
1049 2280 117 43 mihi
1108 2280 88 43 mil-

429 2323 77 56 e
459 2323 154 56 libras
567 2323 262 56 sterlingorum,
783 2323 154 56 subibo
890 2323 200 56 periculum
1029 2323 169 56 perdendae

427 2368 150 48 mercis.
537 2368 109 48 Quia
605 2368 137 48 primus
700 2368 191 48 contractus
851 2368 96 48 sit
905 2368 164 48 licitus:
1028 2368 123 48 nulli
1096 2368 96 48 cadit

430 2415 83 52 in
472 2415 152 52 dubium:
582 2415 83 52 na
623 2415 193 52 vtilitatem
775 2415 97 52 tam
830 2415 166 52 priuatam
954 2415 110 52 quam
1023 2415 166 52 publicam
1134 2415 55 52 af

423 2454 139 52 fert:
515 2454 77 52 &
546 2454 139 52 nulla
638 2454 169 52 apparet
762 2454 216 52 iniquitas:
931 2454 123 52 quia
1008 2454 139 52 facit
1085 2454 108 52 virum

431 2504 129 51 magis
517 2504 200 51 sollicitum
674 2504 100 51 pro
731 2504 172 51 seruanda
860 2504 86 51 re
903 2504 143 51 vicini
1003 2504 114 51 sui:
1074 2504 114 51 quae
1131 2504 72 51 vbi

425 2544 182 56 obligatus
565 2544 154 56 fuisset
677 2544 126 56 solum
761 2544 84 56 ad
803 2544 140 56 culpam
900 2544 140 56 leuem:
998 2544 84 56 ad
1026 2544 168 56 leuissimam

428 2586 112 63 enim
498 2586 112 63 nunc
568 2586 84 63 se
610 2586 168 63 obligat,
735 2586 70 63 &
763 2586 84 63 ad
805 2586 126 63 omnia
889 2586 168 63 pericula
1014 2586 168 63 subeunda
1126 2586 70 63 qua

416 2628 167 60 humana
533 2628 217 60 industria
700 2628 167 60 caueri
817 2628 200 60 possunt,
967 2628 83 60 &
1000 2628 117 60 hoc
1050 2628 134 60 domino

424 2681 148 48 mercis
528 2681 74 48 &
557 2681 222 48 reipublicae
735 2681 163 48 expedit
854 2681 104 48 pro
913 2681 133 48 rebus
1002 2681 148 48 saluis
1105 2681 89 48 ad
1135 2681 59 48 pa

425 2720 123 54 triam
507 2720 177 54 ducendis.
644 2720 109 54 Quia
712 2720 95 54 hoc
766 2720 136 54 liceat
862 2720 164 54 ostendo.
984 2720 95 54 non
1039 2720 136 54 aliter
1121 2720 68 54 bel

420 2756 168 88 latores
542 2756 229 88 transeuntes
725 2756 92 88 in
771 2756 168 88 nauibus
893 2756 168 88 armatis
1016 2756 138 88 iuste
1092 2756 107 88 susci

1267 372 149 55 piunt
1367 372 199 55 pecuniam
1516 372 83 55 a
1549 372 216 55 diuitibus
1715 372 265 55 mercatoribus
1931 372 116 55 per
1981 372 66 55 ma

1276 420 106 53 re:
1337 420 182 53 quatenus
1473 420 106 53 eis
1534 420 213 53 succurrant
1701 420 91 53 in
1746 420 228 53 discrimine,
1929 420 76 53 &
1944 420 106 53 eorum

1267 466 107 48 res
1328 466 169 48 teneant
1451 466 169 48 saluas.
1573 466 138 48 sicut
1665 466 153 48 crebro
1772 466 184 48 vsuuenit
1910 466 123 48 apud
1987 466 92 48 An

1260 507 119 55 glos
1334 507 104 55 tam
1394 507 134 55 inter
1483 507 208 55 mercatores
1647 507 119 55 quam
1721 507 134 55 inter
1810 507 208 55 piscatores
1959 507 74 55 dum

1262 556 163 51 nauium
1376 556 180 51 classem
1507 556 163 51 annuam
1621 556 98 51 ad
1670 556 229 51 Islandiam,
1850 556 147 51 vltra
1932 556 114 51 Orca-

1263 595 108 52 des
1324 595 185 52 mittunt.
1463 595 108 52 Sed
1524 595 123 52 idem
1601 595 108 52 est
1663 595 92 52 in
1709 595 123 52 casu
1786 595 154 52 nostro
1894 595 92 52 in
1924 595 108 52 primo

1268 643 173 53 membro.
1394 643 79 53 â‹
1425 643 94 53 In
1472 643 173 53 secundo
1598 643 141 53 autem
1692 643 126 53 casu
1771 643 110 53 est
1834 643 141 53 maior
1912 643 126 53 diffi-

1264 688 169 50 cultas,
1387 688 77 50 &
1417 688 185 50 vtrinque
1556 688 261 50 argumentabor.
1771 688 200 50 Periculum
1910 688 138 50 subiens

1255 739 209 47 reipublicae
1422 739 139 47 nullam
1519 739 195 47 vtilitatem
1672 739 153 47 affert:
1784 739 97 47 res
1839 739 97 47 pro
1895 739 139 47 patria
1978 739 70 47 pro

1264 777 181 43 curando,
1400 777 106 43 nec
1460 777 166 43 videtur
1581 777 121 43 quod
1657 777 136 43 vllam
1748 777 212 43 vtilitatem
1899 777 151 43 priuatam

1270 819 199 44 mercatori
1423 819 184 44 afferat:
1561 819 123 44 quia
1637 819 138 44 licet
1729 819 199 44 periculum
1882 819 92 44 in
1928 819 92 44 se
1959 819 92 44 sub-

1270 863 96 46 eat
1325 863 124 46 nihil
1408 863 193 46 vtilitatis
1559 863 96 46 vel
1614 863 206 46 securitatis
1779 863 110 46 ipsi
1848 863 124 46 merci
1917 863 124 46 affert.

1258 906 183 47 Insuper
1392 906 117 47 hic
1458 906 150 47 modus
1558 906 200 47 viuendi,
1708 906 133 47 ludo
1791 906 200 47 fortuito
1941 906 83 47 &
1958 906 83 47 ta-

1258 950 155 61 xillis
1366 950 248 61 assimilatur:
1568 950 109 61 qui
1630 950 124 61 omni
1707 950 124 61 lege
1785 950 186 61 positiua
1924 950 78 61 &
1940 950 109 61 incon

1260 996 228 62 uenientibus
1442 996 182 62 seclusis
1579 996 121 62 quae
1654 996 91 62 in
1700 996 91 62 eo
1745 996 182 62 accidere
1882 996 167 62 solent:
1988 996 61 62 vi

1270 1040 136 47 detur
1360 1040 226 47 prohibitus,
1541 1040 90 47 eo
1586 1040 120 47 quod
1662 1040 151 47 ludens
1767 1040 120 47 vult
1842 1040 151 47 facere
1933 1040 105 47 artem

1263 1088 176 43 viuendi
1391 1088 96 43 in
1439 1088 144 43 ocio:
1534 1088 223 43 excutiendo
1710 1088 80 43 a
1742 1088 96 43 se
1790 1088 128 43 onus
1869 1088 128 43 Adae
1949 1088 80 43 &
1965 1088 64 43 po

1258 1127 185 54 steritati
1400 1127 114 54 eius
1471 1127 199 54 impositum:
1628 1127 114 54 quod
1699 1127 85 54 in
1742 1127 142 54 sudore
1842 1127 142 54 vultus
1927 1127 114 54 vesce-

1263 1172 141 58 retur
1357 1172 110 58 suo
1420 1172 141 58 pane,
1514 1172 78 58 &
1546 1172 126 58 quod
1624 1172 126 58 homo
1703 1172 141 58 natus
1797 1172 110 58 est
1859 1172 94 58 ad
1891 1172 141 58 laborem

1255 1215 155 50 sicut
1358 1215 138 50 auis
1444 1215 103 50 ad
1496 1215 224 50 volandum.
1668 1215 138 50 Iob.
1754 1215 103 50 v.
1806 1215 103 50 In
1858 1215 121 50 opp
1909 1215 138 50 ositum

1264 1263 198 57 arguitur:
1416 1263 167 57 vltimum
1538 1263 213 57 argumentum
1705 1263 228 57 refellendo.
1873 1263 152 57 pleriqui

1267 1305 123 59 sunt
1343 1305 184 59 diuitiis
1481 1305 169 59 parentu
1604 1305 199 59 viuentes:
1758 1305 107 59 qui
1819 1305 92 59 in
1850 1305 199 59 iucunditate

1263 1349 80 58 &
1295 1349 160 58 labore
1407 1349 144 58 nullo
1503 1349 112 58 vel
1567 1349 160 58 modico
1680 1349 144 58 extra
1776 1349 256 58 recreationem
1968 1349 80 58 vi-

1265 1395 143 51 uunt,
1360 1395 127 51 quos
1440 1395 175 51 damnare
1567 1395 111 51 non
1631 1395 159 51 potes,
1742 1395 127 51 modo
1821 1395 207 51 praecepta
1965 1395 79 51 dei

1260 1439 81 48 &
1292 1439 178 48 hominum
1421 1439 194 48 seruent:
1567 1439 113 48 non
1631 1439 129 48 enim
1712 1439 113 48 est
1777 1439 226 48 praeceptum
1954 1439 97 48 ad
1986 1439 65 48 li

1251 1486 142 49 teram
1346 1486 95 49 in
1393 1486 158 49 sudore
1503 1486 158 49 vultus
1614 1486 173 49 lucrari
1740 1486 158 49 panem,
1850 1486 95 49 vt
1897 1486 142 49 patet
1976 1486 63 49 de

1262 1528 171 51 multis
1382 1528 188 51 obtusis
1518 1528 188 51 regibus
1655 1528 85 51 &
1689 1528 256 51 principibus
1894 1528 85 51 &
1911 1528 137 51 multis

1263 1574 239 44 opulentorum
1454 1574 175 44 liberis
1582 1574 191 44 rudibus:
1725 1574 143 44 quos,
1821 1574 96 44 si
1869 1574 175 44 aliunde
1980 1574 64 44 be

1262 1612 100 57 ne
1312 1612 184 57 viuant,
1446 1612 184 57 damnate
1580 1612 117 57 non
1647 1612 201 57 debemus,
1798 1612 117 57 nec
1865 1612 184 57 constat
1982 1612 67 57 vl

1260 1659 91 52 lo
1305 1659 136 52 pacto
1396 1659 121 52 quod
1472 1659 212 52 taxillorum
1638 1659 136 52 ludus
1729 1659 136 52 esset
1820 1659 91 52 in
1865 1659 151 52 lumine
1956 1659 76 52 na-

1253 1706 164 45 turali
1368 1706 246 45 prohibendus
1565 1706 197 45 seclusis
1712 1706 148 45 malis
1811 1706 131 45 quae
1877 1706 164 45 superius

1249 1748 100 48 in
1299 1748 116 48 hac
1366 1748 266 48 distinctione
1582 1748 266 48 recitauimus.
1798 1748 183 48 Secundo
1914 1748 133 48 argui-

1258 1797 124 45 tur
1329 1797 177 45 contra
1453 1797 247 45 argumentum
1647 1797 265 45 praecedens.
1841 1797 194 45 periculum

1267 1838 167 54 subiens
1388 1838 152 54 crebro
1495 1838 152 54 vicino
1601 1838 152 54 tristi
1708 1838 213 54 succurrit,
1875 1838 76 54 &
1905 1838 122 54 eius
1966 1838 76 54 moe

1267 1887 134 52 rorem
1356 1887 178 52 euacuat:
1490 1887 119 52 ergo
1564 1887 104 52 est
1624 1887 149 52 vtilis
1728 1887 178 52 personae
1862 1887 193 52 priuatae,
1995 1887 45 52 &

1270 1927 91 44 ex
1315 1927 228 44 consequenti
1498 1927 122 44 toti
1574 1927 228 44 reipublicae
1756 1927 274 44 categorematice
1969 1927 76 44 ra-

1256 1978 146 43 tione
1353 1978 178 43 partis.
1482 1978 210 43 Assumptum
1644 1978 162 43 patet.
1758 1978 113 43 cum
1823 1978 146 43 nauis
1920 1978 97 43 in
1952 1978 81 43 ter

1261 2017 133 46 mino
1345 2017 183 46 statuto
1478 2017 117 46 non
1545 2017 150 46 redit
1645 2017 117 46 tot
1712 2017 283 46 discriminibus
1928 2017 117 46 maris

1255 2058 88 57 &
1291 2058 228 57 piratarum
1466 2058 228 57 exposita,
1641 2058 298 57 sollicitudine
1887 2058 88 57 &
1905 2058 140 57 moero-

1257 2107 95 49 re
1305 2107 190 49 mercator
1447 2107 190 49 laborat:
1589 2107 127 49 ergo
1668 2107 95 49 vt
1716 2107 221 49 subleuetur
1874 2107 158 49 conducit

1256 2152 102 49 ei
1307 2152 170 49 habere
1426 2152 203 49 capitale
1578 2152 170 49 saluum
1697 2152 119 49 cum
1765 2152 203 49 mediocri
1900 2152 136 49 lucro,

1260 2202 161 49 potius
1373 2202 129 49 quam
1453 2202 161 49 maneat
1566 2202 97 49 in
1614 2202 129 49 toto
1695 2202 129 49 illo
1775 2202 177 49 tempore
1904 2202 113 49 quo
1952 2202 81 49 na-

1250 2240 109 50 uis
1313 2240 109 50 non
1375 2240 140 50 venit
1468 2240 93 50 in
1515 2240 171 50 termino
1639 2240 187 50 praefixo
1779 2240 93 50 in
1826 2240 187 50 moerore:
1951 2240 93 50 quia

1262 2281 125 51 llud
1341 2281 110 51 est
1403 2281 235 51 aestimabile
1591 2281 172 51 precio,
1717 2281 188 51 conducit
1858 2281 125 51 ergo
1920 2281 110 51 domi-

1255 2333 94 49 no
1302 2333 157 49 mercis
1412 2333 78 49 &
1443 2333 188 49 familiae
1584 2333 125 49 suae
1663 2333 157 49 potius
1773 2333 125 49 dare
1851 2333 188 49 ducentos
1976 2333 63 49 du

1253 2372 145 50 catos
1349 2372 129 50 quam
1430 2372 161 50 manere
1542 2372 112 50 vno
1606 2372 145 50 mense
1703 2372 112 50 vel
1767 2372 161 50 duobus
1879 2372 96 50 in
1912 2372 112 50 tedio

1250 2416 96 49 sa
1298 2416 208 49 anxietate
1458 2416 80 49 &
1490 2416 128 49 cura
1570 2416 144 49 nauis
1665 2416 208 49 periturae
1825 2416 96 49 ab
1873 2416 144 49 India
1953 2416 80 49 vel

1264 2462 215 47 Alexandria
1433 2462 185 47 Aegypti.
1571 2462 123 47 ltem
1648 2462 92 47 si
1694 2462 185 47 capitale
1833 2462 108 47 sit
1895 2462 92 47 ab
1925 2462 108 47 hosti

1262 2505 100 52 bus
1319 2505 171 52 ablatum,
1447 2505 157 52 habebit
1561 2505 143 52 sortem
1661 2505 143 52 saluam
1761 2505 100 52 cum
1818 2505 171 52 partiali
1932 2505 114 52 lucro.

1261 2549 95 45 nec
1316 2549 149 45 videtur
1424 2549 162 45 conditio
1546 2549 108 45 eius
1613 2549 135 45 melior
1708 2549 108 45 quam
1776 2549 95 45 eum
1830 2549 149 45 securum
1925 2549 108 45 facien

1252 2592 109 56 tis:
1320 2592 95 56 nec
1375 2592 177 56 econverso
1511 2592 163 56 secundum
1633 2592 163 56 iudicium
1755 2592 190 56 prudentum.
1905 2592 68 56 &
1918 2592 109 56 contra

1252 2642 115 46 ctus
1323 2642 115 46 iste
1395 2642 129 46 nulla
1481 2642 115 46 lege
1552 2642 172 46 positiua
1681 2642 100 46 est
1738 2642 215 46 prohibitus:
1910 2642 115 46 immo
1967 2642 72 46 vix

1259 2678 114 51 lege
1330 2678 171 51 naturali
1459 2678 114 51 eius
1530 2678 200 51 prohibitio
1687 2678 157 51 ostendi
1801 2678 157 51 potest.
1901 2678 129 51 igitur.

1254 2725 89 55 â‹
1290 2725 284 55 Respondetur.
1521 2725 178 55 primum
1645 2725 195 55 membrum
1787 2725 195 55 admitto
1929 2725 107 55 vt
1965 2725 71 55 ab

1266 2777 176 62 omnibus
1394 2777 160 62 passim
1506 2777 240 62 admittitur.
1699 2777 96 62 Et
1747 2777 96 62 ex
1795 2777 128 62 illo
1875 2777 160 62 potest
1971 2777 64 62 du
