2281 3316
498 174 694 140 istinctionis

414 305 192 74 senectae.
562 305 89 74 Si
606 305 133 74 dicas
695 305 163 74 hominem
813 305 89 74 se
858 305 133 74 posse
946 305 148 74 facile
1050 305 133 74 tueri
1124 305 59 74 ab

422 369 91 64 bis
474 369 156 64 secundum
591 369 169 64 consilium
721 369 130 64 poetae
812 369 169 64 dicentis.
941 369 104 64 Area
1006 369 91 64 tum
1058 369 130 64 primum
1149 369 78 64 in

420 418 131 60 genti
508 418 102 60 est
566 418 174 60 aequanda
697 418 189 60 cylindro:
842 418 87 60 Et
885 418 174 60 vertenda
1016 418 131 60 manu:
1103 418 87 60 et
1132 418 73 60 cre

417 463 91 54 ta
462 463 198 54 solidanda
615 463 167 54 tenaci:
736 463 91 54 Ne
782 463 167 54 subeant
904 463 183 54 haerbae:
1041 463 107 54 neu
1086 463 107 54 pulue

422 501 81 60 re
462 501 121 60 victa
543 501 189 60 fathiscat.
691 501 94 60 hoc
745 501 94 60 non
799 501 148 60 obstat:
907 501 108 60 quia
974 501 81 60 in
1014 501 108 60 toto
1082 501 94 60 hoc
1136 501 94 60 ar-

413 545 148 64 tificio
520 545 108 64 opus
588 545 94 64 est
641 545 148 64 materia
749 545 67 64 &
776 545 148 64 labore.
884 545 81 64 Et
924 545 121 64 licet
1005 545 94 64 det
1059 545 121 64 signa
1126 545 54 64 ir

417 592 176 65 gnostica
549 592 147 65 quibus
652 592 220 65 cognoscamus
828 592 234 65 fertilitatem
1018 592 161 65 frumeti
1121 592 73 65 per

416 641 186 52 amygdalum,
562 641 172 52 inquiens.
694 641 212 52 Contemplator
867 641 119 52 item:
946 641 93 52 cum
999 641 80 52 se
1039 641 93 52 nux
1079 641 119 52 plurli-

422 680 93 53 ma
468 680 155 53 syluis
576 680 155 53 Induet
685 680 93 53 in
731 680 170 53 fiorem:
855 680 77 53 &
886 680 139 53 ramos
978 680 186 53 curuabit
1102 680 93 53 olen

423 719 113 65 tes:
493 719 84 65 Si
536 719 141 65 supant
634 719 155 65 foetus:
747 719 155 65 pariter
859 719 169 65 frumenta
986 719 197 65 sequentur:
1127 719 56 65 Ma

421 764 132 70 gnaque
513 764 93 70 cum
566 764 119 70 magno
646 764 132 70 veniet
739 764 146 70 tritura
845 764 146 70 calore.
951 764 93 70 num
1004 764 106 70 quam
1070 764 119 70 tamen
1136 764 53 70 va

419 810 127 60 cabis
503 810 169 60 periculo
630 810 70 60 &
658 810 155 60 improbo
771 810 155 60 labore.
883 810 113 60 Quia
954 810 141 60 liceat
1052 810 113 60 ista
1109 810 84 60 eme-

421 854 83 55 re,
469 854 119 55 patet.
552 854 95 55 quia
612 854 143 55 venditor
719 854 83 55 est
767 854 72 55 in
803 854 72 55 ea
838 854 179 55 necessitate
981 854 95 55 quam
1041 854 131 55 vendere
1124 854 60 55 con

413 902 160 64 pellitur:
536 902 86 64 tum
585 902 136 64 propter
684 902 148 64 inopiam:
795 902 86 64 tum
844 902 136 64 propter
943 902 148 64 decessum
1054 902 74 64 ad
1091 902 99 64 loca
1140 902 62 64 re-

420 949 127 48 mota:
505 949 99 48 tum
561 949 113 48 quod
632 949 99 48 nec
689 949 99 48 ipe
745 949 99 48 nec
802 949 113 48 eius
873 949 141 48 famuli
972 949 141 48 audent
1057 949 141 48 laborare

407 990 147 62 propter
514 990 201 62 crudelitate
674 990 147 62 tyranni
781 990 147 62 vicini.
888 990 161 62 Videatur
1009 990 120 62 autem
1076 990 120 62 quantum

418 1039 175 48 trumenti
550 1039 131 48 solet
637 1039 161 48 colligi
754 1039 88 48 ex
798 1039 102 48 hac
856 1039 131 48 terra
944 1039 88 48 in
988 1039 175 48 mediocri
1104 1039 88 48 anno

424 1076 100 57 hoc
481 1076 100 57 est
538 1076 100 57 nec
594 1076 171 57 vberrimo
723 1076 100 57 nec
779 1076 242 57 sterilissimo:
979 1076 71 57 &
1007 1076 171 57 tollatur
1121 1076 71 57 ali

422 1131 104 60 quid
487 1131 144 60 ratione
592 1131 144 60 laboris
696 1131 65 60 &
722 1131 183 60 impensarum
866 1131 196 60 faciendarum
1022 1131 91 60 pro
1061 1131 131 60 frumento

420 1164 231 65 colligendo:
604 1164 185 65 prudentu
743 1164 200 65 colonorum
897 1164 185 65 iudicio,
1036 1164 77 65 &
1067 1164 108 65 sic
1113 1164 77 65 non

425 1212 104 59 trit
490 1212 131 59 error.
582 1212 78 59 Ex
621 1212 104 59 isto
686 1212 117 59 patet
764 1212 104 59 quod
830 1212 157 59 arpentum
947 1212 157 59 frumenti
1064 1212 117 59 minus
1130 1212 65 59 va-

421 1254 108 59 let
482 1254 93 59 in
529 1254 139 59 agris
621 1254 201 59 Suyntoen.
775 1254 77 59 &
806 1254 154 59 Norem,
914 1254 123 59 quam
991 1254 93 59 in
1022 1254 170 59 Coldingam

420 1296 59 71 &
444 1296 154 71 Bambrucur
562 1296 142 71 scilicet
669 1296 130 71 propter
764 1296 142 71 occursum
870 1296 130 71 hostium
965 1296 130 71 tempore
1060 1296 118 71 belli.
1131 1296 71 71 idem

425 1356 124 48 patet
508 1356 83 48 de
549 1356 179 48 palachiae
687 1356 69 48 &
714 1356 165 48 Ragusiae
838 1356 138 48 agris.
934 1356 151 48 Secundo
1045 1356 124 48 patet
1113 1356 83 48 quod

422 1400 175 50 frumentum
556 1400 148 50 proxime
663 1400 188 50 colligedum
811 1400 107 50 plus
878 1400 121 50 valet
959 1400 107 50 quam
1026 1400 134 50 quando
1106 1400 81 50 prio

416 1431 154 64 ferebat
528 1431 154 64 fructum
640 1431 84 64 in
682 1431 140 64 culmo:
780 1431 70 64 &
808 1431 112 64 tunc
877 1431 126 64 magis
961 1431 98 64 qui
1017 1431 140 64 quando
1101 1431 98 64 semi-

421 1475 163 69 nabatur.
543 1475 135 69 Tertio
638 1475 122 69 patet
719 1475 108 69 quod
787 1475 122 69 licet
868 1475 163 69 emptorem
990 1475 135 69 istius
1072 1475 135 69 frumenti

424 1521 170 64 moderate
551 1521 155 64 lucrari
664 1521 71 64 &
692 1521 141 64 iuste:
791 1521 113 64 quia
862 1521 85 64 si
904 1521 99 64 non
961 1521 127 64 esset
1046 1521 113 64 spes
1102 1521 99 64 lucri

417 1565 108 63 non
478 1565 200 63 assumeret
632 1565 123 63 hunc
710 1565 185 63 laborem.
848 1565 108 63 Pro
910 1565 139 63 lucro
1003 1565 93 63 tu
1049 1565 123 63 pone
1110 1565 93 63 dien

426 1609 170 85 quocumque
557 1609 157 85 laboras.
675 1609 92 85 Nec
727 1609 170 85 propterea
858 1609 157 85 sequitur
976 1609 105 85 quod
1041 1609 144 85 vendens
1133 1609 65 85 per

416 1653 106 67 dat:
482 1653 93 67 sed
535 1653 106 67 itat
601 1653 159 67 vtrumque
721 1653 119 67 aeque
800 1653 199 67 participare
959 1653 146 67 lucrum:
1065 1653 119 67 licet
1132 1653 66 67 hoc

421 1698 102 61 non
480 1698 205 61 requiratur
641 1698 88 61 ad
684 1698 132 61 mediu
772 1698 190 61 emptionis
918 1698 73 61 &
948 1698 234 61 venditionis.
1123 1698 73 61 sus

422 1746 116 62 ficit
499 1746 116 62 autem
577 1746 103 62 quod
641 1746 116 62 nihil
718 1746 142 62 iniquae
822 1746 103 62 fiat
886 1746 77 62 in
925 1746 180 62 contractu.
1066 1746 77 62 Si
1105 1746 103 62 vero
1156 1746 52 62 em

419 1787 120 72 ptor
494 1787 165 72 caperet
614 1787 105 72 hic
673 1787 209 72 excessiuum
838 1787 165 72 lucrum:
958 1787 135 72 esset
1047 1787 135 72 vsura
1122 1787 75 72 sub

427 1835 113 60 mutuo
503 1835 213 60 interprtatiuo
678 1835 138 60 ratione
778 1835 163 60 temporis.
928 1835 75 60 Ex
966 1835 138 60 omnibus
1066 1835 113 60 patet
1129 1835 75 60 quod

424 1889 164 51 mercator
548 1889 137 51 licite
643 1889 137 51 potest
739 1889 96 51 pro
794 1889 96 51 sua
849 1889 123 51 merce
931 1889 110 51 plus
1000 1889 123 51 capre
1082 1889 96 51 qui
1123 1889 82 51 merx

424 1923 117 63 nunc
497 1923 146 63 valeat
600 1923 88 63 in
643 1923 131 63 foro:
731 1923 161 63 dummodo
848 1923 102 63 duo
906 1923 190 63 ponantur.
1052 1923 146 63 Primum
1140 1923 73 63 est

418 1971 108 66 quod
486 1971 95 66 non
540 1971 163 66 intendat
662 1971 108 66 nunc
730 1971 149 66 vendere
838 1971 108 66 suam
906 1971 149 66 mercem:
1014 1971 95 66 sed
1055 1971 149 66 expectare

428 2014 115 65 tepus
505 2014 89 65 quo
556 2014 102 65 vero
619 2014 140 65 simiter
721 2014 102 65 ipsa
785 2014 102 65 plus
848 2014 153 65 valebit.
963 2014 153 65 Secundum
1077 2014 89 65 est
1116 2014 76 65 quod

422 2055 81 66 no
462 2055 134 66 capiat
556 2055 121 66 vltra
637 2055 161 66 praecium
758 2055 108 66 vero
825 2055 134 66 simile
919 2055 148 66 futurum
1026 2055 148 66 iudicio
1120 2055 81 66 pru-

430 2097 174 69 dentum
552 2097 261 69 mercatorum.
761 2097 105 69 Si
813 2097 139 69 enim
900 2097 139 69 plus
987 2097 192 69 capiat,
1109 2097 105 69 vsu-

431 2144 105 69 ram
491 2144 211 69 committit:
657 2144 75 69 &
687 2144 135 69 illud
777 2144 211 69 restituere
942 2144 165 69 tenetur
1063 2144 120 69 dato
1123 2144 90 69 quod

434 2187 130 62 merx
515 2187 130 62 ipsa
596 2187 162 62 carior
709 2187 162 62 fuerit
822 2187 178 62 emptori
952 2187 81 62 &
984 2187 162 62 multum
1081 2187 130 62 super-

433 2235 214 61 lucretur:
597 2235 99 61 vt
647 2235 99 61 si
696 2235 165 61 vendam
812 2235 132 61 tibi
894 2235 181 61 iuuenem
1026 2235 148 61 equum
1108 2235 99 61 vigi

437 2284 93 67 ti
483 2284 154 67 scutis
591 2284 216 67 expectando
761 2284 201 67 pecuniam,
915 2284 108 67 qui
977 2284 170 67 iudicio
1085 2284 124 67 omnium

435 2317 108 76 non
496 2317 138 76 valet
588 2317 138 76 vltra
681 2317 215 76 quindecim:
850 2317 154 76 teneor
958 2317 123 76 tibi
1019 2317 185 76 restituere

437 2367 173 71 quinque
563 2367 157 71 scuta:
673 2367 126 71 dato
751 2367 126 71 quod
830 2367 94 71 ob
877 2367 173 71 aliorum
1003 2367 173 71 equorum
1113 2367 94 71 mor-

431 2410 99 64 tem
488 2410 114 64 iste
559 2410 156 64 valeat.
672 2410 99 64 xl.
729 2410 142 64 Vltimo
828 2410 85 64 ex
871 2410 142 64 dictis
970 2410 156 64 habetur
1084 2410 114 64 quod
1141 2410 85 64 tri-

425 2458 150 68 ticum
525 2458 250 68 condensatur
725 2458 100 68 ad
775 2458 167 68 certam
892 2458 250 68 densitatem:
1092 2458 117 68 sic
1142 2458 67 68 vt

437 2504 173 76 amplius
563 2504 94 76 in
610 2504 126 76 illa
688 2504 157 76 specie
798 2504 110 76 non
861 2504 157 76 possit
971 2504 235 76 naturaliter
1144 2504 78 76 con

416 2559 160 63 densari.

480 2610 414 96 Distinctionis
797 2610 390 96 Decimaequintae

518 2714 285 75 Quaestio
708 2714 427 75 Trigesimatertia.

1195 198 248 102 aS
1319 198 372 102 ecime
1526 198 372 102 quintae

1519 309 113 96 ve
1576 309 226 96 Vaeritur
1745 309 189 96 quito.
1877 309 113 96 an
1915 309 132 96 inste

1540 367 139 88 casus
1632 367 108 88 sit
1694 367 216 88 vsurarius.
1863 367 154 88 sortes
1956 367 77 88 dat

1564 431 169 59 Platoni
1686 431 107 59 bis
1748 431 138 59 mille
1840 431 153 59 libras
1932 431 107 59 ster-

1559 476 192 72 lingorum
1703 476 160 72 mutuo,
1814 476 176 72 capiens
1942 476 96 72 a.
1974 476 64 72 pa

1517 521 107 58 gum
1578 521 137 58 annue
1669 521 183 58 valentem
1806 521 152 58 centum
1898 521 137 58 sterlin

1569 566 132 61 gorum
1657 566 147 61 libras
1760 566 88 61 in
1804 566 176 61 pignore.
1922 566 117 61 sortes

1561 608 129 64 tenet
1647 608 86 64 a.
1689 608 129 64 pagum
1775 608 72 64 &
1804 608 157 64 fructus
1918 608 114 64 eius
1975 608 72 64 col

1241 577 312 90 A

1529 645 208 71 Aligit.
1680 645 132 71 xx.
1756 645 189 71 annos.
1888 645 94 71 &
1907 645 132 71 demum

1258 706 122 54 suas
1334 706 107 54 bis
1395 706 137 54 mille
1486 706 152 54 libras
1593 706 183 54 recipit.
1730 706 122 54 lsto
1806 706 122 54 casu
1867 706 168 54 supposito

1263 743 186 62 vtrinque
1402 743 232 62 argumentor.
1587 743 93 62 Ad
1634 743 155 62 partem
1742 743 201 62 negatiuam
1897 743 108 62 per
1943 743 93 62 defi

1248 788 160 59 nitione
1365 788 160 59 vsurae:
1481 788 116 59 quia
1554 788 131 59 capit
1641 788 145 59 lucrum
1742 788 131 59 vltra
1830 788 145 59 sortem
1931 788 87 59 vi
1960 788 73 59 mu-

1252 840 109 51 tui:
1321 840 177 51 quotannis
1457 840 109 51 enim
1525 840 164 51 percipit
1648 840 150 51 centum:
1757 840 68 51 &
1785 840 109 51 hoc.
1853 840 96 51 xx.
1908 840 136 51 annis:
1989 840 55 51 er

1255 878 80 72 go
1295 878 160 72 colligit
1415 878 93 72 bis
1468 878 120 72 mille
1548 878 133 72 libras
1641 878 213 72 sterlingorum
1815 878 80 72 in
1855 878 107 72 illo
1908 878 120 72 tempore

1251 922 100 62 qui
1308 922 200 62 octodecies
1465 922 128 62 mille
1550 922 157 62 francos
1664 922 143 62 valent
1764 922 71 62 &
1793 922 171 62 amplius:
1921 922 71 62 &
1949 922 86 62 in
1978 922 57 62 fi

1265 964 82 59 ne
1306 964 124 59 capit
1389 964 151 59 sortem.
1499 964 69 59 &
1526 964 96 59 hoc
1581 964 124 59 facit
1664 964 151 59 ratione
1773 964 137 59 mutui:
1869 964 110 59 quia
1938 964 82 59 ab
1966 964 82 59 omni

1249 1010 109 58 bus
1312 1010 155 58 mutuum
1420 1010 233 58 appellatur.
1607 1010 93 58 Ad
1654 1010 155 58 partem
1762 1010 249 58 affirmatiuam
1964 1010 109 58 ar-

1260 1056 214 66 gumentor.
1424 1056 115 66 hic
1490 1056 148 66 casus
1588 1056 164 66 passim
1703 1056 148 66 inter
1802 1056 148 66 viros
1884 1056 164 66 honestos

1261 1099 193 64 admittitur:
1416 1099 90 64 nec
1467 1099 64 64 a
1493 1099 193 64 sapientibus
1648 1099 193 64 reprobatur:
1802 1099 103 64 erp?
1867 1099 90 64 est
1905 1099 129 64 licitus.

1303 1154 143 96 Pro
1385 1154 265 96 solutione
1589 1154 306 96 quaestionis
1833 1154 183 96 ponam
1935 1154 102 96 pro

1265 1227 230 69 positiones.
1448 1227 153 69 quarum
1555 1227 138 69 Prima
1647 1227 122 69 est.
1724 1227 184 69 mutuans,
1861 1227 122 69 nont
1923 1227 122 69 capere

1274 1276 150 55 pignus
1379 1276 90 55 ad
1424 1276 241 55 securitatem:
1620 1276 90 55 vt
1665 1276 105 55 sit
1725 1276 165 55 securus
1845 1276 90 55 de
1891 1276 75 55 i
1906 1276 135 55 habenda

1270 1321 142 57 forte:
1369 1321 100 57 vel
1426 1321 142 57 tenere
1526 1321 185 57 aequalens
1669 1321 100 57 vel
1726 1321 242 57 chirographum:
1925 1321 71 57 &
1939 1321 100 57 etiam

1268 1363 70 63 a
1296 1363 209 63 fideiussore
1463 1363 195 63 mutuatarii
1616 1363 139 63 potest
1714 1363 139 63 accipi
1811 1363 153 63 pignus.
1909 1363 139 63 probatur

1272 1408 211 56 conclusio.
1437 1408 90 56 si
1483 1408 105 56 non
1543 1408 165 56 liceret
1663 1408 180 56 recipere
1798 1408 150 56 pignus
1904 1408 105 56 vel
1949 1408 105 56 hypo-

1264 1455 175 61 thecam:
1391 1455 111 61 hoc
1455 1455 143 61 esset
1550 1455 143 61 ideo:
1645 1455 127 61 quia
1725 1455 191 61 capiendo
1852 1455 206 61 committeret

1266 1496 153 61 vsuram:
1377 1496 97 61 sed
1433 1496 97 61 hoc
1489 1496 97 61 est
1544 1496 153 61 falsum:
1656 1496 111 61 quia
1725 1496 97 61 non
1781 1496 125 61 capit
1864 1496 167 61 dominium
1975 1496 70 61 re-

1266 1543 159 62 cepti
1372 1543 106 62 vi
1426 1543 283 62 mutuationis:
1656 1543 124 62 cum
1726 1543 212 62 dominium
1886 1543 159 62 penes
1974 1543 71 62 mu

1266 1587 206 60 tuatarium,
1428 1587 103 60 vel
1487 1587 235 60 fideiussorem
1678 1587 162 60 maneat:
1795 1587 73 60 &
1825 1587 103 60 non
1883 1587 162 60 recipit
1986 1587 59 60 vi

1267 1629 140 66 mutui:
1365 1629 98 66 sed
1421 1629 84 66 vi
1463 1629 224 66 securitatis:
1645 1629 70 66 &
1672 1629 84 66 vt
1714 1629 168 66 seruetur
1840 1629 182 66 indennis.
1966 1629 84 66 modo

1272 1679 145 54 multi
1368 1679 161 54 magnam
1481 1679 193 54 iacturam
1626 1679 193 54 mutuando
1771 1679 209 54 fecerunt.
1931 1679 129 54 ipse
1996 1679 64 54 au

1266 1724 93 56 tem
1319 1724 107 56 vult
1386 1724 80 56 se
1426 1724 80 56 ab
1466 1724 107 56 illo
1533 1724 200 56 praeseruare
1693 1724 133 56 solum,
1786 1724 147 56 proximo
1893 1724 147 56 faciens
1986 1724 67 56 gra

1273 1764 136 64 tiam
1358 1764 102 64 de
1409 1764 170 64 mutuo.
1528 1764 119 64 Sic
1596 1764 187 64 Thobias
1732 1764 153 64 cepit
1834 1764 85 64 a
1868 1764 170 64 Gabelo
1970 1764 85 64 pi-

1274 1806 142 70 gnus.
1369 1806 174 70 Thobiae
1496 1806 158 70 primo.
1606 1806 79 70 &
1638 1806 158 70 ouerb.
1749 1806 111 70 xx.
1812 1806 190 70 dicitur.
1938 1806 111 70 Tolle

1279 1859 215 57 vestimentum
1451 1859 115 57 eius
1523 1859 101 57 qui
1580 1859 201 57 fideiustor
1738 1859 158 57 extitit
1853 1859 158 57 alieni:
1968 1859 72 57 &
1982 1859 72 57 pro

1265 1900 199 56 extraneis
1418 1900 138 56 aufer
1509 1900 153 56 pignus
1616 1900 92 56 ab
1662 1900 107 56 eo.
1724 1900 107 56 hoc
1785 1900 122 56 est:
1861 1900 153 56 licite
1953 1900 107 56 tolle

1269 1942 88 61 re
1313 1942 147 61 potes.
1416 1942 73 61 &
1446 1942 103 61 hoc
1504 1942 118 61 nisi
1578 1942 220 61 mutuatarius
1754 1942 103 61 sit
1813 1942 88 61 in
1857 1942 118 61 illo
1930 1942 118 61 casu
1989 1942 59 61 in

1278 1986 104 70 quo
1338 1986 164 70 mutuans
1457 1986 164 70 tenetur
1577 1986 90 70 ei
1621 1986 179 70 mutuare.
1756 1986 90 70 de
1800 1986 104 70 quo
1860 1986 119 70 casu
1935 1986 104 70 est
1979 1986 75 70 il-

1268 2033 111 56 lud
1332 2033 158 56 Exodi.
1442 2033 143 56 xxii.
1537 2033 95 56 Si
1585 2033 158 56 pignus
1696 2033 79 56 a
1727 2033 158 56 proxio
1838 2033 111 56 tuo
1886 2033 174 56 acceperis

1277 2074 256 62 vestimentum:
1485 2074 128 62 ante
1565 2074 144 62 solis
1661 2074 176 62 occasum
1789 2074 160 62 reddes
1901 2074 112 62 ei.
1949 2074 112 62 Ipsum

1278 2121 121 62 enim
1353 2121 106 62 est
1414 2121 136 62 solum
1504 2121 106 62 quo
1565 2121 181 62 operitur
1701 2121 211 62 indumentum
1867 2121 151 62 carnis
1957 2121 106 62 eius:

1274 2163 111 66 nec
1338 2163 143 66 habet
1433 2163 143 66 aliud
1528 2163 95 66 in
1576 2163 111 66 quo
1640 2163 191 66 dormiat.
1783 2163 159 66 Litera
1894 2163 143 66 satis
1974 2163 79 66 ex-

1287 2209 149 58 plicat
1391 2209 119 58 quod
1465 2209 223 58 necessarium
1644 2209 104 58 est
1703 2209 208 58 mutuatario
1867 2209 134 58 habre
1941 2209 119 58 pignus

1285 2254 120 68 pare
1360 2254 180 68 noctumo.
1495 2254 120 68 ldem
1570 2254 165 68 habetur
1689 2254 195 68 Leuitici.
1839 2254 120 68 xxv.
1914 2254 75 68 &
1929 2254 120 68 Deute.

1283 2307 153 49 xxiiii.
1394 2307 69 49 &
1422 2307 83 49 de
1463 2307 139 49 vsuris
1561 2307 111 49 cap.
1630 2307 83 49 i.
1672 2307 83 49 Ex
1713 2307 97 49 quo
1769 2307 194 49 colligitur
1921 2307 111 49 quod
1991 2307 69 49 l
2005 2307 55 49 ac

1284 2339 146 62 cipere
1387 2339 161 62 pignus:
1504 2339 73 62 &
1533 2339 132 62 extra
1621 2339 234 62 necessitatem
1811 2339 205 62 mutuatarii
1958 2339 102 62 ipsum

1280 2387 164 62 detinere.
1407 2387 76 62 Si
1444 2387 101 62 vero
1508 2387 88 62 sit
1558 2387 76 62 in
1596 2387 202 62 necessitate,
1760 2387 88 62 est
1811 2387 76 62 ei
1848 2387 88 62 pro
1899 2387 139 62 tempore
1987 2387 76 62 illo

1283 2429 202 65 reddendum:
1442 2429 72 65 &
1470 2429 145 65 postea
1572 2429 87 65 ab
1615 2429 116 65 ipso
1687 2429 217 65 accipiendum
1861 2429 145 65 quando
1962 2429 101 65 est
2005 2429 58 65 ex

1277 2472 95 67 tra
1332 2472 218 67 necessitate.
1509 2472 82 67 Si
1550 2472 123 67 autem
1632 2472 109 67 vasa
1700 2472 177 67 argentea,
1836 2472 150 67 torquem
1931 2472 123 67 aurtan-

1270 2519 111 68 aut
1334 2519 174 68 annulos
1460 2519 95 68 in
1508 2519 174 68 pignore
1635 2519 174 68 habeas:
1762 2519 127 68 quia
1841 2519 127 68 haec
1920 2519 111 68 non
1968 2519 95 68 sunt

1276 2563 143 70 proxio
1376 2563 215 70 necessaria:
1548 2563 100 70 non
1605 2563 157 70 teneris
1719 2563 86 70 ei
1762 2563 115 70 illa
1834 2563 215 70 restituere,
1991 2563 72 70 quo

1282 2608 100 64 ad
1332 2608 234 64 solutionem
1517 2608 151 64 mutui
1617 2608 117 64 tui
1684 2608 184 64 habeas.
1851 2608 184 64 Secunda
1968 2608 84 64 con

1287 2661 165 52 clusio.
1407 2661 90 52 si
1452 2661 105 52 sit
1512 2661 120 52 vera
1587 2661 135 52 ratio
1677 2661 285 52 impignorationis
1916 2661 90 52 in
1946 2661 120 52 titulo

1287 2707 193 74 uaestionis
1439 2707 138 74 sortes
1535 2707 179 74 committit
1673 2707 138 74 vsura.
1770 2707 110 74 Dico
1838 2707 69 74 (
1866 2707 110 74 vera
1935 2707 124 74 ratio
2004 2707 55 74 im
