2340 3340
488 302 244 65 dubitatione
683 302 195 65 dicetur.
829 302 98 65 In
878 302 276 65 praedicamento
1089 302 179 65 passionis

495 355 109 65 cum
558 355 140 65 iudex
651 355 171 65 iniquos
775 355 218 65 contractus
946 355 187 65 patitur:
1086 355 78 65 &
1117 355 78 65 a
1133 355 140 65 negocia

488 398 185 67 toribus
622 398 168 67 inique
723 398 235 67 corrumpitur.

486 450 117 84 ⁋
532 450 235 84 Contra
697 450 188 84 hanc
814 450 375 84 conclusionem
1095 450 188 84 aroui-

500 506 134 68 tur.
584 506 167 68 sortes
701 506 201 68 mercator
851 506 100 68 de
902 506 150 68 eodem
1002 506 150 68 panno
1102 506 167 68 vendit
1202 506 84 68 vni

511 568 137 62 vlnam
602 568 152 62 duobus
708 568 167 62 francis
830 568 106 62 cum
891 568 167 62 turono:
1012 568 152 62 alteri
1119 568 152 62 duobus
1210 568 76 62 cum

508 611 118 56 vno
576 611 202 56 duodeno:
727 611 168 56 tertio
845 611 168 56 duobus
963 611 118 56 cum
1030 611 168 56 duobus
1148 611 168 56 duode-

503 655 111 59 nis.
572 655 69 59 &
600 655 111 59 quod
669 655 166 59 quilibet
793 655 152 59 istorum
904 655 138 59 actuum
1001 655 97 59 sit
1056 655 166 59 licitus,
1166 655 111 59 proba-

498 696 102 57 tur
557 696 116 57 sic.
629 696 175 57 quilibet
760 696 131 57 eorum
848 696 131 57 cadit
935 696 131 57 super
1022 696 175 57 obiectum
1139 696 145 57 debitum:

502 742 76 61 &
532 742 136 61 nulla
623 742 257 61 circumstantia
835 742 197 61 requisita
986 742 136 61 deest
1077 742 136 61 prout
1153 742 136 61 supponi

495 791 128 58 tur:
575 791 80 58 &
607 791 80 58 a
639 791 239 58 prudentibus
830 791 255 58 mercatoribus
1038 791 207 58 quodlibet
1181 791 96 58 isto

497 837 109 54 rum
560 837 202 54 preciorum
715 837 202 54 reputatur
871 837 156 54 iustum
980 837 109 54 pro
1042 837 109 54 hac
1105 837 156 54 merce.
1198 837 78 54 sed

509 882 115 55 quod
580 882 158 55 iniuste
695 882 143 55 vendat
795 882 143 55 patet.
895 882 143 55 pannus
996 882 200 55 aequiualet
1153 882 115 55 soli
1210 882 72 55 vni

502 931 154 49 ulorum
610 931 216 49 preciorum:
779 931 170 49 ponamus
903 931 77 49 /
934 931 154 49 precio
1042 931 154 49 medio:
1150 931 124 49 ergo
1212 931 77 49 ven

495 966 132 62 dendo
583 966 88 62 in
628 966 118 62 alio
701 966 147 62 precio
804 966 103 62 est
863 966 176 62 deceptio
995 966 73 62 /
1024 966 103 62 vel
1083 966 88 62 ex
1127 966 132 62 parte
1201 966 88 62 emen

495 1020 110 46 tis
558 1020 110 46 vel
621 1020 94 46 ex
668 1020 141 46 parte
762 1020 220 46 vendentis.
935 1020 78 46 ⁋
966 1020 251 46 Respondetur.
1154 1020 126 46 beatus

515 1057 101 58 Tho.
578 1057 113 58 prima
654 1057 151 58 secundae
767 1057 163 58 quaestio.
892 1057 113 58 lxii.
968 1057 75 58 &.
1006 1057 138 58 lxiiii.
1106 1057 88 58 ar.
1156 1057 88 58 ii.
1194 1057 88 58 tenet

501 1098 112 62 quod
571 1098 139 62 medium
668 1098 84 62 in
710 1098 167 62 iustitia
836 1098 98 62 est
892 1098 139 62 medium
989 1098 112 62 rei.
1059 1098 112 62 quod
1129 1098 98 62 non
1170 1098 112 62 placet

502 1147 114 57 plus
573 1147 114 57 quam
645 1147 86 57 in
688 1147 214 57 temperantia
859 1147 100 57 vel
916 1147 86 57 in
959 1147 129 57 aliis
1045 1147 214 57 virtutibus.
1202 1147 86 57 Pro-

509 1200 162 48 pterea
622 1200 162 48 aliter
736 1200 259 48 respondendum
946 1200 178 48 censeo:
1076 1200 178 48 negando
1189 1200 81 48 qui

513 1244 118 48 vnum
587 1244 162 48 illorum
705 1244 192 48 preciorum
852 1244 133 48 merci
941 1244 192 48 adaequate
1074 1244 206 48 aequiualeat.

493 1274 112 64 nam
557 1274 192 64 latitudo
701 1274 160 64 precii
813 1274 96 64 vt
861 1274 96 64 in
910 1274 208 64 solutione
1070 1274 192 64 cuiusdam
1198 1274 96 64 argu

505 1315 135 59 menti
595 1315 150 59 primae
700 1315 224 59 quaestionis
879 1315 90 59 de
924 1315 135 59 vsura
1014 1315 150 59 dictum
1118 1315 120 59 est:
1178 1315 105 59 nullo

513 1375 128 51 modo
593 1375 112 51 est
657 1375 271 51 impartibilis.
880 1375 112 51 sed
943 1375 143 51 varii
1039 1375 207 51 prudentes
1182 1375 112 51 merca

501 1411 133 55 tores
590 1411 193 55 collecti:
738 1411 163 55 omnibus
857 1411 178 55 hincinde
990 1411 237 55 consideratis
1168 1411 118 55 dicunt

506 1455 141 60 vlnam
600 1455 157 60 istius
710 1455 141 60 panni
804 1455 94 60 vt
852 1455 173 60 minimum
977 1455 157 60 valere
1087 1455 126 60 duos
1150 1455 141 60 francos

505 1499 101 52 cum
562 1499 158 52 turono.
677 1499 86 52 et
721 1499 101 52 sic
778 1499 173 52 vendendo
908 1499 144 52 potest
1009 1499 173 52 mercator
1139 1499 158 52 viuere:
1239 1499 58 52 se

510 1540 162 52 seruando
631 1540 175 52 indemnem:
766 1540 67 52 &
793 1540 148 52 aliquid
901 1540 162 52 lucrari:
1022 1540 67 52 &
1049 1540 81 52 si
1090 1540 148 52 minoris
1184 1540 108 52 vendat

510 1579 148 69 perdit.
617 1579 94 69 hoc
671 1579 94 69 est
725 1579 94 69 sic
778 1579 161 69 vendendo
899 1579 94 69 non
953 1579 134 69 potest
1047 1579 148 69 viuere.
1155 1579 81 69 si
1181 1579 108 69 vendat

526 1630 200 61 idraginta
679 1630 185 61 duodenis
818 1630 77 61 &
849 1630 108 61 vno
910 1630 138 61 etiam
1003 1630 123 61 bene
1080 1630 169 61 vendit:
1203 1630 77 61 &
1218 1630 77 61 il-

501 1676 103 61 iud
560 1676 103 61 est
619 1676 162 61 precium
736 1676 191 61 mediocre.
883 1676 206 61 fauorabile
1045 1676 132 61 autem
1133 1676 162 61 precium
1236 1676 59 61 ex

513 1719 125 56 parte
597 1719 167 56 emptoris
722 1719 97 56 est
777 1719 139 56 inter.
875 1719 97 56 xl.
930 1719 83 56 &.
972 1719 111 56 xli.
1042 1719 181 56 duodenos.
1181 1719 97 56 hoc
1222 1719 70 56 est

510 1765 110 54 cum
573 1765 204 54 fractione
730 1765 204 54 turonorum
886 1765 141 54 inter
981 1765 125 54 duos
1059 1765 172 54 francos
1184 1765 78 54 &
1200 1765 94 54 vnum

512 1812 167 53 duodenum
637 1812 139 53 vltra.
735 1812 97 53 Vel
790 1812 139 53 dicere
888 1812 139 53 potes.
985 1812 111 53 quod
1055 1812 70 53 a
1082 1812 139 53 duobus
1166 1812 125 53 francis

509 1853 97 56 ad.
565 1853 125 56 viii.
648 1853 152 56 turonos
759 1853 180 56 inclusiue
897 1853 69 56 /
925 1853 97 56 est
980 1853 152 56 precium
1091 1853 208 56 fauorabile:
1243 1853 42 56 &

509 1903 125 49 tota
587 1903 187 49 latitudo
728 1903 140 49 supra
821 1903 109 49 ad.
884 1903 125 49 xli.
962 1903 187 49 duodenos
1102 1903 109 49 cum
1149 1903 140 49 quatuor

513 1943 165 57 turonis
633 1943 210 57 inclusiue,
798 1943 105 57 est
858 1943 180 57 latitudo
994 1943 150 57 precii
1099 1943 210 57 mediocris.
1249 1943 45 57 &

509 1984 127 49 tota
589 1984 191 49 latitudo
732 1984 191 49 superior
875 1984 95 49 ad
922 1984 127 49 duos
1002 1984 191 49 duodenos
1129 1984 159 49 inclusi-

517 2031 87 55 ue
560 2031 131 55 super
647 2031 116 55 duos
720 2031 174 55 francos,
850 2031 102 55 est
908 2031 174 55 latitudo
1039 2031 145 55 precii
1140 2031 160 55 extremi
1242 2031 44 55 &

507 2075 199 48 rigorosi.
660 2075 77 48 ⁋
691 2075 107 48 Sed
752 2075 153 48 contra
859 2075 107 48 hoc
920 2075 199 48 arguitur.
1074 2075 92 48 ex
1119 2075 123 48 isto
1181 2075 107 48 sequi

505 2118 96 52 tur
560 2118 110 52 quod
629 2118 137 52 vltima
725 2118 233 52 circumstantia
917 2118 165 52 recitata
1041 2118 82 52 in
1082 2118 110 52 fine
1137 2118 151 52 conclusio

514 2159 105 64 nis
574 2159 150 64 primae
679 2159 90 64 de
723 2159 194 64 monopolio
873 2159 105 64 sit
933 2159 165 64 nullius
1053 2159 180 64 momenti:
1172 2159 120 64 scili-

515 2215 101 48 cet
572 2215 116 48 quod
645 2215 130 48 ipsum
732 2215 217 48 committitur
906 2215 87 48 si
949 2215 203 48 mercatores
1109 2215 130 48 inter
1196 2215 87 48 se
1225 2215 72 48 con

511 2262 164 49 ueniant
631 2262 90 49 vt
675 2262 120 49 vnus
750 2262 149 49 liber(
855 2262 149 49 gratia
959 2262 164 49 exempli
1079 2262 149 49 biblia
1183 2262 90 49 de
1213 2262 75 49 no-

506 2304 100 51 uo
556 2304 216 51 impressa,
722 2304 116 51 non
788 2304 199 51 vendatur
938 2304 182 51 minoris
1070 2304 166 51 duobus
1170 2304 116 51 fran-

515 2339 115 60 cis.
586 2339 72 60 &
615 2339 158 60 ponatur
729 2339 115 60 quod
801 2339 100 60 duo
858 2339 143 60 franci
959 2339 115 60 sint
1030 2339 172 60 extremum
1145 2339 143 60 inclusi-

520 2393 87 47 ue
564 2393 145 47 precii
666 2393 189 47 rigorosi.
811 2393 116 47 Tunc
884 2393 116 47 sic.
957 2393 116 47 isti
1029 2393 204 47 mercatores
1175 2393 116 47 licite

514 2428 154 51 vendunt
626 2428 98 51 vni
682 2428 70 51 /
710 2428 154 51 precio.
822 2428 98 51 xl.
878 2428 70 51 &
906 2428 126 51 eadem
989 2428 154 51 ratione
1101 2428 154 51 secundo
1213 2428 70 51 /
1227 2428 70 51 ter

519 2472 90 61 tio
570 2472 64 61 /
596 2472 128 61 quarto
686 2472 64 61 /
712 2472 64 61 &
737 2472 141 61 omnibus
840 2472 269 61 superuenientibus:
1071 2472 103 61 quia
1135 2472 128 61 semper
1212 2472 77 61 sunt

520 2525 83 47 in
562 2525 193 47 latitudine
713 2525 124 47 iusti
796 2525 152 47 precii:
906 2525 110 47 ergo
975 2525 138 47 contra
1071 2525 138 47 nullum
1154 2525 138 47 peccant:

513 2564 106 52 nec
573 2564 151 52 contra
679 2564 242 52 rempublicam:
876 2564 121 52 quia
952 2564 121 52 dato
1028 2564 197 52 opposito:
1164 2564 121 52 sequi-

519 2605 108 55 tur
580 2605 123 55 quod
657 2605 169 55 aliquis
780 2605 139 55 iuste
873 2605 154 55 agendo
981 2605 123 55 male
1058 2605 139 55 agat:
1150 2605 123 55 ergo
1212 2605 92 55 pos-

508 2647 118 49 sunt
582 2647 133 49 inter
670 2647 88 49 se
715 2647 162 49 pacisci
832 2647 118 49 quod
906 2647 103 49 non
965 2647 162 49 minoris
1083 2647 177 49 vendent.
1215 2647 74 49 ⁋
1230 2647 59 49 Re

517 2694 197 62 spondetur
668 2694 212 62 concedendo
834 2694 121 62 quod
910 2694 136 62 iuste
1001 2694 181 62 vendunt:
1137 2694 136 62 licet
1212 2694 76 62 ri

1348 285 159 76 gorose.
1463 285 101 76 sed
1521 285 115 76 nego
1593 285 115 76 quod
1665 285 159 76 possunt
1780 285 130 76 inter
1867 285 86 76 se
1910 285 173 76 pacisci,
2025 285 101 76 quen-

1336 350 203 53 admodum
1483 350 221 53 mutuator
1649 350 185 53 potest
1778 350 148 53 dono
1871 350 203 53 aliquid
2018 350 92 53 a
2037 350 92 53 mu-

1339 393 182 56 tuatario
1475 393 167 56 capere:
1596 393 106 56 sed
1657 393 106 56 non
1717 393 167 56 pacisci
1838 393 91 56 de
1884 393 121 56 illo
1959 393 197 56 capiendo.

1349 438 103 53 ltem
1414 438 220 53 distinctione.
1595 438 155 53 xxxviii.
1711 438 142 53 dicetur
1815 438 103 53 quod
1879 438 142 53 quamuis
1983 438 142 53 licitum
2073 438 65 53 sit

1353 479 107 52 non
1414 479 198 52 profiteri
1566 479 228 52 religionem:
1749 479 122 52 homo
1825 479 137 52 tamen
1916 479 183 52 nopotest
2038 479 91 52 fixe

1346 528 115 47 super
1423 528 89 47 hoc
1474 528 153 47 pacisci.
1589 528 89 47 Nam
1640 528 77 47 ex
1678 528 102 47 ista
1742 528 192 47 conuentione
1895 528 153 47 sequitur
2010 528 102 47 quod
2074 528 89 47 in-

1347 569 164 51 libera
1461 569 197 51 ciuitate
1609 569 115 51 vel
1674 569 147 51 regno
1773 569 180 51 homines
1904 569 98 51 ad
1953 569 164 51 quadam
2051 569 82 51 ser

1346 614 151 55 uitutem
1456 614 137 55 precii
1552 614 206 55 redigentur:
1716 614 69 55 &
1744 614 110 55 quod
1812 614 96 55 non
1867 614 151 55 licebit
1977 614 137 55 facere
2072 614 96 55 ho-

1345 657 123 55 mini
1421 657 123 55 quod
1498 657 184 55 libebit.
1636 657 154 55 licet.
1744 657 92 55 n.
1790 657 123 55 homo
1867 657 108 55 non
1928 657 169 55 cogatur
2036 657 92 55 libe

1344 706 168 42 raliter
1466 706 168 42 aliquid
1588 706 137 42 dare:
1679 706 137 42 turpe
1771 706 137 42 tamen
1862 706 107 42 est
1923 706 137 42 super
2015 706 107 42 hoc
2061 706 76 42 pa-

1342 745 162 52 ctionem
1460 745 147 52 facere
1563 745 88 52 ne
1608 745 162 52 aliquid
1725 745 221 52 liberaliter
1902 745 147 52 detur.
1991 745 147 52 secundum

1347 792 131 44 illud
1435 792 117 44 quod
1508 792 233 44 Prouerbiorum
1697 792 146 44 tertio
1799 792 204 44 scribitur.
1959 792 117 44 Noli
2017 792 117 44 prohi-

1349 836 126 52 bere
1428 836 220 52 benefacere
1600 836 110 52 eum
1663 836 110 52 qui
1726 836 173 52 potest:
1852 836 110 52 sed
1914 836 94 52 si
1961 836 141 52 vales
2040 836 94 52 ipse

1354 883 183 49 benefac.
1491 883 76 49 &
1522 883 168 49 Aristo.
1644 883 107 49 ii.
1705 883 229 49 Politicorum
1888 883 183 49 politiam
2010 883 122 49 Socra-

1345 926 118 50 tis
1413 926 203 50 communem
1565 926 101 50 in
1616 926 118 50 hoc
1683 926 203 50 reprobat
1836 926 118 50 vna
1903 926 186 50 ratione
2022 926 118 50 inter

1354 972 170 54 caeteras
1481 972 113 54 quia
1552 972 170 54 tollitur
1680 972 227 54 liberalitas.
1864 972 85 54 In
1906 972 184 54 proposito
2034 972 113 54 igitur

1349 1012 232 48 mercatores
1532 1012 199 48 lucrando
1681 1012 182 48 possunt
1813 1012 182 48 minoris
1946 1012 182 48 vendere
2062 1012 66 48 ma

1345 1060 129 48 nendo
1431 1060 86 48 in
1473 1060 200 48 latitudine
1631 1060 129 48 iusti
1717 1060 157 48 precii:
1831 1060 114 48 quia
1903 1060 114 48 stat
1974 1060 114 48 quod
2032 1060 114 48 occur-

1351 1107 103 53 rat
1410 1107 162 53 aliquis
1528 1107 103 53 cui
1587 1107 147 53 gratia
1690 1107 177 53 facienda
1823 1107 118 53 est.
1896 1107 88 53 Ex
1941 1107 118 53 isto
2000 1107 147 53 sequitur

1353 1147 120 57 quod
1428 1147 90 57 si
1473 1147 209 57 bibliopola
1637 1147 165 57 faciens
1757 1147 165 57 imprimi
1877 1147 165 57 libros,
1996 1147 105 57 eos
2041 1147 90 57 ven-

1357 1196 165 52 dendo
1467 1196 165 52 omnes
1576 1196 183 52 maneat
1705 1196 110 52 in
1760 1196 165 52 eodem
1869 1196 183 52 precio
1979 1196 165 52 mathema

1351 1244 113 51 tico
1422 1244 127 51 etiam
1507 1244 142 51 iuste:
1606 1244 99 51 non
1662 1244 142 51 potest
1762 1244 99 51 cum
1818 1244 142 51 sociis
1917 1244 85 51 de
1960 1244 99 51 hoc
2002 1244 142 51 pacisoi.

1346 1285 112 89 ⁋
1390 1285 246 89 Secundo
1569 1285 291 89 arguitur,
1793 1285 313 89 negociator
2017 1285 112 89 ne-

1356 1372 180 48 gociando
1491 1372 180 48 intendit
1626 1372 165 48 lucrum:
1746 1372 105 48 sed
1805 1372 105 48 hoc
1865 1372 105 48 est
1925 1372 210 48 illicitum.
2075 1372 60 48 er

1361 1409 99 56 go.
1418 1409 184 56 Fortassis
1559 1409 142 56 dices,
1659 1409 99 56 non
1715 1409 99 56 est
1772 1409 241 56 inconueniens:
1971 1409 113 56 quia
2042 1409 128 56 illud

1360 1462 138 43 lucrum
1457 1462 83 43 in
1498 1462 151 43 aliquem
1608 1462 124 43 finem
1690 1462 193 43 vlteriorem
1842 1462 96 43 est
1897 1462 206 43 referibile:
2062 1462 69 43 &
2075 1462 69 43 hoc

1350 1499 98 52 est
1406 1499 168 52 licitum.
1532 1499 154 52 Contra.
1644 1499 98 52 vel
1700 1499 98 52 est
1757 1499 140 52 status
1855 1499 84 52 in
1897 1499 140 52 lucro:
1995 1499 84 52 id
2037 1499 98 52 est
2079 1499 56 52 po

1353 1544 128 52 test
1433 1544 160 52 velle,
1545 1544 224 52 negociando
1721 1544 160 52 habere
1833 1544 160 52 centum
1945 1544 80 52 &
1977 1544 112 52 non
2025 1544 128 52 vltra:

1354 1591 116 47 vel
1421 1591 150 47 mille
1521 1591 83 47 &
1554 1591 116 47 non
1621 1591 166 47 vltra.
1737 1591 116 47 vel
1804 1591 183 47 myriada
1937 1591 116 47 seu
1987 1591 166 47 milionem

1350 1631 93 54 vt
1396 1631 170 54 dicunt,
1520 1631 77 54 &
1550 1631 108 54 non
1612 1631 155 54 vltra:
1720 1631 93 54 si
1767 1631 139 54 ponat
1859 1631 170 54 statum:
1983 1631 124 54 ergo
2045 1631 108 54 volen

1352 1675 94 50 do
1399 1675 172 50 amplius
1524 1675 172 50 lucrari
1650 1675 188 50 mercando
1790 1675 172 50 peccat:
1915 1675 109 50 cum
1978 1675 109 50 per
2041 1675 94 50 te
2072 1675 78 50 non

1354 1719 137 64 possit
1450 1719 137 64 habere
1547 1719 137 64 vltra.
1643 1719 82 64 si
1684 1719 110 64 sic:
1753 1719 137 64 potest
1849 1719 137 64 semper
1945 1719 124 64 velle
2027 1719 151 64 aliquid

1361 1766 140 49 vltra
1455 1766 217 49 negociando
1625 1766 186 49 lucrari.
1765 1766 171 49 Contra.
1890 1766 109 49 hoc
1952 1766 155 49 surgit
2060 1766 78 49 a
2076 1766 62 49 cu

1366 1813 176 52 piditate:
1502 1813 68 52 &
1529 1813 81 52 ex
1569 1813 135 52 radice
1664 1813 149 52 infecta
1772 1813 149 52 oritur:
1880 1813 162 52 scilicet
2002 1813 81 52 ex
2029 1813 108 52 oculo-

1354 1861 97 54 rum
1410 1861 264 54 concupiscentia.
1632 1861 69 54 ⁋
1660 1861 208 54 Respondetur
1826 1861 125 54 sicut
1910 1861 125 54 inter
1979 1861 153 54 arguendum

1352 1908 154 47 dictum
1459 1908 123 47 est:
1536 1908 123 47 homo
1613 1908 154 47 potest
1720 1908 154 47 lucrum
1828 1908 200 47 intendere
1981 1908 107 47 pro
2027 1908 123 47 susten

1356 1943 146 50 tatione
1462 1943 93 50 sui
1515 1943 66 50 &
1542 1943 160 50 familiae
1661 1943 120 50 suae.
1741 1943 93 50 nam
1794 1943 160 50 parentes
1914 1943 133 50 debent
1994 1943 146 50 thesauri-

1370 1988 112 48 tare
1440 1988 153 48 filiis.
1551 1988 98 48 ii.
1607 1988 84 48 ad
1649 1988 153 48 Corith.
1761 1988 112 48 xii.
1830 1988 70 48 &
1858 1988 139 48 primae
1956 1988 84 48 ad
1998 1988 139 48 Timoth
2081 1988 56 48 v.

1354 2032 89 47 Si
1399 2032 118 47 quis
1473 2032 148 47 suorum
1576 2032 74 47 &
1606 2032 148 47 maxine
1709 2032 237 47 domesticorum
1901 2032 133 47 curam
1990 2032 104 47 non
2034 2032 104 47 habet

1358 2072 119 55 fidem
1437 2072 158 55 negauit:
1556 2072 66 55 &
1582 2072 92 55 est
1635 2072 158 55 infideli
1754 2072 172 55 deterior.
1886 2072 92 55 vel
1939 2072 92 55 est
1992 2072 79 55 vt
2018 2072 119 55 succur-

1356 2124 93 46 rat
1409 2124 119 46 aliis
1488 2124 80 46 in
1528 2124 106 46 piis
1594 2124 146 46 causis.
1700 2124 80 46 ad
1740 2124 119 46 Ephe.
1820 2124 119 46 iiii.
1899 2124 146 46 Laboret
2005 2124 106 46 homo
2072 2124 93 46 ma-

1355 2165 144 54 nibus
1451 2165 128 54 suis
1531 2165 128 54 quod
1611 2165 144 54 bonum
1707 2165 112 54 est
1770 2165 96 54 vt
1818 2165 160 54 habeat
1930 2165 128 54 vnde
1994 2165 144 54 tribuat

1360 2210 232 48 necessitatem
1548 2210 188 48 patienti.
1693 2210 72 48 &
1722 2210 116 48 stat
1794 2210 116 48 quod
1867 2210 130 48 aliam
1954 2210 130 48 artem
2041 2210 101 48 non
2084 2210 58 48 no

1364 2254 109 47 uit
1427 2254 125 47 quam
1505 2254 281 47 negociationem.
1739 2254 94 47 Et
1785 2254 94 47 ad
1832 2254 234 47 obiectionem
2019 2254 94 47 in
2066 2254 109 47 qua

1362 2294 102 51 est
1421 2294 132 51 modus
1509 2294 205 51 argumenti,
1670 2294 117 51 dico
1743 2294 117 51 quod
1816 2294 102 51 non
1875 2294 102 51 est
1933 2294 146 51 status
2036 2294 88 51 in
2065 2294 73 51 ac-

1359 2346 209 56 quisitione
1524 2346 165 56 bonorum
1643 2346 194 56 fortunae:
1793 2346 120 56 quia
1868 2346 120 56 dato
1943 2346 194 56 quocunque
2077 2346 60 56 nu

1352 2389 127 49 mero
1431 2389 127 49 quem
1511 2389 158 49 sortes
1621 2389 158 49 licite
1732 2389 158 49 potest
1843 2389 158 49 habere
1954 2389 222 49 negoctando

1360 2428 118 51 puta
1434 2428 133 51 mille
1523 2428 148 51 gratia
1626 2428 177 51 exempli:
1760 2428 177 51 lucrando
1893 2428 133 51 vltra
1981 2428 133 51 illud
2055 2428 89 51 nul-

1358 2475 103 48 lo
1409 2475 154 48 pacto
1512 2475 154 48 video
1614 2475 137 48 quod
1700 2475 188 48 peccet:
1836 2475 256 48 quemadmodum
2041 2475 137 48 dono

1363 2526 167 46 potest
1480 2526 150 46 vltra
1580 2526 150 46 illum
1680 2526 184 46 numerum
1814 2526 267 46 significatum
2014 2526 117 46 cape-

1359 2566 103 50 re:
1418 2566 103 50 vel
1477 2566 148 50 potest
1581 2566 89 50 ei
1625 2566 177 50 accedere
1758 2566 162 50 aliquid
1876 2566 103 50 per
1920 2566 221 50 haereditatem:

1357 2612 99 53 per
1413 2612 197 53 cognatorum
1568 2612 99 53 vel
1624 2612 183 53 agnatorum
1765 2612 155 53 mortem:
1878 2612 113 53 quod
1948 2612 127 53 etiam
2018 2612 113 53 potest

1352 2656 203 54 accipere.
1509 2656 109 54 sed
1571 2656 234 54 imprudentis
1759 2656 109 54 est
1821 2656 141 54 nimis
1915 2656 187 54 ardenter
2040 2656 109 54 circa

1353 2694 129 71 haec
1433 2694 161 71 caduca
1546 2694 129 71 bona
1610 2694 177 71 insudare.
