2288 3368
434 334 160 69 haberet.
554 334 93 69 Sed
607 334 107 69 quod
674 334 93 69 non
727 334 160 69 tencatur
847 334 133 69 tantum
940 334 120 69 dare:
1020 334 160 69 probatur
1127 334 80 69 sic.

430 402 118 49 illa
504 402 177 49 conditio
637 402 162 49 adiecta
754 402 133 49 facit
843 402 147 49 mercem
946 402 133 49 minus
1034 402 147 49 valere
1123 402 88 49 ipsi

449 447 164 46 emptori:
572 447 109 46 ergo
640 447 95 46 non
695 447 150 46 tenetur
804 447 136 46 tantum
899 447 109 46 dare
968 447 95 46 pro
1022 447 136 46 merce,
1104 447 109 46 conse-

444 490 147 49 quentia
551 490 94 49 est
604 490 120 49 nota.
684 490 67 49 &
711 490 174 49 assumptum
844 490 134 49 probo:
938 490 107 49 quia
1005 490 94 49 non
1058 490 94 49 sic
1098 490 107 49 terran

440 536 226 48 impinguat:
617 536 113 48 nec
682 536 177 48 arbores
811 536 194 48 plantat,
956 536 113 48 nec
1020 536 145 48 domos
1101 536 113 48 extru

439 579 98 59 it,
495 579 98 59 cum
551 579 140 59 quibus
650 579 112 59 ager
720 579 98 59 vel
776 579 168 59 redditus
902 579 112 59 plus
972 579 154 59 valeret
1085 579 112 59 ipsi
1141 579 70 59 eim

436 625 124 51 ptori
519 625 83 51 si
561 625 124 51 esset
643 625 111 51 ager
713 625 152 51 emptus,
823 625 83 51 vt
865 625 83 51 si
906 625 180 51 permirtas
1044 625 138 51 librum
1127 625 83 51 tuum

437 670 140 52 penes
531 670 93 52 me
577 670 124 52 tota
655 670 124 52 vita
733 670 124 52 mea:
810 670 109 52 non
873 670 109 52 est
935 670 124 52 mihi
1012 670 124 52 adeo
1075 670 124 52 vtilis

435 714 88 46 ac
479 714 88 46 si
523 714 117 46 meus
597 714 147 46 esset:
700 714 117 46 quia
773 714 117 46 tunc
847 714 250 46 notatiunculas
1037 714 162 46 margineas

440 756 169 48 secundum
567 756 225 48 conceptiones
750 756 127 48 animi
834 756 127 48 inter
918 756 169 48 legendum
1031 756 183 48 occurrentes

436 801 170 46 scripto
559 801 201 46 mandarem.
714 801 93 46 De
761 801 170 46 redditu
885 801 93 46 in
931 801 201 46 vsufructu
1071 801 139 46 consti-

432 847 126 45 tuto
511 847 142 45 eodem
606 847 126 45 modo
684 847 268 45 argumentabor.
905 847 110 45 sit
968 847 158 45 gratia
1062 847 142 45 exempli

430 893 143 54 equus:
530 893 172 54 venditor
659 893 129 54 habet
744 893 229 54 proprietatem
930 893 86 54 in
973 893 114 54 illo
1045 893 129 54 equo:
1116 893 86 54 ergo

434 935 112 57 pot
498 935 161 57 cogere
611 935 96 57 me
659 935 209 57 reuendere
819 935 96 57 ad
868 935 145 57 nutum
964 935 145 57 suum:
1060 935 112 57 nec
1125 935 112 57 ego

431 971 145 61 possum
533 971 145 61 donare
635 971 73 61 /
664 971 145 61 locare
766 971 73 61 /
795 971 189 61 commutare
940 971 131 61 equum
1028 971 87 61 in
1057 971 145 61 vtilita-

425 1024 98 56 tem
481 1024 126 56 meam:
565 1024 112 56 quia
635 1024 84 56 si
677 1024 112 56 sic:
747 1024 98 56 non
803 1024 140 56 possem
900 1024 154 56 seruare
1012 1024 126 56 illud
1096 1024 84 56 ad
1124 1024 84 56 quod

431 1072 98 47 me
480 1072 196 47 obligaui
627 1072 180 47 emendo.
757 1072 114 47 nam
823 1072 131 47 stat
904 1072 131 47 quod
986 1072 98 47 me
1035 1072 163 47 parato
1133 1072 65 47 ad

433 1114 225 46 equitandum:
613 1114 105 46 vel
673 1114 90 46 in
718 1114 135 46 medio
808 1114 165 46 itinere
929 1114 210 46 existente:
1079 1114 135 46 cogeret

423 1156 89 52 me
468 1156 133 52 equum
556 1156 207 52 reuendere:
719 1156 118 52 quod
793 1156 133 52 esset
882 1156 89 52 in
927 1156 118 52 meam
1001 1156 163 52 ementis
1104 1156 104 52 iactu

429 1199 117 48 ram.
502 1199 161 48 Insuper
619 1199 146 48 quanto
722 1199 117 48 quis
795 1199 132 48 habet
882 1199 175 48 dominium
999 1199 205 48 imperfectius

423 1247 90 51 in
468 1247 90 51 re
513 1247 75 51 &
543 1247 105 51 cum
603 1247 150 51 maiore
709 1247 150 51 onere:
814 1247 135 51 tanto
904 1247 90 51 ei
949 1247 135 51 minus
1040 1247 150 51 valet:
1130 1247 75 51 sed

427 1289 96 49 sic
482 1289 96 49 est
537 1289 83 49 ob
579 1289 206 49 conditionem
744 1289 179 49 adiectam:
881 1289 151 49 igitur.
991 1289 151 49 Rursus.
1087 1289 124 49 interea

429 1334 173 54 cogitat
555 1334 78 54 &
586 1334 220 54 sollicitus
759 1334 141 54 manet
853 1334 126 54 quid
932 1334 157 54 faciet
1041 1334 94 54 de
1073 1334 141 54 pecunia

432 1380 111 58 sua
495 1380 158 58 quando
606 1380 190 58 venditor
748 1380 142 58 agros
843 1380 190 58 venditos
985 1380 190 58 redimet:
1111 1380 95 58 quae

428 1423 141 51 animi
522 1423 234 51 sollicitudo
710 1423 109 51 est
772 1423 109 51 sic
835 1423 172 51 emptori
960 1423 172 51 onerosa
1085 1423 94 51 vt
1116 1423 94 51 eius

434 1470 150 51 ablatio
543 1470 95 51 sit
598 1470 150 51 praecio
707 1470 232 51 aestimabilis.
925 1470 218 51 Respondetur.
1102 1470 95 51 res
1143 1470 68 51 mi-

435 1522 111 47 nus
499 1522 143 47 valet
594 1522 111 47 cum
657 1522 127 47 illo
736 1522 143 47 onere
832 1522 174 47 adiecto
958 1522 95 47 de
990 1522 222 47 reuenditione

434 1550 101 63 vel
491 1550 87 63 de
535 1550 232 63 redemptione,
723 1550 116 63 quod
796 1550 116 63 idem
868 1550 101 63 est
926 1550 159 63 dicere.
1042 1550 101 63 nam
1100 1550 101 63 cum
1144 1550 72 63 eim

429 1609 121 49 ptor
505 1609 167 49 tenetur
626 1609 212 49 reuendere,
793 1609 212 49 reuenditio
960 1609 182 49 vocatur:
1097 1609 76 49 &
1112 1609 106 49 redem

439 1659 114 40 ptio
510 1659 86 40 ex
553 1659 128 40 parte
638 1659 143 40 illius
738 1659 100 40 qui
795 1659 128 40 cogit
881 1659 157 40 iterato
995 1659 171 40 vendere.
1123 1659 71 40 &
1138 1659 71 40 hoc

430 1693 113 51 siue
501 1693 142 51 ematur
600 1693 199 51 proprietas
756 1693 99 51 rei
813 1693 113 51 siue
884 1693 170 51 redditus
1011 1693 85 51 in
1040 1693 170 51 proprieta-

425 1737 84 52 te
467 1737 182 52 fundatus,
607 1737 98 52 hoc
662 1737 98 52 est
718 1737 223 52 constitutus:
900 1737 98 52 non
956 1737 112 52 enim
1025 1737 98 52 est
1081 1737 98 52 hic
1123 1737 84 52 ser-

417 1783 88 53 mo
461 1783 88 53 de
505 1783 190 53 relatione
651 1783 73 53 &
680 1783 117 53 eius
753 1783 219 53 fundamento.
928 1783 117 53 tunc
1001 1783 117 53 enim
1074 1783 175 53 secundum

432 1827 158 50 iudicium
551 1827 172 50 prudentum
683 1827 145 50 oportet
788 1827 172 50 tantundem
920 1827 145 50 praecii
1026 1827 145 50 tollere
1132 1827 66 50 a
1145 1827 66 50 mer

424 1872 87 46 ce
468 1872 117 46 quam
541 1872 102 46 emo
599 1872 146 46 quanto
701 1872 131 46 minus
789 1872 160 46 valeret
905 1872 87 46 si
949 1872 102 46 non
1007 1872 189 46 adderetur
1138 1872 73 46 il-

430 1914 90 47 la
475 1914 166 47 coditio
596 1914 90 47 de
641 1914 226 47 reuendendo.
822 1914 166 47 Declaro
943 1914 256 47 exemplariter.
1139 1914 75 47 emo

429 1959 118 47 duas
503 1959 147 47 merces
606 1959 177 47 aequalis
739 1959 162 47 valoris
856 1959 88 47 ex
901 1959 133 47 parte
989 1959 147 47 earum.
1092 1959 88 47 a.
1122 1959 88 47 merx

423 2005 107 51 est
484 2005 291 51 irredimibiliter
729 2005 123 51 mea:
806 2005 92 51 b.
852 2005 123 51 merx
929 2005 138 51 habet
1006 2005 199 51 conditionem

423 2048 256 50 reuenditionis
634 2048 196 50 adiectam.
784 2048 165 50 Priorem
904 2048 150 50 mercem
1009 2048 135 50 mille
1085 2048 120 50 scutis

430 2093 116 45 emo:
502 2093 159 45 secunda
618 2093 130 45 minus
704 2093 130 45 valet
791 2093 145 45 centum
893 2093 159 45 scutis.
1008 2093 101 45 hoc
1066 2093 87 45 in
1110 2093 101 45 rei
1153 2093 58 45 ve

424 2138 146 49 ritate
527 2138 175 49 suppono.
658 2138 117 49 tunc
731 2138 132 49 dando
819 2138 175 49 nongenta
951 2138 102 49 pro
1009 2138 88 49 b.
1053 2138 146 49 merce:
1141 2138 73 49 iu-

434 2181 94 56 ste
487 2181 94 56 eam
541 2181 94 56 emo
595 2181 148 56 propter
703 2181 202 56 conditionem
865 2181 175 56 adiectam.
1000 2181 67 56 &
1027 2181 108 56 dato
1095 2181 108 56 quod
1149 2181 67 56 num

431 2224 104 60 quam
496 2224 182 60 redimatur:
639 2224 117 60 tamen
717 2224 104 60 quia
782 2224 130 60 mercem
872 2224 91 60 emi
924 2224 91 60 cum
976 2224 104 60 illo
1041 2224 130 60 onere:
1119 2224 91 60 iudi-

426 2280 106 42 cio
486 2280 196 42 prudentum
637 2280 242 42 negociatorum
834 2280 75 42 a
864 2280 196 42 principio
1015 2280 136 42 minus
1090 2280 121 42 valet.

430 2324 103 39 nec
489 2324 161 39 euentus
606 2324 161 39 sequens
724 2324 132 39 illum
812 2324 205 39 contractum
973 2324 88 39 in
1017 2324 176 39 bonitate
1134 2324 59 39 ve

427 2358 153 57 malitia
539 2358 195 57 contingit:
692 2358 98 57 hoc
748 2358 112 57 est,
818 2358 84 57 ex
859 2358 112 57 illo
929 2358 139 57 euentu
1027 2358 167 57 sequenti
1138 2358 70 57 non

425 2400 188 49 redditur
566 2400 141 49 bonus
660 2400 110 49 vel
723 2400 157 49 malus,
832 2400 235 49 quemadmodum
1020 2400 94 49 si
1067 2400 125 49 nunc
1130 2400 78 49 eme

429 2441 89 63 rem
480 2441 127 63 equum.
569 2441 89 63 xx.
619 2441 139 63 scutis:
721 2441 63 63 &
746 2441 114 63 post.
822 2441 114 63 viii.
898 2441 114 63 dies.
974 2441 152 63 valeret.
1088 2441 89 63 xl.
1126 2441 76 63 pro-

421 2490 133 62 pter
505 2490 167 62 multos
621 2490 150 62 alios
721 2490 167 62 ductos
838 2490 100 62 ad
888 2490 183 62 bellum:
1022 2490 117 62 vel
1072 2490 133 62 aliter

422 2529 194 61 mortuos.
568 2529 162 61 Possum
681 2529 113 61 est
746 2529 130 61 vsum
827 2529 146 61 illum
924 2529 97 61 de
972 2529 113 61 quo
1037 2529 113 61 est
1086 2529 113 61 sermo

426 2581 88 49 in
470 2581 205 49 argumento,
631 2581 190 49 alienare:
778 2581 102 49 sed
836 2581 102 49 cum
895 2581 102 49 suo
953 2581 132 49 onere
1041 2581 102 49 res
1085 2581 117 49 aliena

423 2627 93 47 ta
470 2627 186 47 manebit:
610 2627 78 47 &
641 2627 124 47 ille
718 2627 186 47 secundus
858 2627 155 47 emptor
966 2627 109 47 qui
1028 2627 78 47 a
1059 2627 93 47 me
1090 2627 109 47 emit:

426 2672 138 51 primo
518 2672 200 51 venditori
672 2672 200 51 reuendere
825 2672 215 51 tenebitur.
995 2672 123 51 nemo
1072 2672 123 51 enim
1133 2672 77 51 dat

429 2703 129 60 quod
509 2703 113 60 non
574 2703 161 60 habet.
687 2703 145 60 quare
783 2703 113 60 non
848 2703 161 60 possum
960 2703 145 60 maius
1041 2703 161 60 dominium

426 2760 87 70 in
470 2760 175 70 emptorem
601 2760 204 70 transferre
761 2760 116 70 quam
834 2760 160 70 habeam.
951 2760 102 70 Sed
1009 2760 87 70 si
1052 2760 102 70 ego
1096 2760 102 70 primo

1275 346 158 80 emendo
1386 346 206 80 obligarem
1544 346 95 80 me
1591 346 206 80 reuendere
1750 346 111 80 rem
1813 346 111 80 sic
1876 346 158 80 emptam
1987 346 95 80 in

1282 418 218 50 quantolibet
1457 418 160 50 tempore
1573 418 247 50 quantuncumque
1777 418 131 50 breui
1864 418 174 50 venditor
1980 418 73 50 vo-

1278 455 167 52 luerit:
1399 455 106 52 non
1460 455 136 52 essem
1550 455 257 52 circumspectus
1762 455 212 52 negociator
1929 455 121 52 nisi
1989 455 76 52 val

1272 497 78 52 de
1311 497 196 52 notabiliter
1467 497 169 52 demeretur
1598 497 78 52 de
1637 497 143 52 praecio
1741 497 143 52 ratione
1845 497 130 52 illius
1924 497 130 52 conditio

1277 546 95 50 nis
1332 546 176 50 adiectae.
1467 546 81 50 Et
1507 546 95 50 pro
1561 546 135 50 istius
1656 546 176 50 vlteriore
1791 546 230 50 intelligentia
1967 546 81 50 nota

1278 588 91 49 to
1323 588 121 49 quod
1399 588 152 49 possum
1506 588 228 49 multifariam
1688 588 91 49 me
1733 588 152 49 habere
1839 588 91 49 in
1885 588 121 49 illa
1946 588 106 49 condi

1268 634 142 50 tione
1363 634 189 50 adiecta.
1504 634 110 50 Vno
1567 634 126 50 modo
1646 634 157 50 possum
1756 634 157 50 addere
1850 634 205 50 conditionem

1273 679 85 47 in
1315 679 184 47 principio
1457 679 199 47 contractus
1613 679 142 47 talem:
1713 679 113 47 quod
1783 679 85 47 si
1826 679 142 47 mercem
1925 679 113 47 tuam
1982 679 71 47 non

1275 723 161 48 redimas
1393 723 132 48 infra
1481 723 147 48 certum
1583 723 161 48 tempus,
1700 723 147 48 vtpote
1803 723 147 48 duorum
1905 723 103 48 vel
1949 723 103 48 trium

1273 766 182 51 annorum:
1409 766 167 51 manebit
1531 766 121 51 merx
1607 766 121 51 ipsa
1683 766 91 51 in
1728 766 197 51 perpetuum
1865 766 182 51 irredimibi

1278 808 107 59 lis.
1345 808 120 59 sicut
1425 808 174 59 Leuitici.
1559 808 107 59 xxv.
1626 808 187 59 scribitur.
1773 808 80 59 Si
1813 808 107 59 quis
1880 808 161 59 vendebat
2000 808 80 59 do

1271 852 109 49 mum
1334 852 218 49 existentem
1505 852 140 49 intra
1598 852 156 49 muros:
1707 852 171 49 poterat
1832 852 109 49 eam
1894 852 140 49 primo
1972 852 78 49 an-

1269 901 124 52 non
1340 901 231 52 redimere:
1518 901 124 52 sed
1589 901 160 52 primo
1695 901 142 52 anno
1784 901 213 52 extincto
1926 901 124 52 domus

1276 944 142 52 redimi
1375 944 99 52 non
1432 944 170 52 poterat:
1560 944 99 52 nec
1616 944 128 52 etiam
1701 944 85 52 in
1744 944 156 52 iubileo
1857 944 85 52 ad
1886 944 170 52 venditorem

1273 990 173 45 redibat.
1402 990 115 45 quia
1474 990 86 45 si
1518 990 173 45 redditus
1647 990 144 45 potest
1748 990 101 45 emi
1806 990 245 45 irredimibilis
1993 990 58 45 ab

1271 1033 151 50 solute:
1381 1033 137 50 potest
1477 1033 124 50 etiam
1560 1033 233 50 irredimibilis
1752 1033 110 50 post
1821 1033 220 50 determinatum
1985 1033 69 50 tem

1272 1077 123 56 pus:
1348 1077 77 56 &
1379 1077 153 56 quanto
1486 1077 138 56 minus
1578 1077 184 56 temporis
1717 1077 92 56 do
1763 1077 199 56 venditori
1916 1077 92 56 ad
1962 1077 123 56 redi

1265 1125 143 54 mendum
1365 1125 172 54 caeteris
1493 1125 172 54 paribus:
1622 1125 129 54 tanto
1708 1125 114 54 plus
1779 1125 100 54 res
1837 1125 143 54 valet,
1922 1125 129 54 quemad-

1263 1166 145 50 modum
1360 1166 97 50 ex
1408 1166 194 50 opposito
1553 1166 97 50 si
1602 1166 113 50 dem
1666 1166 97 50 ei
1714 1166 226 50 facultatem
1876 1166 177 50 redimendi

1273 1211 142 54 quando
1372 1211 128 54 velit
1457 1211 85 54 in
1500 1211 227 54 quantumlibet
1685 1211 142 54 minuto
1784 1211 142 54 tpore:
1884 1211 114 54 tunc
1940 1211 114 54 minime

1284 1255 147 61 valet.
1387 1255 103 61 sed
1446 1255 221 61 conditionem
1623 1255 147 61 addere
1726 1255 147 61 possum
1830 1255 118 61 quod
1889 1255 147 61 quousque

1277 1298 176 44 praefixum
1413 1298 149 44 aliquod
1522 1298 136 44 tempus
1617 1298 163 44 expiret:
1739 1298 122 44 nullo
1820 1298 122 44 pacto
1902 1298 136 44 liceat
1983 1298 68 44 ve-

1267 1345 151 51 ditori
1373 1345 181 51 redimere
1509 1345 121 51 suam
1584 1345 166 51 mercem:
1705 1345 91 51 vt
1751 1345 91 51 me
1796 1345 181 51 indemnem
1917 1345 136 51 seruem.

1271 1386 171 59 alioquin
1399 1386 171 59 venditor
1527 1386 142 59 posset
1626 1386 85 59 me
1669 1386 171 59 grauare:
1797 1386 85 59 vt
1840 1386 85 59 si
1882 1386 85 59 in
1925 1386 156 59 autumno

1264 1430 172 62 redditum
1393 1430 100 62 emi
1450 1430 86 62 de
1493 1430 230 62 percipiendis
1680 1430 144 62 certis
1780 1430 187 62 fructibus
1924 1430 115 62 agri
1981 1430 72 62 tui

1269 1483 92 58 do
1315 1483 122 58 tibi
1391 1483 214 58 facultatem
1559 1483 214 58 redimendi.
1727 1483 275 58 Appropinquante
1940 1483 107 58 autem

1272 1522 147 57 messe
1369 1522 98 57 si
1418 1522 98 57 tu
1467 1522 163 57 velles
1581 1522 196 57 redimere
1728 1522 179 57 redditu
1858 1522 81 57 &
1875 1522 179 57 colligere

1264 1565 153 58 fructus
1375 1565 139 58 omnes:
1473 1565 139 58 inique
1570 1565 125 58 mecum
1654 1565 139 58 ageres
1751 1565 83 58 si
1793 1565 97 58 non
1848 1565 153 58 ratione
1946 1565 111 58 inter-

1272 1610 119 51 esse
1346 1610 104 51 mei
1406 1610 163 51 aliquid
1525 1610 89 51 de
1569 1610 193 51 fructibus
1718 1610 119 51 tuis
1792 1610 193 51 colligam.
1926 1610 119 51 Possum

1270 1657 114 53 ergo
1341 1657 128 53 tecum
1426 1657 156 53 pacisci
1540 1657 114 53 quod
1611 1657 185 53 praedices
1753 1657 114 53 mihi
1824 1657 85 53 ad
1852 1657 199 53 determinatum

1270 1703 165 45 tempus,
1390 1703 120 45 puta
1465 1703 90 45 ad
1510 1703 120 45 annu
1585 1703 105 45 vel
1645 1703 90 45 ad
1691 1703 180 45 dimidium
1826 1703 135 45 annum
1916 1703 90 45 vt
1946 1703 90 45 meae

1268 1741 205 74 indemnitati
1432 1741 178 74 consulam.
1569 1741 82 74 vt
1610 1741 123 74 patet
1692 1741 123 74 inter
1774 1741 178 74 arguendum
1911 1741 82 74 de
1952 1741 123 74 equo.

1319 1798 214 83 Secundo
1475 1798 252 83 arguitur.
1669 1798 117 83 In
1727 1798 155 83 ista
1805 1798 233 83 venditione

1269 1881 90 48 no
1314 1881 180 48 seruatur
1449 1881 180 48 iustitia
1583 1881 239 48 commutatiua:
1778 1881 105 48 cum
1838 1881 105 48 non
1882 1881 150 48 seruetui

1263 1921 205 57 aequalitas
1425 1921 88 57 in
1469 1921 220 57 contractum:
1645 1921 117 57 plus
1718 1921 117 57 enim
1792 1921 147 57 emptor
1880 1921 161 57 obligatur

1270 1964 101 60 quam
1333 1964 164 60 venditor,
1459 1964 63 60 &
1484 1964 88 60 per
1535 1964 176 60 consequens
1673 1964 151 60 oneratur
1786 1964 63 60 &
1812 1964 164 60 grauatur.
1925 1964 113 60 precium

1275 2010 78 51 n,
1314 2010 91 51 non
1366 2010 142 51 tenetur
1469 2010 155 51 venditor
1586 2010 181 51 restituere
1728 2010 104 51 nisi
1793 2010 129 51 velit:
1884 2010 65 51 &
1910 2010 117 51 tamen
1974 2010 65 51 mer

1262 2064 102 47 cem
1321 2064 189 47 reuendere
1466 2064 87 47 vi
1509 2064 203 47 contractus
1669 2064 160 47 cogetur
1785 2064 160 47 emptor.
1916 2064 116 47 Tertio

1274 2097 145 47 emptor
1375 2097 101 47 est
1433 2097 159 47 dominus
1548 2097 101 47 rei
1606 2097 159 47 emptae:
1722 2097 116 47 ergo
1794 2097 101 47 pot
1852 2097 87 47 de
1895 2097 87 47 ea
1924 2097 130 47 dispone

1274 2143 84 49 re
1316 2143 84 49 ad
1358 2143 140 49 nutum:
1456 2143 70 49 &
1484 2143 98 49 per
1540 2143 196 49 consequens
1695 2143 98 49 non
1751 2143 112 49 erit
1821 2143 182 49 obligatus
1947 2143 98 49 reuen

1277 2186 131 54 dere,
1364 2186 160 54 petente
1480 2186 189 54 debitore.
1654 2186 87 54 Ad
1697 2186 174 54 secundum
1828 2186 116 54 nego
1900 2186 116 54 quod
1973 2186 102 54 non

1270 2229 167 55 seruetur
1395 2229 167 55 iustitia
1520 2229 209 55 commutatiua
1687 2229 83 55 in
1729 2229 97 55 hoc
1785 2229 195 55 contractu.
1938 2229 83 55 si
1966 2229 83 55 enim

1266 2277 157 52 emptor
1376 2277 157 52 aliqua
1486 2277 235 52 obligatione
1674 2277 110 52 sit
1737 2277 220 52 obligatus,
1910 2277 110 52 qua
1957 2277 78 52 non

1275 2321 151 57 venditor:
1391 2321 81 57 non
1438 2321 104 57 tamen
1507 2321 139 57 iniuste:
1611 2321 93 57 quia
1669 2321 81 57 pro
1716 2321 93 57 illo
1774 2321 104 57 onere
1843 2321 127 57 aliquid
1936 2321 70 57 de
1959 2321 81 57 prae-

1276 2363 105 50 cio
1336 2363 165 50 remisit
1456 2363 195 50 venditor:
1606 2363 90 50 vt
1651 2363 105 50 ipe
1712 2363 150 50 emptor
1817 2363 135 50 illud
1907 2363 120 50 onus
1967 2363 75 50 sub

1258 2408 132 45 iret.
1346 2408 132 45 etiam
1434 2408 161 45 recipit
1551 2408 161 45 fructus
1669 2408 176 45 quotanis
1801 2408 88 45 ab
1845 2408 117 45 ipso
1903 2408 132 45 vendito

1259 2453 90 51 re:
1310 2453 64 51 &
1336 2453 103 51 suum
1400 2453 154 51 praecium
1516 2453 77 51 in
1554 2453 103 51 fine
1619 2453 116 51 vltra
1696 2453 154 51 fructus.
1811 2453 64 51 &
1837 2453 128 51 signum
1927 2453 90 51 est
1965 2453 77 51 quod

1261 2496 98 49 non
1317 2496 168 49 fallatur
1443 2496 154 49 emptor:
1555 2496 98 49 cum
1611 2496 168 49 opulenti
1737 2496 112 49 viri
1807 2496 126 49 satis
1891 2496 168 49 libenter
2003 2496 42 49 &

1262 2544 150 45 nullo
1362 2544 150 45 pacto
1462 2544 166 45 coacte
1578 2544 249 45 huiuscemodi
1778 2544 200 45 redditus
1911 2544 133 45 emant.

1267 2586 122 49 modo
1343 2586 168 49 scienti
1466 2586 77 49 &
1496 2586 168 49 volenti
1619 2586 107 49 non
1680 2586 107 49 fit
1741 2586 138 49 dolus
1833 2586 138 49 neque
1910 2586 122 49 fraus.

1268 2629 165 55 quinto
1383 2629 231 55 Ethicorum.
1564 2629 82 55 &
1597 2629 115 55 hoc
1663 2629 214 55 volitione
1828 2629 132 55 pure
1894 2629 148 55 sponta-

1258 2673 124 49 nea.
1366 2673 93 49 Ad
1412 2673 185 49 tertium,
1551 2673 170 49 concedo
1674 2673 201 49 anteedens
1829 2673 77 49 &
1860 2673 124 49 nego
1921 2673 124 49 conse-

1269 2718 169 54 quentiam.
1399 2718 91 54 nam
1451 2718 91 54 ego
1504 2718 91 54 sum
1556 2718 143 54 bibliae
1660 2718 104 54 meae
1725 2718 156 54 dominus:
1842 2718 65 54 &
1869 2718 117 54 tamen
1934 2718 104 54 possum

1258 2761 155 66 pacisci
1371 2761 141 66 tecum:
1469 2761 113 66 quod
1540 2761 254 66 quotienscumque
1751 2761 169 66 daederis
1878 2761 113 66 mihi
1934 2761 113 66 septem
