2297 3319
236 328 239 69 quorumlibet
427 328 127 69 paci
507 328 80 69 &
539 328 159 69 quieti
650 328 175 69 quantum
778 328 143 69 nobis
874 328 96 69 ex
905 328 96 69 alto

226 379 217 61 conceditur:
399 379 217 61 intendamus,
573 379 72 61 &
602 379 130 61 dubia
689 379 116 61 quae
761 379 130 61 inter
848 379 101 61 eos
891 379 116 61 oriun-

237 422 99 56 tur
294 422 99 56 pro
350 422 170 56 tempore:
478 422 85 56 ne
521 422 142 56 litium
620 422 185 56 anfractus
762 422 142 56 exinde
862 422 99 56 seu
905 422 99 56 scan-

230 470 109 55 dala
299 470 205 55 proueniant:
462 470 123 55 prout
544 470 164 55 iustitia
667 470 218 55 persuaserit:
830 470 164 55 declaratio

225 514 98 52 nis
281 514 154 52 nostrae
393 514 195 52 ministerio
546 514 195 52 sopiantur.
700 514 112 52 Sane
770 514 98 52 pro
825 514 126 52 parte
895 514 112 52 venera

233 557 141 57 bilis
327 557 172 57 fratris
452 557 156 57 nostri
562 557 172 57 loannis
687 557 188 57 episcopi
812 557 188 57 Merspurgen

231 604 130 56 nobis
317 604 130 56 nuper
404 604 174 56 exhibita
535 604 159 56 petitio
650 604 217 56 continebat:
824 604 116 56 quod
882 604 116 56 licet:

231 644 126 51 tanto
315 644 168 51 tempore:
442 644 126 51 cuius
526 644 182 51 contrarii
666 644 154 51 memoria
778 644 98 51 non
835 644 168 51 existit,
947 644 56 51 in

236 691 190 58 diuersis
378 691 205 58 Alemaniae
536 691 205 58 partibus:
694 691 111 58 pro
757 691 174 58 communi
868 691 142 58 hominum

237 732 177 55 vtilitate
374 732 123 55 inter
456 732 205 55 habitatores
619 732 68 55 &
646 732 82 55 iu
687 732 123 55 colas
769 732 150 55 partium
865 732 136 55 earundem

235 777 129 50 talis
321 777 215 50 inoleuerit,
492 777 215 50 hactenusque
664 777 186 50 obseruata
807 777 143 50 fuerit
907 777 72 50 /
921 777 86 50 legi

235 822 117 55 time
308 822 263 55 praescriptatac
528 822 161 55 moribus
645 822 175 55 vtentium
776 822 73 55 &
805 822 132 55 etiam
878 822 132 55 ordina-

241 864 134 53 riorum
334 864 201 53 permissione
495 864 67 53 /
522 864 67 53 &
549 864 174 53 plerumque
683 864 161 53 expressa
790 864 214 53 rantificatione

231 910 195 50 approbata
381 910 225 50 consuetudo:
561 910 120 50 quod
637 910 120 50 ipsi
712 910 225 50 habitatores
892 910 75 50 &
907 910 90 50 inco

238 955 103 53 lae:
303 955 103 53 siue
367 955 103 53 illi
432 955 77 53 ex
471 955 90 53 eis
522 955 129 53 quibus
613 955 77 53 id
651 955 90 53 pro
703 955 103 53 suis
768 955 116 53 statu
845 955 65 53 &
858 955 142 53 indemnita

237 1007 133 45 tibus
326 1007 177 45 expedire
458 1007 133 45 visum
547 1007 162 45 fuerit,
664 1007 133 45 super
753 1007 133 45 eorum
841 1007 147 45 bonis,
929 1007 74 45 do-

233 1047 155 46 mibus,
342 1047 155 46 agris,
451 1047 295 46 possessionibus,
699 1047 78 46 &
730 1047 279 46 hereditatibus:
947 1047 62 46 an

229 1092 120 53 nuos
304 1092 194 53 marcarum,
453 1092 224 53 florenorum,
632 1092 105 53 seu
692 1092 194 53 grossorum
842 1092 164 53 monetae
946 1092 60 53 in

231 1133 178 59 partibus
365 1133 134 59 illis
454 1133 193 59 currentis
602 1133 178 59 redditus
736 1133 104 59 seu
795 1133 148 59 census
884 1133 119 59 vedenm

235 1184 112 48 tes:
305 1184 98 48 pro
361 1184 168 48 singulis
486 1184 84 48 ex
528 1184 154 48 marcis,
640 1184 182 48 fiorenis,
780 1184 112 48 siue
849 1184 154 48 grossis
947 1184 56 48 hu

229 1217 161 55 iusmodi
347 1217 88 55 ab
391 1217 103 55 eis
449 1217 103 55 qui
508 1217 132 55 illas
596 1217 103 55 vel
655 1217 132 55 illos
743 1217 117 55 siue
816 1217 176 55 redditus
934 1217 73 55 si-

232 1261 87 54 ue
275 1261 145 54 census
376 1261 130 54 ipsos
463 1261 173 54 emerint:
593 1261 145 54 certum
694 1261 188 54 competens
839 1261 159 54 precium
954 1261 87 54 in

233 1309 176 56 numerata
365 1309 161 56 pecunia
482 1309 176 56 secundum
614 1309 176 56 temporis
746 1309 220 56 qualitatem(
907 1309 103 56 prout

243 1352 119 52 ipsi
318 1352 194 52 vendentes
467 1352 75 52 &
497 1352 164 52 ementes
616 1352 90 52 in
661 1352 239 52 conrractibus
855 1352 134 52 super
929 1352 75 52 his

238 1399 132 49 inter
326 1399 88 49 se
370 1399 234 49 firmauerint)
561 1399 176 49 recipere
693 1399 147 49 soliti
795 1399 147 49 fuere:
898 1399 117 49 illa
956 1399 59 49 ex

244 1438 172 56 domibus,
372 1438 143 56 agris,
473 1438 186 56 praediis,
616 1438 272 56 posfessionibus,
844 1438 72 56 &
859 1438 157 56 haeredita

236 1482 125 57 tibus
320 1482 195 57 praedictis
473 1482 97 57 qua
529 1482 84 57 in
570 1482 181 57 huiusmodi
710 1482 223 57 contractibus
877 1482 139 57 expressa

241 1530 161 54 fuerunt
358 1530 175 54 dictorum
490 1530 190 54 solutione
636 1530 190 54 reddituum
782 1530 73 54 &
811 1530 161 54 censuum
914 1530 102 54 effi-

238 1571 159 55 caciter
353 1571 217 55 obligantes:
526 1571 87 55 in
570 1571 159 55 illorum
685 1571 202 55 vendentium
844 1571 159 55 fauorem
945 1571 72 55 hoc

235 1625 169 47 adiecto:
362 1625 113 47 quod
432 1625 113 47 ipsi
503 1625 99 47 pro
559 1625 113 47 rata
630 1625 99 47 qua
686 1625 183 47 huiusmodi
827 1625 99 47 per
883 1625 99 47 eos
925 1625 85 47 rece

240 1659 98 62 pta
296 1659 140 62 dictis
394 1659 182 62 ementibus
534 1659 224 62 restituerunt
716 1659 84 62 in
758 1659 112 62 toto
828 1659 98 62 vel
884 1659 84 62 in
926 1659 112 62 per-

241 1716 89 42 te
286 1716 193 42 pecuniam:
435 1716 74 42 a
464 1716 193 42 solutione
613 1716 193 42 reddituum
762 1716 104 42 seu
822 1716 179 42 censuum:
941 1716 74 42 hu-

243 1746 159 56 iusmodi
358 1746 202 56 restitutam
517 1746 173 56 pecuniam
646 1746 260 56 contingentium:
863 1746 144 56 liberi
949 1746 58 56 fo

234 1796 132 49 rent
316 1796 182 49 penitus
448 1796 83 49 &
481 1796 198 49 immunes:
630 1796 116 49 sed
696 1796 132 49 iide
778 1796 182 49 ementes
894 1796 116 49 etiam

244 1834 76 56 si
282 1834 102 56 bona
346 1834 64 56 /
371 1834 114 56 domus
448 1834 64 56 /
473 1834 127 56 terrae
562 1834 64 56 /
588 1834 102 56 agri
651 1834 64 56 /
676 1834 203 56 possessiones
842 1834 64 56 /
867 1834 64 56 &
880 1834 127 56 haeredi-

239 1885 148 51 tates
337 1885 214 51 huiusmodi
502 1885 197 51 processu
650 1885 197 51 temporis
798 1885 99 51 ad
831 1885 181 51 omnimodae

238 1928 268 53 destructionis
459 1928 126 53 siue
538 1928 252 53 desolationis
742 1928 252 53 reducerentur
931 1928 79 53 opi

239 1976 202 54 probrium:
395 1976 187 54 pecuniam
535 1976 140 54 ipsam
629 1976 156 54 agendo
738 1976 187 54 repetere
878 1976 109 54 non
925 1976 93 54 vale

245 2013 130 55 rent.
331 2013 116 55 Apud
403 2013 159 55 aliquos
519 2013 130 55 tamen
606 2013 246 55 haesitationis
808 2013 173 55 versatur
923 2013 87 55 scru

237 2066 154 55 pulus:
345 2066 93 55 an
391 2066 201 55 huiusmodi
546 2066 216 55 contractus
715 2066 154 55 liciti
824 2066 124 55 sint
885 2066 124 55 censen

234 2110 102 49 di.
293 2110 117 49 Vnde
366 2110 175 49 nonnulli
497 2110 131 49 illos
584 2110 189 49 vsurarios
730 2110 117 49 fore
788 2110 233 49 praetendentes:

237 2144 204 56 occasionem
398 2144 175 56 quaerunt
529 2144 175 56 redditus
660 2144 73 56 /
689 2144 73 56 &
718 2144 146 56 census
820 2144 189 56 huiusmodi
951 2144 58 56 ab

234 2199 106 46 eis
295 2199 167 46 debitos
416 2199 106 46 non
477 2199 198 46 soluendi.
629 2199 137 46 Quare
720 2199 106 46 pro
781 2199 137 46 parte
857 2199 152 46 episcopi

235 2246 69 44 &
263 2246 124 44 cleri
345 2246 220 44 praedictorum
524 2246 206 44 asserentium
688 2246 110 44 quod
757 2246 82 44 in
798 2246 151 44 talibus
908 2246 96 44 sic
949 2246 69 44 em-

238 2276 127 65 ptis
317 2276 190 65 censibus
460 2276 79 65 &
492 2276 238 65 redditibus,
682 2276 190 65 fructus,
825 2276 206 65 redditus,
967 2276 48 65 &

240 2326 222 54 prouentus
411 2326 188 54 plurium
548 2326 273 54 ecclesiarum,
753 2326 256 54 monasteriorum

238 2362 224 57 hospitalium,
420 2362 70 57 &
448 2362 280 57 ecclesiasticorum
685 2362 224 57 beneficiorum
853 2362 154 57 ciuitatiu

234 2407 70 59 &
262 2407 181 59 dioecesis
401 2407 83 59 ac
443 2407 153 59 partium
554 2407 236 59 praedictarum:
749 2407 97 59 nec
804 2407 97 59 non
860 2407 111 59 fere
916 2407 97 59 omnes

241 2449 206 63 quotidianae
406 2449 262 63 distributiones:
627 2449 110 63 quae
695 2449 83 63 in
737 2449 179 63 plerisque
861 2449 151 63 ecclesiis

231 2497 133 56 ipsis
320 2497 163 56 diuinis
439 2497 281 56 interessentibus
675 2497 207 56 ministrari
838 2497 163 56 solent:
942 2497 74 56 con

231 2541 162 58 sistere
349 2541 206 58 noscuntur:
511 2541 133 58 nobis
600 2541 118 58 fuit
673 2541 192 58 humiliter
806 2541 206 58 supplicatum,

243 2595 90 50 vt
288 2595 136 50 super
379 2595 106 50 his
439 2595 226 50 apostolicae
620 2595 256 50 declarationis
831 2595 181 50 oraculum
952 2595 60 50 im

239 2632 175 54 partiti
367 2632 80 54 &
398 2632 191 54 adducere
542 2632 175 54 paterna
669 2632 223 54 dilectione
829 2632 191 54 curaremus.

225 2674 117 54 Nos
292 2674 167 54 igitur
409 2674 217 54 huiusmodi
576 2674 100 54 in
626 2674 117 54 hac
693 2674 150 54 parte
776 2674 234 54 supplicatio-

234 2726 135 59 nibus
324 2726 209 59 inclinati:
488 2726 75 59 &
518 2726 150 59 factas
623 2726 90 59 ex
668 2726 224 59 commissione
847 2726 165 59 felicis
952 2726 60 59 re

1064 321 243 72 cordationis
1258 321 178 72 Martini
1388 321 146 72 papae
1485 321 162 72 quinti
1582 321 259 72 praedecessoris

1069 385 144 47 nostri
1169 385 158 47 desuper
1284 385 245 47 examinationes
1486 385 72 47 /
1515 385 72 47 &
1543 385 158 47 eiusdem
1644 385 187 47 praedecesso

1075 430 105 45 ris
1135 430 150 45 nostri
1240 430 254 45 declarationem
1449 430 194 45 attentius
1584 430 254 45 perstririgentes

1068 474 163 51 suisque
1187 474 192 51 vestigiis
1335 474 237 51 inhaerentes:
1527 474 89 51 ad
1572 474 118 51 omne
1646 474 133 51 super
1734 474 104 51 his
1779 474 59 51 am

1065 519 213 49 biguitatis
1232 519 198 49 tollendum
1384 519 167 49 dubium:
1506 519 198 49 praefatos
1643 519 183 49 contractus

1074 561 182 46 licitos:
1211 561 167 46 iurique
1332 561 213 46 conformes,
1500 561 76 46 &
1530 561 198 46 vendentes
1682 561 152 46 eosdem
1773 561 61 46 ad

1072 606 169 49 ipsorum
1195 606 215 49 solutiouem
1364 606 169 49 censuum
1487 606 77 49 &
1517 606 215 49 reddituum:
1686 606 138 49 iuxta
1763 606 77 49 di-

1067 648 156 51 ctorum
1177 648 234 51 contractuum
1364 648 172 51 tenores
1488 648 78 51 :
1520 648 156 51 remoto
1613 648 234 51 contradictio-

1065 695 106 46 nis
1126 695 213 46 obstaculo:
1293 695 228 46 efficaciter
1475 695 152 46 teneri
1582 695 228 46 auctoritate
1749 695 91 46 apo-

1071 737 161 48 stolica
1188 737 219 48 praesentium
1364 737 131 48 serie
1451 737 219 48 declaramus.
1626 737 131 48 Nulli
1714 737 117 48 ergo
1773 737 58 48 ho

1064 783 145 51 minum
1161 783 161 51 liceat
1274 783 129 51 hanc
1354 783 177 51 paginam
1483 783 177 51 nostrae
1596 783 242 51 declarationis

1069 826 199 60 infringere
1225 826 71 60 /
1253 826 99 60 vel
1310 826 85 60 ei
1353 826 114 60 ausu
1424 826 184 60 temerario
1565 826 199 60 contraire.
1721 826 85 60 Si
1750 826 85 60 quis

1068 867 143 51 autem
1163 867 111 51 hoc
1227 867 206 51 attentare
1385 867 285 51 praesumpsetit:
1607 867 238 51 indignationem

1079 916 260 48 omnipotentis
1290 916 114 48 dei
1355 916 81 48 &
1388 916 195 48 beatorum
1534 916 146 48 Petri
1632 916 81 48 &
1664 916 146 48 Pauli
1745 916 98 48 apo-

1076 959 190 49 stolorum
1219 959 143 49 eius,
1314 959 95 49 se
1361 959 174 49 nouerit
1488 959 238 49 incursurum.
1678 959 143 49 Datum
1758 959 79 49 Ro-

1071 999 125 59 mae
1142 999 142 59 apud
1231 999 196 59 sanctum
1374 999 196 59 Petrum.
1516 999 178 59 pridie
1640 999 160 59 nonas
1729 999 107 59 Maii

1077 1048 253 57 Pontificatus
1282 1048 158 57 nostri
1393 1048 126 57 anno
1472 1048 158 57 primo.
1582 1048 189 57 Volentes
1709 1048 126 57 itaque

1073 1088 115 56 quod
1145 1088 201 56 praedictae
1303 1088 158 56 literae
1418 1088 158 56 debitum
1533 1088 201 56 sortiantur
1677 1088 158 56 effectum,

1071 1133 241 50 fraternitati
1267 1133 166 50 vestrae
1388 1133 106 50 per
1448 1133 211 50 apostolica
1614 1133 166 50 scripta
1719 1133 121 50 manda-

1075 1178 116 55 mus
1142 1178 198 55 quatenus
1290 1178 116 55 vos
1356 1178 116 55 vel
1422 1178 116 55 duo
1488 1178 116 55 aut
1554 1178 132 55 vnus
1637 1178 182 55 vestrum
1752 1178 83 55 per

1077 1223 106 52 vos
1137 1223 106 52 vel
1198 1223 136 52 alium
1289 1223 106 52 seu
1350 1223 152 52 alios:
1456 1223 197 52 quibusuis
1607 1223 182 52 episcopo
1744 1223 76 52 &
1759 1223 91 52 cle-

1073 1268 96 50 ro
1121 1268 223 50 praedictis
1296 1268 207 50 opportuno
1455 1268 239 50 defensionis
1646 1268 207 50 praesidio
1789 1268 64 50 as

1082 1312 202 46 sistentes:
1240 1312 144 46 dictas
1341 1312 158 46 literas
1456 1312 101 46 vbi
1513 1312 72 46 /
1542 1312 144 46 quando
1643 1312 72 46 /
1672 1312 72 46 &
1701 1312 158 46 quoties
1801 1312 58 46 ex

1090 1364 148 43 pedire
1194 1364 208 43 videritis:
1357 1364 223 43 auctoritate
1535 1364 148 43 nostra
1639 1364 208 43 solenniter
1788 1364 74 43 pu-

1080 1402 166 49 blicari
1201 1402 196 49 faciatis,
1352 1402 76 49 &
1382 1402 136 49 eadem
1473 1402 242 49 auctoritate.
1669 1402 106 49 per
1714 1402 136 49 vendito

1080 1442 107 50 res
1141 1442 77 50 /
1172 1442 107 50 seu
1233 1442 199 50 debitores
1386 1442 199 50 reddituum
1539 1442 77 50 &
1570 1442 169 50 censuum
1677 1442 169 50 huiusmodi

1086 1487 157 46 dictis
1196 1487 220 46 emptoribus
1369 1487 110 46 seu
1432 1487 142 46 illis
1527 1487 157 46 quibus
1637 1487 173 46 ipsorum
1763 1487 126 46 red-

1074 1536 146 45 dituum
1177 1536 102 45 seu
1235 1536 161 45 censuum
1352 1536 161 45 solutio
1469 1536 205 45 praestanda
1630 1536 161 45 fuerit:
1747 1536 88 45 de
1776 1536 73 45 eis

1080 1577 117 45 dem
1147 1577 200 45 censibus
1297 1577 150 45 iuxta
1397 1577 250 45 contractuum
1597 1577 83 45 &
1614 1577 233 45 conuentionum

1078 1619 154 47 super
1181 1619 120 47 his
1249 1619 223 47 habitorum
1421 1619 171 47 formam
1541 1619 86 47 &
1575 1619 206 47 tenorem:
1712 1619 137 47 plenam

1080 1663 82 52 &
1112 1663 180 52 debitam
1244 1663 295 52 satisfactionem
1489 1663 197 52 impendi:
1621 1663 229 52 contradicto-

1080 1707 112 51 res
1144 1707 128 51 vero
1224 1707 112 51 per
1288 1707 192 51 censuram
1432 1707 288 51 ecclesiasticam
1655 1707 192 51 appellatio

1080 1753 96 51 ne
1128 1753 225 51 postposita
1305 1753 257 51 compescendo:
1513 1753 112 51 non
1577 1753 193 51 obstante
1722 1753 96 51 si
1754 1753 96 51 ali-

1079 1795 160 54 quibus
1191 1795 224 54 communiter
1367 1795 112 54 vel
1431 1795 176 54 diuisim
1559 1795 80 54 a
1591 1795 128 54 sede
1655 1795 192 54 apostolica

1078 1840 165 55 indultum
1202 1840 165 55 existat:
1325 1840 110 55 quod
1394 1840 178 55 interdici
1531 1840 69 55 /
1558 1840 165 55 suspendi
1681 1840 69 55 /
1709 1840 96 55 vel
1750 1840 96 55 excom

1074 1894 187 42 municari
1215 1894 109 42 non
1277 1894 171 42 possint
1401 1894 109 42 per
1464 1894 171 42 literas
1588 1894 249 42 apostolicas:
1775 1894 78 42 non

1076 1930 204 45 facientes
1233 1930 157 45 plenam
1343 1930 79 45 &
1375 1930 220 45 expressam,
1548 1930 94 45 ac
1595 1930 94 45 de
1642 1930 141 45 verbo
1736 1930 94 45 ad
1767 1930 79 45 vel

1067 1971 131 50 bum
1142 1971 112 50 de
1198 1971 206 50 indulto
1348 1971 243 50 huiusmodi
1535 1971 262 50 mentionem.
1722 1971 131 50 Datum

1074 2018 160 57 Romae
1181 2018 142 57 apud
1270 2018 195 57 sanctum
1412 2018 178 57 Petrum
1536 2018 178 57 pridie
1661 2018 160 57 nonas
1749 2018 107 57 Maii

1085 2060 268 59 Pontificatus
1303 2060 168 59 nostri
1421 2060 134 59 anno
1488 2060 134 59 primo.

1397 2283 200 82 Vinto
1530 2283 111 82 &
1574 2283 222 82 vltimo
1708 2283 133 82 cir-

1403 2344 99 67 ca
1452 2344 214 67 emptionem
1617 2344 82 67 &
1633 2344 214 67 venditionem

1397 2396 94 54 ac
1444 2396 157 54 tertio
1554 2396 79 54 &
1586 2396 157 54 vltimo
1696 2396 141 54 circa
1774 2396 79 54 ma-

1404 2439 117 65 teriam
1486 2439 152 65 reddituum
1603 2439 164 65 quaeritur:
1732 2439 70 65 an
1755 2439 94 65 liceat

1400 2482 118 57 emere
1479 2482 184 57 vitalitium
1623 2482 66 57 /
1649 2482 92 57 hoc
1702 2482 92 57 est
1741 2482 105 57 susten

1406 2526 157 60 tationem
1523 2526 91 60 pro
1576 2526 104 60 vita
1641 2526 91 60 vel
1693 2526 91 60 pro
1732 2526 118 60 victum.

1385 2571 116 58 sed
1452 2571 100 58 de
1502 2571 149 58 primo
1601 2571 232 58 intendimus
1767 2571 83 58 lo-

1078 2617 115 57 qui.
1178 2617 215 57 Respondetur
1350 2617 215 57 affirmatiue
1523 2617 86 57 ad
1566 2617 158 57 titulum
1666 2617 187 57 quaestionis

1081 2660 193 58 Probatur.
1229 2660 133 58 licet
1318 2660 133 58 emere
1407 2660 178 58 redditus
1541 2660 193 58 perpetuos
1689 2660 74 58 &
1704 2660 148 58 tempora-

1074 2705 107 66 neos
1140 2705 201 66 redimibiles
1301 2705 67 66 &
1328 2705 227 66 irredimibiles
1515 2705 80 66 ex
1555 2705 227 66 quaestionibus
1729 2705 120 66 praece
