2340 3352
509 327 178 61 dentibus:
646 327 110 61 ergo
715 327 123 61 emere
797 327 164 61 redditus
920 327 82 61 de
961 327 96 61 se:
1016 327 96 61 hoc
1071 327 96 61 est
1125 327 82 61 in
1153 327 123 61 cmmuni:

498 380 82 56 si
539 380 137 56 habeat
636 380 247 56 circumstantias
842 380 192 56 requisitas
993 380 69 56 &
1021 380 234 56 sufficientes:
1199 380 69 56 est

499 423 127 59 actus
584 423 141 59 bonus.
682 423 99 59 hoc
739 423 99 59 est
795 423 71 59 /
823 423 127 59 actus
908 423 198 59 voluntatis
1063 423 99 59 quo
1120 423 113 59 quis
1176 423 85 59 vuli

507 471 127 50 talem
592 471 170 50 redditum
719 471 141 50 emere:
818 471 99 50 nec
874 471 127 50 habet
959 471 254 50 circumstantiam
1157 471 113 50 malam:

499 510 130 58 saltem
590 510 91 58 non
642 510 156 58 oportet,
759 510 104 58 quod
824 510 169 58 probatur:
953 510 104 58 quia
1018 510 130 58 aliqui
1109 510 104 58 sunt
1161 510 104 58 quibus

501 556 209 55 respublica
665 556 134 55 debet
755 556 149 55 debito
859 556 254 55 congruitatis,
1068 556 75 55 &
1098 556 149 55 aliqui
1187 556 90 55 sunt

511 607 147 51 quibus
614 607 133 51 debet
703 607 147 51 debito
806 607 236 51 necessitatis
997 607 191 51 prouidere
1144 607 88 51 de
1174 607 103 51 victu

514 643 69 58 &
542 643 167 58 vestitu,
667 643 97 58 hoc
722 643 97 58 est
778 643 83 58 de
820 643 153 58 omnibus
931 643 208 58 necessariis
1097 643 83 58 ad
1125 643 139 58 viuendum

502 698 69 45 &
530 698 83 45 si
571 698 97 45 eis
627 698 97 45 non
682 698 208 45 prouideatur
849 698 83 45 ex
891 698 208 45 reipublicae
1057 698 180 45 segnitie:
1182 698 83 45 homo

506 738 134 53 potest
599 738 107 53 sibi
667 738 80 53 in
707 738 94 53 his
760 738 188 53 prouidere.
908 738 174 53 assumptum
1042 738 107 53 pats
1109 738 80 53 de
1136 738 134 53 intentis

509 781 131 54 alicui
601 781 105 54 bono
666 781 183 54 spirituali
810 781 92 54 pro
862 781 196 54 reipublicae
1019 781 183 54 vtilitate:
1150 781 105 54 quibus

507 824 70 48 &
535 824 209 48 reipublicae
702 824 125 48 nocet
786 824 111 48 quod
855 824 223 48 saecularibus
1036 824 167 48 negociis
1148 824 125 48 vacent:

504 873 119 52 quod
578 873 163 52 patebit
697 873 89 52 in
742 873 193 52 solutione
891 873 134 52 primi
980 873 208 52 argumenti.
1143 873 163 52 Secundo

511 909 146 60 probatur.
623 909 124 60 licitum
713 909 79 60 est
758 909 113 60 alicui
837 909 158 60 contractum
961 909 180 60 praecariarum
1107 909 124 60 facere:
1186 909 90 60 igitur

504 959 114 50 etiam
580 959 114 50 emere
656 959 189 50 vitalitium.
807 959 114 50 tenet
883 959 215 50 consequentia,
1060 959 101 50 quia
1110 959 152 50 contractus

509 1002 210 50 praecariarum
680 1002 92 50 est
732 1002 184 50 contractus
877 1002 92 50 non
929 1002 171 50 gratuitus
1061 1002 92 50 quo
1113 1002 145 50 aliquis
1205 1002 66 50 pro

504 1054 131 39 aliquo
596 1054 105 39 quod
661 1054 144 39 praecio
766 1054 197 39 aequiualet,
923 1054 157 39 acquirit
1041 1054 197 39 vitalitium.
1185 1054 79 39 modo

508 1088 108 50 idem
576 1088 95 50 est
630 1088 176 50 acquirere
766 1088 95 50 per
820 1088 176 50 pecuniam:
955 1088 108 50 quia
1023 1088 95 50 hoc
1077 1088 176 50 discrimen
1199 1088 68 50 non

504 1132 125 60 potest
591 1132 125 60 facere
678 1132 100 60 vnum
741 1132 162 60 cotractum
865 1132 162 60 illicitum
990 1132 62 60 &
1015 1132 112 60 alium
1090 1132 150 60 licitum.
1190 1132 87 60 Osten

501 1172 89 57 do
546 1172 177 57 exemplo.
678 1172 148 57 Sortes
782 1172 148 57 habens
885 1172 177 57 praedium
1018 1172 103 57 mox
1077 1172 103 57 dat
1136 1172 133 57 illud
1209 1172 74 57 ec-

510 1221 129 55 clesiae
604 1221 71 55 in
640 1221 200 55 proprietatem:
804 1221 82 55 sic
851 1221 141 55 scilicet
957 1221 71 55 vt
992 1221 141 55 ecclesia
1098 1221 106 55 Sorti
1168 1221 71 55 ad
1192 1221 82 55 vitam

500 1263 116 64 tria
572 1263 145 64 perdia
673 1263 173 64 assignet
803 1263 87 64 ad
846 1263 275 64 vsufructuandum:
1078 1263 145 64 quorum
1164 1263 116 64 quodli

516 1315 91 50 bet
568 1315 91 50 suo
620 1315 144 50 praedio
725 1315 196 50 aequiualet.
882 1315 65 50 &
908 1315 78 50 si
947 1315 105 50 suum
1013 1315 157 50 praedium
1130 1315 131 50 tenere
1209 1315 65 50 vo-

500 1350 149 55 luerit:
609 1350 95 55 duo
663 1350 149 55 praedia
772 1350 231 55 aequiualentia
962 1350 163 55 ecclesia
1084 1350 176 55 assignare
1206 1350 68 55 te-

505 1394 124 55 netur.
591 1394 112 55 lstud
666 1394 149 55 expresse
778 1394 149 55 habetur.
889 1394 74 55 x.
927 1394 74 55 q.
964 1394 87 55 ii.
1013 1394 87 55 ca.
1063 1394 174 55 Precariae.
1187 1394 87 55 Illud

509 1439 108 53 autem
581 1439 96 53 quod
641 1439 120 53 Sortes
725 1439 84 53 per
773 1439 168 53 praedictum
904 1439 168 53 contractum
1036 1439 156 53 acquirit,
1156 1439 108 53 solum
1216 1439 60 53 est

512 1492 91 51 pro
564 1492 170 51 vitalitio
695 1492 78 51 vt
734 1492 196 51 sustentetur
891 1492 91 51 pro
943 1492 105 51 vita
1009 1492 105 51 sua:
1074 1492 91 51 vel
1126 1492 91 51 pro
1165 1492 105 51 aliquo

515 1536 140 44 maiore
613 1536 112 44 quod
683 1536 197 44 vitalitium
838 1536 182 44 includit.
978 1536 98 44 sit
1034 1536 112 44 ergo
1105 1536 140 44 Sortes
1189 1536 84 44 dans

508 1575 169 57 praedium.
638 1575 91 57 xl.
690 1575 130 57 aureos
781 1575 130 57 valens
872 1575 182 57 ecclesiae:
1014 1575 156 57 ecclesia
1118 1575 156 57 assignabit

506 1621 77 48 ei
545 1621 103 48 tria
609 1621 142 48 similia
713 1621 142 48 praedia
816 1621 103 48 quae
881 1621 129 48 valent
971 1621 207 48 quadragesies
1139 1621 116 48 mille
1203 1621 65 48 li-

500 1661 114 52 bras
571 1661 228 52 sterlingorum
756 1661 185 52 quotannis
899 1661 100 52 pro
956 1661 100 52 sui
1013 1661 242 52 sustentatione
1199 1661 71 52 ho-

510 1703 123 63 nesta,
596 1703 86 63 nec
645 1703 172 63 requiritur
781 1703 98 63 quod
842 1703 123 63 semper
928 1703 172 63 contractus
1064 1703 197 63 praecariarum
1211 1703 62 63 sit

508 1762 179 46 gratuitus
646 1762 83 46 ex
687 1762 124 46 parte
770 1762 179 46 vtriusque
907 1762 138 46 partis
1004 1762 220 46 contrahetis,
1169 1762 110 46 vtpote

515 1801 135 50 Sortes
610 1801 135 50 titulo
705 1801 189 50 donationis
854 1801 95 50 dat
908 1801 108 50 suum
975 1801 162 50 praedium
1097 1801 189 50 ecclessae:
1232 1801 41 50 &

513 1844 203 50 econverso
669 1844 187 50 ecclesia
809 1844 156 50 titulo
919 1844 218 50 donationis
1090 1844 109 50 dat
1137 1844 140 50 vsumfru

509 1884 111 52 ctum
578 1884 138 52 Sorti.
675 1884 125 52 Illum
758 1884 111 52 enim
827 1884 194 52 contractum
980 1884 166 52 approbat
1104 1884 97 52 ius
1146 1884 125 52 pontifi

504 1932 111 51 cium.
578 1932 74 51 vt
614 1932 111 51 patet
688 1932 74 51 in
725 1932 98 51 loco
787 1932 160 51 assignato
910 1932 74 51 &.
947 1932 74 51 x.
984 1932 74 51 q.
1021 1932 86 51 ii.
1070 1932 74 51 in
1107 1932 86 51 ca.
1144 1932 123 51 Casellas

508 1980 85 45 S.
550 1980 85 45 Si
593 1980 199 45 oeconomus.
750 1980 114 45 idem
821 1980 128 45 patet
907 1980 85 45 in
949 1980 114 45 iure
1021 1980 171 45 Caesareo
1149 1980 85 45 in
1177 1980 100 45 auth.

512 2015 76 55 de
550 2015 88 55 non
601 2015 114 55 alte.
677 2015 76 55 S.
714 2015 76 55 Si
752 2015 101 55 quis
815 2015 126 55 autem.
904 2015 101 55 Ergo
967 2015 114 55 eodem
1043 2015 101 55 modo
1106 2015 114 55 Plato
1169 2015 101 55 potest

506 2063 107 48 dare
572 2063 173 48 ecclesiae
706 2063 107 48 suum
772 2063 160 48 praedium
892 2063 133 48 simile
986 2063 93 48 vel
1039 2063 133 48 tantum
1132 2063 80 48 in
1159 2063 120 48 pecunia

510 2104 142 56 quantum
614 2104 117 56 valet
691 2104 155 56 praedium
808 2104 129 56 Sortis
898 2104 78 56 vt
937 2104 117 56 detur
1015 2104 104 56 sibi
1080 2104 168 56 similiter
1196 2104 78 56 tri-

503 2152 112 56 plex
573 2152 168 56 praedium
699 2152 98 56 cum
754 2152 154 56 praedio
866 2152 140 56 Sortis
964 2152 84 56 vt
1006 2152 112 56 inde
1076 2152 140 56 viuat.
1159 2152 112 56 Tertio

519 2195 149 55 probatur
630 2195 112 55 idem.
705 2195 124 55 Sortes
792 2195 124 55 potest
879 2195 124 55 licite
966 2195 112 55 agrum
1041 2195 99 55 suum
1103 2195 124 55 locare
1190 2195 75 55 ad
1215 2195 62 55 vi-

507 2244 94 48 tam
560 2244 174 48 Platonis:
694 2244 67 48 &
721 2244 134 48 licite
814 2244 134 48 potest
908 2244 120 48 Plato
989 2244 94 48 eum
1042 2244 187 48 conducere.
1189 2244 80 48 vt
1229 2244 80 48 in

521 2288 154 47 vtroque
633 2288 126 47 regno
717 2288 210 47 Britannorum
885 2288 126 47 satis
970 2288 154 47 vsitate
1082 2288 112 47 fit.
1138 2288 126 47 locatio

509 2331 115 45 enim
580 2331 72 45 &
609 2331 187 45 conductio
753 2331 101 45 fit
810 2331 101 45 pro
868 2331 172 45 pensione
997 2331 129 45 annua
1083 2331 115 45 quam
1141 2331 129 45 locanti

502 2374 194 46 conductor
651 2374 120 46 dare
726 2374 149 46 debet.
831 2374 120 46 tunc
905 2374 134 46 Plato
995 2374 105 46 pro
1055 2374 179 46 pensione
1174 2374 105 46 annua

514 2421 163 47 acquirit
637 2421 95 47 ius
691 2421 204 47 percipiendi
855 2421 150 47 fructus
964 2421 136 47 illius
1059 2421 123 47 agri:
1141 2421 109 47 immo
1195 2421 82 47 ple-

511 2456 139 65 rumque
608 2456 208 65 conductores
775 2456 153 65 agrorum
886 2456 180 65 procurant
1024 2456 111 65 sibi
1094 2456 83 65 in
1121 2456 153 65 senectute

501 2508 73 55 a
531 2508 161 55 dominis
648 2508 205 55 locantibus
808 2508 102 55 ius
867 2508 117 55 tale
940 2508 88 55 vt
984 2508 102 55 sic
1042 2508 161 55 maneant
1159 2508 102 55 per
1203 2508 73 55 vi-

506 2555 131 45 tam:
587 2555 131 45 ergo
669 2555 147 45 eodem
767 2555 131 45 modo
849 2555 163 45 potest
963 2555 180 45 aliquis
1093 2555 147 45 emere
1175 2555 98 45 sibi

516 2591 212 50 vitalitium
682 2591 136 50 dando
773 2591 136 50 simul
864 2591 151 50 alicui
970 2591 136 50 illud
1061 2591 121 50 quod
1121 2591 167 50 iudicatur

513 2637 237 63 aequiualere
703 2637 189 63 pensioni
829 2637 142 63 annuae.

543 2705 207 84 Contra
688 2705 166 84 hanc
791 2705 331 84 conclusionem
1039 2705 228 84 arguitur.

1339 339 100 52 vel
1396 339 172 52 cuilibet
1525 339 129 52 licet
1611 339 129 52 emere
1697 339 215 52 vitalitium,
1869 339 100 52 vel
1927 339 143 52 alicui
2027 339 72 52 &
2041 339 72 52 ali

1340 382 106 52 cui
1400 382 121 52 non.
1476 382 181 52 Secundum
1612 382 106 52 non
1673 382 166 52 videtur
1793 382 197 52 dicendum:
1945 382 121 52 quia
2005 382 106 52 nulla

1337 432 173 51 apparet
1463 432 142 51 ratio
1557 432 252 51 discriminis,
1762 432 110 51 nec
1825 432 173 51 primum:
1951 432 126 51 quia
2014 432 94 51 tunc

1341 470 161 53 nomines
1459 470 191 53 torperent
1605 470 132 53 ocio:
1693 470 73 53 &
1723 470 132 53 nulli
1811 470 205 53 laborarent
1972 470 103 53 pro
2016 470 88 53 fru-

1342 516 140 45 ctibus
1440 516 140 45 terrae
1538 516 224 45 colligendis.
1720 516 182 45 Similiter
1861 516 84 45 si
1903 516 140 45 Titius
2001 516 70 45 &
2015 516 84 45 vxor

1333 560 116 48 sua
1400 560 165 48 darent
1515 560 149 48 omnia
1614 560 132 48 bona
1697 560 116 48 sua
1763 560 165 48 alicui
1878 560 198 48 coenobio
2010 560 83 48 pro

1346 603 207 49 vitalitiis,
1512 603 110 49 suis
1581 603 166 49 relictis
1705 603 152 49 liberis
1815 603 138 49 quibus
1912 603 138 49 habent
1995 603 110 49 thesau

1341 653 177 51 rizare,
1470 653 177 51 improbe
1599 653 194 51 agerent.
1744 653 177 51 igitur.
1905 653 97 51 Ad
1938 653 161 51 argumen-

1329 692 102 45 tum
1388 692 161 45 concedo
1505 692 176 45 secundam
1637 692 146 45 partem
1739 692 117 45 quod
1812 692 146 45 alicui
1915 692 132 45 licet
2003 692 73 45 &
2017 692 88 45 ali-

1332 735 92 47 cui
1384 735 105 47 non.
1450 735 131 47 alicui
1542 735 105 47 enim
1607 735 92 47 est
1660 735 118 47 valde
1739 735 171 47 illicitum
1870 735 118 47 sicut
1935 735 171 47 exemplifica

1343 780 122 49 uimus
1425 780 82 49 in
1466 780 122 49 casu.
1547 780 68 49 &
1575 780 109 49 stat
1643 780 109 49 quod
1711 780 177 49 aliquibus
1847 780 95 49 sit
1901 780 163 49 licitum:
2010 780 95 49 nullo

1339 824 134 57 pacto
1428 824 134 57 tamen
1517 824 208 57 expediens:
1681 824 134 57 muita
1770 824 148 57 namque
1874 824 148 57 licent
1977 824 119 57 quae
2037 824 74 57 non

1329 868 215 57 expediunt,
1497 868 184 57 secundum
1636 868 215 57 Apostolum.
1804 868 123 57 vnde
1881 868 138 57 actus
1958 868 138 57 indiffe

1332 917 106 51 rens
1398 917 159 51 secundum
1517 917 159 51 ponentes
1637 917 119 51 ipsum
1716 917 93 51 est
1769 917 159 51 licitus:
1889 917 93 51 vel
1942 917 106 51 siue
1995 917 119 51 negetur

1339 959 135 49 actus
1429 959 225 49 indifferens
1609 959 120 49 siue
1684 959 120 49 non,
1760 959 135 49 minus
1850 959 135 49 bonum
1940 959 150 49 maiori
2030 959 75 49 bo-

1335 1005 90 51 no
1380 1005 211 51 comparatum
1546 1005 151 51 alicui
1652 1005 106 51 est
1712 1005 181 51 licitum:
1848 1005 75 51 &
1878 1005 136 51 tamen
1968 1005 106 51 non
2014 1005 90 51 expa

1337 1045 119 47 dit.
1411 1045 119 47 quia
1486 1045 89 47 ad
1530 1045 134 47 maius
1620 1045 134 47 bonum
1709 1045 104 47 non
1768 1045 193 47 promouet.
1917 1045 149 47 Aliqui
2006 1045 104 47 etiam

1340 1089 110 52 sunt
1409 1089 96 52 qui
1464 1089 123 52 licet
1546 1089 151 52 possint
1656 1089 123 52 emere
1738 1089 192 52 vitalitia:
1889 1089 123 52 tamen
1971 1089 123 52 magis
2039 1089 69 52 con

1336 1134 133 46 ducit
1425 1134 118 46 quod
1498 1134 162 46 honesto
1616 1134 147 46 labore
1719 1134 133 46 vitam
1807 1134 162 46 degant.
1925 1134 147 46 Tertii
2014 1134 88 46 sunt

1347 1186 148 48 quibus
1451 1186 178 48 plurimum
1585 1186 178 48 conducit
1718 1186 134 48 emere
1807 1186 193 48 vitalitia
1956 1186 104 48 vel
2015 1186 89 48 ea
2045 1186 59 48 ha

1340 1220 125 54 bere.
1423 1220 83 54 si
1465 1220 111 54 vero
1534 1220 152 54 habeant
1645 1220 208 54 prouisionem
1811 1220 97 54 iam
1867 1220 111 54 sibi
1936 1220 69 54 a
1950 1220 152 54 republica

1342 1266 177 52 collatam,
1478 1266 150 52 stultum
1587 1266 95 52 est
1642 1266 190 52 vitalitium
1791 1266 122 52 velle
1873 1266 136 52 emere.
1968 1266 95 52 hoc
2009 1266 95 52 autem

1347 1309 117 50 solum
1425 1309 104 50 erit
1490 1309 143 50 vocatum
1594 1309 195 50 vitalitium,
1749 1309 91 50 cum
1801 1309 182 50 vitalitium
1944 1309 91 50 iam
1983 1309 130 50 habeant.

1340 1355 178 50 Exempla
1469 1355 97 50 de
1518 1355 210 50 generibus
1680 1355 178 50 hominum
1809 1355 162 50 quibus
1923 1355 178 50 expedit
2036 1355 81 50 vi-

1341 1398 174 46 talitia
1468 1398 159 46 emere.
1579 1398 174 46 habemus
1706 1398 95 46 ex
1753 1398 127 46 lege
1833 1398 159 46 diuina
1943 1398 159 46 veteri
2039 1398 63 46 Nu

1338 1444 102 53 me.
1397 1444 145 53 xviii.
1498 1444 73 53 &
1527 1444 174 53 Deutero.
1658 1444 145 53 xviii.
1760 1444 116 53 quod
1832 1444 160 53 Leuitis
1948 1444 73 53 &
1977 1444 160 53 sacerdo

1342 1487 134 52 tibus
1431 1487 134 52 filii
1520 1487 148 52 Israel
1624 1487 148 52 dabant
1728 1487 193 52 primitias
1877 1487 74 52 &
1906 1487 178 52 decimas:
2025 1487 89 52 quia

1339 1530 137 55 erant
1430 1530 152 55 cultui
1536 1530 152 55 diuino
1642 1530 213 55 mancipati.
1810 1530 76 55 &
1840 1530 182 55 Deutero.
1977 1530 121 55 xxv.
2037 1530 61 55 di

1333 1580 149 53 citur.
1437 1580 104 53 Non
1497 1580 164 53 ligabis
1616 1580 89 53 os
1661 1580 134 53 bouis
1750 1580 179 53 terentis
1884 1580 89 53 in
1928 1580 119 53 area
1988 1580 119 53 fruges

1333 1618 137 47 tuas.
1424 1618 106 47 Per
1485 1618 137 47 bouem
1576 1618 243 47 intelligitur
1774 1618 137 47 verbi
1865 1618 106 47 dei
1910 1618 198 47 declamator:

1333 1664 171 56 populum
1458 1664 93 56 in
1505 1664 265 56 spiritualibus
1723 1664 218 56 instruens.
1894 1664 93 56 vt
1925 1664 171 56 Apostolus

1343 1714 169 48 primae
1461 1714 101 48 ad
1512 1714 202 48 Corinth,
1664 1714 135 48 nono
1748 1714 202 48 exponit.
1900 1714 84 48 &
1917 1714 186 48 Apostolus

1342 1750 91 58 in
1387 1750 136 58 prima
1478 1750 182 58 epistola
1615 1750 91 58 ad
1660 1750 167 58 Timoth.
1781 1750 106 58 ca.
1842 1750 91 58 v.
1888 1750 106 58 Qui
1948 1750 121 58 bene
2009 1750 106 58 prae-

1341 1795 123 49 sunt
1418 1795 185 49 (inquit)
1556 1795 231 49 presbyteri:
1741 1795 169 49 duplici
1864 1795 154 49 honore
1972 1795 138 49 digni
2048 1795 62 49 ha

1335 1839 193 54 beantur:
1479 1839 160 54 maxime
1592 1839 112 54 qui
1656 1839 193 54 laborant
1800 1839 96 54 in
1848 1839 144 54 verbo
1945 1839 80 54 &
1961 1839 144 54 doctri-

1338 1886 103 50 na.
1397 1886 103 50 vbi
1456 1886 147 50 glossa
1559 1886 147 50 dicit.
1662 1886 162 50 Duplici
1780 1886 162 50 honore.
1883 1886 221 50 spiritualiter

1335 1930 104 50 eis
1395 1930 194 50 obediant,
1544 1930 75 50 &
1574 1930 194 50 exteriora
1723 1930 224 50 ministrent.
1902 1930 194 50 Propterea
2036 1930 75 50 be-

1341 1973 166 52 neficia
1461 1973 90 52 in
1507 1973 120 52 noua
1582 1973 120 52 lege
1657 1973 181 52 addictis
1793 1973 151 52 cultui
1898 1973 151 52 diuino
2004 1973 75 52 a
2034 1973 105 52 ma-

1343 2017 171 47 loribus
1468 2017 171 47 nostris
1592 2017 187 47 deputata
1732 2017 140 47 sunt:
1825 2017 93 47 vt
1872 2017 171 47 homines
1996 2017 93 47 ab
2027 2017 78 47 eis

1342 2058 155 55 capiant
1455 2058 211 55 spiritualia
1624 2058 127 55 bona:
1708 2058 169 55 secundum
1835 2058 127 55 illud
1906 2058 211 55 Psalmographi.

1335 2106 156 47 Sumite
1445 2106 219 47 psalterium
1617 2106 78 47 &
1648 2106 125 47 date
1726 2106 203 47 tympanum.
1883 2106 109 47 per
1929 2106 188 47 psalterium

1339 2154 245 41 spiritualia:
1538 2154 77 41 &
1568 2154 184 41 tympanum
1706 2154 214 41 temporalia
1859 2154 245 41 intelliguntur.

1340 2196 153 55 Fodem
1442 2196 136 55 modo
1527 2196 102 55 de
1577 2196 237 55 religiosis
1764 2196 119 55 qui
1832 2196 153 55 mundo
1917 2196 203 55 abrenuncia

1339 2240 128 56 runt:
1424 2240 256 56 contemplationi
1638 2240 185 56 vacantes,
1780 2240 100 56 pro
1837 2240 85 56 se
1879 2240 71 56 &
1908 2240 171 56 reliquis
2022 2240 85 56 oran

1339 2279 116 58 tes.
1411 2279 144 58 saltem
1512 2279 101 58 hoc
1570 2279 87 58 ex
1613 2279 159 58 officio
1729 2279 101 58 eis
1786 2279 188 58 incumbit.
1931 2279 144 58 Tertii
2017 2279 87 58 sunt

1346 2327 90 64 in
1391 2327 194 64 republica
1540 2327 224 64 vtilissimi:
1720 2327 90 64 vt
1764 2327 105 64 qui
1824 2327 149 64 vacant
1914 2327 194 64 scientiarum

1335 2368 179 57 studio,
1465 2368 81 57 &
1497 2368 227 57 potissimum
1676 2368 162 57 vtiles
1789 2368 97 57 ad
1838 2368 260 57 illuminandum
2033 2368 81 57 in-

1347 2415 231 50 tellectum:
1528 2415 82 50 &
1561 2415 99 50 ad
1610 2415 264 50 inflammandum
1825 2415 214 50 affectum:
1990 2415 115 50 sic
2039 2415 66 50 vt

1343 2459 241 55 lluminatio
1532 2459 121 55 sit
1601 2459 103 55 ad
1653 2459 310 55 inflammationem
1894 2459 224 55 praeparatio

1339 2509 73 44 &
1368 2509 218 44 dispositio:
1542 2509 131 44 sicut
1629 2509 232 44 qualitatiuae
1817 2509 247 44 dispositiones
2006 2509 102 44 requ-

1332 2541 167 53 runtur
1449 2541 100 53 in
1499 2541 184 53 materia
1633 2541 100 53 ad
1683 2541 301 53 introductionem
1933 2541 167 53 formae
2034 2541 83 53 sub

1345 2592 227 49 stantialis.
1527 2592 91 49 Hi
1572 2592 121 49 olim
1648 2592 182 49 habebant
1784 2592 76 49 a
1814 2592 197 49 republica
1950 2592 167 49 stipendia

1347 2639 149 55 quibus
1451 2639 178 55 dabantur
1585 2639 178 55 alimenta
1719 2639 74 55 e
1748 2639 178 55 publicis
1882 2639 134 55 regum
1956 2639 149 55 horreis.

1339 2678 160 50 teste
1446 2678 302 50 philosophorum
1694 2678 213 50 principe
1854 2678 160 50 primo
1943 2678 177 50 Metaphy-

1336 2724 140 74 sicae.
1434 2724 126 74 Vetus
1518 2724 140 74 namque
1616 2724 98 74 est
1672 2724 210 74 prouerbium.
1840 2724 126 74 bonus
1924 2724 84 74 in
1966 2724 126 74 foro,
2050 2724 98 74 ma-
