2336 3348
254 275 111 53 lus
318 275 95 53 in
365 275 175 53 studio.
493 275 127 53 Ergo
572 275 95 53 ne
620 275 95 53 in
667 275 175 53 caducis
795 275 143 53 bonis
874 275 159 53 fortunae

271 325 203 49 occupentur,
434 325 81 49 si
475 325 108 49 sint
542 325 176 49 ingeniosi
678 325 68 49 /
705 325 176 49 laboriosi
840 325 68 49 /
867 325 68 49 &
881 325 149 49 prudentes

267 367 96 58 pro
322 367 124 58 aliis
405 367 96 58 tam
460 367 83 58 in
502 367 221 58 speculatiuis
681 367 110 58 quam
750 367 83 58 in
791 367 179 58 practicis
915 367 124 58 laboran

267 418 122 46 tes:
343 418 122 46 nunc
419 418 137 46 vulgo
510 418 91 46 ad
556 418 167 46 populum
678 418 244 46 qeclamantes:
876 418 122 46 nunc
936 418 107 46 theo-

263 455 143 55 logiam
363 455 143 55 doctis
463 455 172 55 legentes
592 455 72 55 &
621 455 244 55 praedicatores
822 455 229 55 promouentes:
994 455 43 55 &

264 502 103 55 cum
323 502 103 55 eis
382 502 73 55 a
411 502 191 55 republica
558 502 103 55 non
617 502 118 55 fiat
690 502 191 55 prouisio:
837 502 132 55 quare
911 502 132 55 negabis

260 544 106 49 eos
321 544 121 49 sibi
396 544 137 49 posse
488 544 137 49 emere
579 544 197 49 vitalitia
730 544 91 49 vt
776 544 243 49 consequenter
958 544 76 49 ad-

261 589 97 49 huc
317 589 208 49 reipublicae
483 589 167 49 propriis
608 589 181 49 laboribus
747 589 208 49 inseruiant:
914 589 111 49 more
969 589 56 49 do

268 630 150 56 ctoris
373 630 165 56 gentium
493 630 135 56 nocte
583 630 165 56 manibus
704 630 210 56 laborantis
869 630 75 56 &
884 630 150 56 interdiu

263 680 229 56 praedicantis:
451 680 67 56 &
478 680 81 56 ab
518 680 94 56 his
572 680 135 56 quibus
666 680 202 56 praedicabat
815 680 215 56 sustentationem

254 725 109 49 non
317 725 202 49 capientis
472 725 78 49 ?
503 725 155 49 Quarti
612 725 124 49 sunt
689 725 186 49 pauperes
829 725 78 49 &
845 725 186 49 impotentes

261 767 149 47 quibus
365 767 164 47 propria
485 767 104 47 non
544 767 209 47 sufficiunt
708 767 134 47 bona,
798 767 149 47 quibus
887 767 149 47 habentes

264 812 117 51 bona
337 812 161 51 possunt
454 812 117 51 dare
527 812 131 51 sicut
615 812 73 51 &
644 812 117 51 ipsi
717 812 190 51 accipere,
849 812 175 51 vitalitia,

265 850 74 53 &
295 850 162 53 Christo
413 850 88 53 in
457 850 133 53 eorum
545 850 177 53 personis
678 850 191 53 dederint.
825 850 118 53 Alii
898 850 118 53 sunt
957 850 74 53 re-

254 896 157 65 ctores
364 896 220 65 reipublice
537 896 94 65 in
584 896 267 65 temporalibus:
804 896 157 65 quibus
914 896 79 65 e
930 896 110 65 repu-

259 942 151 59 blica
360 942 251 59 prouidendum
544 942 100 59 est.

257 983 104 84 ⁋
299 983 230 84 Secundo
466 983 272 84 arguitur.
675 983 188 84 emens
779 983 251 84 vitalitium

255 1048 106 60 dat
315 1048 197 60 venditori
467 1048 212 60 occasionem
633 1048 197 60 peccandi:
785 1048 121 60 ergo
845 1048 182 60 vitalitium

258 1094 121 60 emere
338 1094 94 60 est
392 1094 189 60 illicitum.
540 1094 215 60 consequentia
715 1094 135 60 patet:
810 1094 67 60 &
837 1094 175 60 assumptum
958 1094 67 60 pro

253 1145 138 56 batur:
350 1145 110 56 quia
418 1145 96 56 est
473 1145 124 56 causa
556 1145 124 56 quare
639 1145 124 56 saepe
721 1145 165 56 venditor
845 1145 124 56 optat
928 1145 110 56 enim
983 1145 41 56 )

253 1183 165 66 ptorem
369 1183 182 66 mortuu,
501 1183 83 66 &
534 1183 198 66 gauderet
683 1183 99 66 de
733 1183 149 66 morte
832 1183 149 66 eius.
931 1183 83 66 ⁋
947 1183 83 66 Re-

250 1235 203 46 spondetur.
409 1235 87 46 si
452 1235 101 46 ita
510 1235 116 46 sit,
582 1235 101 46 est
640 1235 159 46 occasio
756 1235 159 46 accepta
872 1235 72 46 &
901 1235 87 46 no
930 1235 101 46 data.

255 1275 102 61 sed
314 1275 146 61 potest
416 1275 190 61 vitalitii
562 1275 146 61 emptor
665 1275 132 61 emere
752 1275 205 61 vitalitium
913 1275 88 61 ab
942 1275 88 61 illo

264 1316 107 72 vel
325 1316 137 72 illis
416 1316 107 72 qui
477 1316 91 72 de
523 1316 107 72 sua
583 1316 137 72 morte
675 1316 137 72 nullo
766 1316 137 72 pacto
842 1316 183 72 gaudebunt:

249 1362 151 58 semper
354 1362 120 58 enim
430 1362 136 58 debet
520 1362 136 58 emere
610 1362 75 58 a
640 1362 226 58 melioribus:
821 1362 151 58 vtpote
927 1362 75 58 a
942 1362 90 58 con-

253 1417 225 48 munitatibus:
435 1417 70 48 &
464 1417 197 48 praesertim
618 1417 84 48 ab
660 1417 112 48 illa
730 1417 168 48 conitate
857 1417 84 48 in
899 1417 98 48 qua
941 1417 84 48 sunt

265 1451 116 54 viri
337 1451 189 54 prudentes
482 1451 73 54 &
511 1451 102 54 deu
569 1451 189 54 timentes:
714 1451 87 54 vt
758 1451 73 54 a
787 1451 131 54 bonis
859 1451 174 54 religiosis

263 1494 93 61 vel
316 1494 120 61 aliis
396 1494 200 61 prudentibus
555 1494 226 61 saecularibus.
742 1494 80 61 et
782 1494 80 61 si
821 1494 93 61 vir
875 1494 133 61 valens
954 1494 67 61 sii

258 1540 206 61 prudentia:
420 1540 177 61 inueniet
553 1540 103 61 qui
612 1540 103 61 pro
671 1540 147 61 modico
774 1540 118 61 aere
847 1540 147 61 dabunt
936 1540 88 61 sibi

259 1579 207 64 vitalitium:
425 1579 110 64 immo
494 1579 152 64 gratis,
604 1579 83 64 vt
646 1579 138 64 gratis
742 1579 221 64 distinguitur
908 1579 110 64 contra

258 1627 192 51 temporale
406 1627 148 51 bonum.
509 1627 89 51 In
554 1627 133 51 rebus
642 1627 148 51 namque
745 1627 177 51 ambiguis
878 1627 103 51 eis
923 1627 103 51 consu

251 1674 112 55 let:
321 1674 98 55 cum
377 1674 84 55 in
419 1674 182 55 saeculari
559 1674 154 55 habitum
670 1674 98 55 non
726 1674 126 55 minus
810 1674 182 55 religiose
936 1674 98 55 viuat

260 1718 106 58 quam
326 1718 106 58 alii
393 1718 80 58 in
432 1718 173 58 religioso
565 1718 159 58 habitum.
685 1718 93 58 Nec
738 1718 93 58 est
791 1718 159 58 dicendum
910 1718 106 58 quod
964 1718 66 58 em-

249 1762 109 58 ptor
318 1762 177 58 vitalitii
454 1762 96 58 sit
509 1762 123 58 nimis
590 1762 191 58 sollicitus
741 1762 82 58 vt
781 1762 109 58 sibi
836 1762 191 58 prouideatur:

256 1803 122 53 immo
332 1803 137 53 facit
424 1803 122 53 ista
500 1803 198 53 prudenter
653 1803 92 53 ne
698 1803 137 53 circa
790 1803 214 53 temporalia
942 1803 92 53 fiat

253 1853 211 58 sollicitus:
422 1853 155 58 exemplo
535 1853 169 58 pauperis
662 1853 211 58 scholastici
831 1853 155 58 caponem
929 1853 99 58 prae-

247 1897 130 57 sente
333 1897 144 57 Carolo
434 1897 130 57 magno
520 1897 86 57 in
564 1897 115 57 fine
636 1897 159 57 prandii
751 1897 202 57 capientis:
910 1897 101 57 qui
953 1897 72 57 cum

254 1937 80 56 a
286 1937 273 56 prudentissimo
511 1937 80 56 &
543 1937 209 56 magnanimo
703 1937 128 56 rege
783 1937 160 56 gratia
896 1937 128 56 ioci
960 1937 64 56 ar

250 1979 166 61 gueretur
375 1979 111 61 quod
444 1979 166 61 fecisset
569 1979 139 61 contra
666 1979 139 61 verbum
763 1979 208 61 euangelicum
915 1979 111 61 vetans

257 2034 127 46 virum
342 2034 113 46 esse
412 2034 198 46 sollicitum
568 2034 85 46 de
610 2034 184 46 crastino:
751 2034 184 46 prudenter
879 2034 155 46 respondit

256 2077 256 47 scholasticus.
467 2077 121 47 Feci
542 2077 181 47 (inquit)
678 2077 241 47 inuictissime
859 2077 166 47 Imperator

253 2124 116 44 mihi
325 2124 217 44 prouisionem
498 2124 87 44 in
542 2124 145 44 manica
643 2124 202 44 mediocrem:
802 2124 87 44 ne
845 2124 87 44 de
874 2124 145 44 crastino

257 2164 129 54 essem
343 2164 129 54 nimis
429 2164 215 54 sollicitus.
601 2164 115 54 Stat
672 2164 129 54 tamen
758 2164 115 54 vnum
830 2164 143 54 auarum
930 2164 72 54 a
944 2164 72 54 quo

253 2206 191 46 vitalitium
404 2206 150 46 emitur,
513 2206 82 46 si
554 2206 191 46 prudentiam
705 2206 123 46 vllam
787 2206 137 46 habeat
882 2206 137 46 dolere
964 2206 55 46 de

261 2254 135 52 morte
351 2254 180 52 emptoris
485 2254 209 52 vitalitii,
650 2254 75 52 &
680 2254 165 52 gaudere
800 2254 90 52 de
830 2254 194 52 liberatione

260 2294 64 50 a
286 2294 178 50 vitalitio:
426 2294 115 50 licet
502 2294 102 50 vnum
566 2294 76 50 ad
604 2294 115 50 aliud
681 2294 204 50 consequatur.
846 2294 115 50 sicut
910 2294 102 50 secund

260 2341 216 52 vulgatiorem
433 2341 216 52 theologorum
606 2341 202 52 positionem
764 2341 101 52 non
822 2341 115 52 stat
880 2341 144 52 quempiam

261 2381 105 56 esse
326 2381 171 56 episcopum
458 2381 79 56 si
497 2381 92 56 non
550 2381 131 56 fuerit
641 2381 171 56 sacerdos.
773 2381 118 56 tamen
851 2381 131 56 potest
930 2381 92 56 velle

242 2427 129 51 esse
323 2427 226 51 episcopus:
500 2427 178 51 nolendo
630 2427 129 51 esse
694 2427 162 51 sacerdos

253 2469 107 80 ⁋
295 2469 214 80 Tertio
445 2469 279 80 arguitur.
660 2469 214 80 emptio
788 2469 236 80 vitalitii

251 2537 206 59 assimilatur
416 2537 110 59 ludo
485 2537 179 59 fortunae,
623 2537 96 59 qui
678 2537 96 59 est
733 2537 179 59 illicitus
871 2537 110 59 ergo
926 2537 96 59 etiam

246 2589 185 52 vitalitium
391 2589 92 52 est
444 2589 185 52 illicitum:
589 2589 106 52 quia
655 2589 79 52 si
695 2589 185 52 vitalitium
840 2589 132 52 emens,
933 2589 106 52 vnum
985 2589 40 52 &

242 2622 220 60 nonaginta
411 2622 152 60 annos
513 2622 152 60 viuat
615 2622 135 60 more
699 2622 220 60 Platonis,
869 2622 152 60 multa
953 2622 51 60 s

243 2670 103 74 dit
302 2670 191 74 venditor:
449 2670 73 74 &
478 2670 103 74 per
537 2670 206 74 consequens
699 2670 118 74 bene
772 2670 176 74 lucratur
890 2670 132 74 emptor.

1090 274 115 55 fin
1155 274 148 55 viuat
1254 274 148 55 annos
1353 274 214 55 Alexandri
1517 274 230 55 Macedonis,
1698 274 132 55 erit
1764 274 115 55 econ-

1098 326 156 48 uerso.
1208 326 125 48 modo
1286 326 125 48 eius
1364 326 141 48 longa
1458 326 125 48 vita
1536 326 109 48 vel
1598 326 156 48 breuis
1708 326 109 48 est
1755 326 109 48 aeque

1096 367 149 49 anceps
1200 367 89 49 ac
1245 367 134 49 aleae
1335 367 149 49 ludus.
1439 367 75 49 ⁋
1469 367 238 49 Respondetur.
1662 367 164 49 aliquem
1767 367 104 49 ludum

1099 412 172 50 fortunae
1228 412 158 50 inniti,
1343 412 101 50 hoc
1400 412 101 50 est
1458 412 129 50 casui
1544 412 187 50 fortuito:
1687 412 144 50 potest
1773 412 101 50 intel

1094 455 138 65 ligi
1180 455 172 65 duobus
1301 455 172 65 modis.
1421 455 121 65 Vno
1490 455 138 65 modo
1576 455 138 65 quod
1662 455 138 65 homo
1731 455 138 65 faciat

1097 498 119 52 actum
1176 498 159 52 cadentem
1295 498 119 52 super
1375 498 159 52 obiectum
1494 498 146 52 debitum
1599 498 212 52 sufficienter
1758 498 106 52 circum

1097 544 242 49 stantionatum:
1296 544 85 49 in
1339 544 100 49 quo
1396 544 142 49 quidem
1495 544 114 49 actu
1566 544 100 49 est
1623 544 213 49 aequilibris
1780 544 85 49 appa

1100 592 142 44 rentia
1199 592 127 44 damni
1284 592 71 44 &
1312 592 142 44 lucri.
1411 592 71 44 &
1439 592 99 44 hoc
1496 592 99 44 non
1553 592 99 44 est
1609 592 241 44 inconveniens.
1793 592 71 44 hoc

1094 633 142 62 liquet
1193 633 85 62 in
1236 633 128 62 bello
1322 633 142 62 iusto,
1421 633 199 62 negociando
1578 633 100 62 per
1635 633 114 62 mare
1706 633 142 62 intetr
1792 633 85 62 Scyl

1097 678 115 47 lam
1162 678 82 47 &
1195 678 231 47 Charybdim:
1377 678 165 47 ventum
1492 678 82 47 &
1525 678 214 47 procellam
1690 678 82 47 /
1723 678 82 47 &
1739 678 132 47 medios

1095 722 178 47 hostes.
1224 722 146 47 saepe
1321 722 210 47 periculum
1483 722 113 47 (vt
1548 722 162 47 aiunt)
1661 722 113 47 non
1709 722 162 47 vircitur

1081 768 116 54 nisi
1153 768 188 54 periculo.
1298 768 130 54 Etiam
1385 768 130 54 patet
1472 768 87 54 in
1515 768 188 54 contractu
1660 768 188 54 eiptionis
1791 768 72 54 con

1090 807 174 65 muniter.
1221 807 102 65 vbi
1279 807 102 65 tam
1337 807 145 65 emptor
1439 807 116 65 quam
1511 807 174 65 venditor
1642 807 116 65 sunt
1700 807 174 65 circumspe-

1098 853 89 54 cti
1149 853 102 54 viri
1213 853 76 54 in
1251 853 102 54 arte
1315 853 191 54 negociandi:
1467 853 64 54 &
1493 853 89 54 tam
1544 853 102 54 ipsi
1607 853 102 54 quam
1671 853 191 54 assistentes
1811 853 51 54 ne

1089 895 207 65 gociatores
1252 895 178 65 dubirant
1385 895 118 65 quis
1459 895 207 65 lucraturus
1622 895 104 65 sit
1682 895 74 65 &
1711 895 118 65 quis
1770 895 104 65 perdi

1092 951 162 42 turus.
1205 951 162 42 quando
1318 951 129 42 enim
1399 951 113 42 est
1464 951 146 42 magna
1561 951 129 42 merx
1642 951 178 42 possunt
1755 951 113 42 iudi-

1083 989 124 47 care
1160 989 186 47 vtrumque
1299 989 232 47 lucraturum.
1485 989 124 47 Alio
1562 989 124 47 modo
1639 989 170 47 aliquid
1747 989 124 47 inniti

1089 1035 102 48 tur
1148 1035 175 48 foitunae
1279 1035 146 48 quando
1382 1035 190 48 innititur
1528 1035 146 48 alicui
1630 1035 161 48 obiecto
1732 1035 132 48 contra-

1079 1078 184 57 hientibus
1220 1078 170 57 inutili,
1348 1078 212 57 quemadmodum
1517 1078 99 57 est
1574 1078 85 57 in
1616 1078 198 57 taxillorum
1772 1078 127 57 ludo:

1086 1124 93 48 vt
1132 1124 93 48 in
1178 1124 108 48 sua
1240 1124 170 48 materia
1364 1124 154 48 latius
1472 1124 216 48 deduximus:
1642 1124 108 48 sic
1704 1124 93 48 in
1750 1124 108 48 est
1796 1124 62 48 in

1064 1163 218 62 proposito.

1072 1217 124 97 ⁋
1122 1217 248 97 Quarto
1296 1217 323 97 arguitur.
1544 1217 273 97 ponamus
1718 1217 149 97 duos

1083 1291 154 58 sortem
1191 1291 247 58 sexagenarium
1391 1291 170 58 ementem
1515 1291 216 58 vitalitium
1685 1291 93 58 in
1716 1291 154 58 capitulo

1084 1339 154 49 nostrae
1196 1339 154 49 dominae
1308 1339 210 49 Parisiensi:
1476 1339 112 49 quia
1546 1339 126 49 illud
1630 1339 140 49 reputo
1728 1339 98 49 ita
1770 1339 98 49 secu-

1090 1386 105 48 rum
1150 1386 90 48 vt
1195 1386 134 48 emere
1284 1386 90 48 ab
1329 1386 105 48 vno
1389 1386 179 48 conventu
1523 1386 239 48 religiosorum
1703 1386 164 48 quoruncum

1085 1433 123 55 quod:
1167 1433 96 55 det
1222 1433 136 55 Sortes
1317 1433 164 55 ducentas
1440 1433 136 55 libras
1536 1433 205 55 parisienses
1700 1433 96 55 pro
1754 1433 109 55 iure
1809 1433 68 55 re-

1081 1471 166 56 cipiendi
1206 1471 180 56 quotannis
1344 1471 208 56 quadraginta
1510 1471 166 56 francos,
1635 1471 111 56 quam
1704 1471 97 56 non
1745 1471 125 56 putatur

1090 1518 130 50 posse
1176 1518 144 50 viuere
1277 1518 130 50 vltra
1363 1518 130 50 decem
1450 1518 144 50 annos:
1550 1518 101 50 sed
1608 1518 158 50 propter
1709 1518 158 50 periculum

1091 1562 112 49 stat
1161 1562 112 49 quod
1231 1562 98 49 non
1287 1562 140 49 tantum
1385 1562 140 49 viuat.
1483 1562 112 49 Tunc
1552 1562 126 49 Plato
1636 1562 196 49 vigenarius
1790 1562 70 49 a
1804 1562 70 49 Car

1092 1600 130 51 thusia
1183 1600 182 51 vitalitium
1326 1600 130 51 emens,
1417 1600 78 51 de
1456 1600 91 51 quo
1508 1600 91 51 est
1560 1600 104 51 vero
1625 1600 130 51 simile
1716 1600 104 51 quod
1768 1600 91 51 viuet

1086 1655 107 50 tot
1147 1655 138 50 annos
1239 1655 337 50 proportionabiliter
1531 1655 123 50 quot
1607 1655 169 50 Sortes,
1730 1655 138 50 debet
1807 1655 61 50 da

1089 1694 79 63 re
1128 1694 132 63 quater
1221 1694 145 63 amplius
1326 1694 106 63 quam
1392 1694 145 63 Sortes.
1498 1694 132 63 patet:
1590 1694 106 63 quia
1656 1694 132 63 qualis
1748 1694 92 63 est
1788 1694 79 63 pro-

1092 1733 147 64 portio
1195 1733 162 64 annorum
1313 1733 147 64 Sortis
1416 1733 74 64 &
1446 1733 177 64 Platonis
1578 1733 133 64 inter
1667 1733 103 64 se:
1726 1733 133 64 talis
1799 1733 74 64 de-

1080 1787 90 42 bet
1132 1787 103 42 esse
1196 1787 142 42 praecii
1299 1787 77 42 ad
1337 1787 167 42 praecium.
1466 1787 180 42 consequens
1608 1787 90 42 est
1659 1787 129 42 falsum
1749 1787 64 42 &
1762 1787 103 42 contra

1075 1831 127 50 eorum
1160 1831 142 50 praxim
1259 1831 99 50 qui
1316 1831 184 50 viralitia
1457 1831 142 50 emunt.
1556 1831 71 50 ⁋
1585 1831 227 50 Respondetur,
1769 1831 99 50 non
1811 1831 57 50 se

1080 1877 134 51 quitur
1173 1877 80 51 vt
1213 1877 120 51 patet
1293 1877 80 51 ex
1334 1877 174 51 solutione
1467 1877 80 51 ad
1507 1877 147 51 quartum
1614 1877 134 51 primae
1694 1877 174 51 quaestionis

1080 1914 89 53 de
1125 1914 177 53 emptione
1257 1914 207 53 reddituum,
1420 1914 103 53 nec
1479 1914 103 53 est
1538 1914 207 53 apparentia
1700 1914 118 53 quod
1759 1914 103 53 Plato

1078 1963 312 55 proportionabiliter
1348 1963 142 55 tandiu
1447 1963 128 55 viuet
1532 1963 114 55 quam
1603 1963 156 55 Sortes.
1703 1963 156 55 Oppositum

1084 2010 116 54 enim
1156 2010 101 54 est
1214 2010 130 54 multo
1301 2010 246 54 verosimilius:
1503 2010 116 54 quia
1576 2010 130 54 prius
1662 2010 87 54 in
1706 2010 130 54 magno
1778 2010 87 54 anno

1078 2049 102 62 rum
1137 2049 146 62 numero
1239 2049 131 62 etiam
1326 2049 160 62 iuuenis
1443 2049 160 62 moritur
1559 2049 117 62 quam
1632 2049 87 62 in
1676 2049 102 62 puo
1734 2049 131 62 senex
1807 2049 58 62 De

1078 2101 128 49 uerbio
1168 2101 128 49 namque
1257 2101 140 49 communi
1359 2101 153 49 dicimus.
1474 2101 128 49 pellis
1563 2101 128 49 agnina
1652 2101 128 49 fertur
1741 2101 77 49 ad
1767 2101 89 49 forum

1082 2141 125 50 sicut
1165 2141 166 50 antiquam
1290 2141 111 50 ouis
1360 2141 153 50 pellis.
1471 2141 125 50 Etiam
1554 2141 125 50 magna
1637 2141 153 50 pecunia
1734 2141 125 50 simulul

1082 2185 171 52 collecta
1210 2185 100 52 est
1267 2185 143 52 melior
1367 2185 157 52 habenti
1482 2185 114 52 quam
1553 2185 129 52 maior
1639 2185 157 52 pecunia
1739 2185 114 52 succes

1079 2229 113 45 siue
1150 2229 199 45 acquisita.
1306 2229 184 45 Propterea
1448 2229 85 45 in
1490 2229 184 45 solutione
1632 2229 85 45 ad
1675 2229 113 45 illd
1731 2229 128 45 argumen

1080 2269 103 51 tum
1139 2269 177 51 diximus:
1272 2269 118 51 quod
1346 2269 177 51 mercator
1478 2269 162 51 minoris
1596 2269 147 51 vendit
1685 2269 162 51 quamlibet

1083 2315 120 58 vlnam
1163 2315 120 58 panni
1243 2315 147 58 venditi
1350 2315 200 58 negociatori
1510 2315 94 58 qui
1564 2315 120 58 multa
1644 2315 107 58 emit
1710 2315 107 58 quam
1764 2315 80 58 illi

1084 2369 101 49 qui
1141 2369 144 49 pauca.
1242 2369 87 49 Et
1286 2369 101 49 cum
1344 2369 173 49 ambiguum
1474 2369 101 49 sit
1531 2369 87 49 de
1575 2369 116 49 vita
1647 2369 159 49 iuuenis
1748 2369 101 49 quam-

1085 2401 92 51 diu
1137 2401 131 51 viuet:
1229 2401 92 51 non
1281 2401 144 51 oportet
1386 2401 131 51 tantum
1478 2401 79 51 in
1517 2401 183 51 quantitate
1661 2401 105 51 cape
1726 2401 92 51 pro
1765 2401 79 51 vita

1075 2450 131 46 litio
1162 2450 73 46 a
1191 2450 189 46 vigenario
1336 2450 160 46 quantum
1452 2450 73 46 a
1481 2450 232 46 sexagenatio.
1669 2450 131 46 sicut
1742 2450 102 46 etiam

1076 2494 171 48 mercator
1204 2494 143 48 vendit
1304 2494 157 48 minoris
1418 2494 143 48 ementi
1518 2494 143 48 multa,
1618 2494 114 48 quam
1689 2494 143 48 multis
1775 2494 71 48 tam

1073 2543 141 49 rundem
1172 2543 183 49 ementibus
1313 2543 169 49 sepatim.
1440 2543 113 49 dico
1510 2543 198 49 separatim:
1666 2543 113 49 quia
1736 2543 85 49 si
1764 2543 85 49 vnus

1081 2582 193 53 conveniret
1233 2582 96 53 pro
1288 2582 165 53 omnibus,
1412 2582 69 53 &
1440 2582 138 53 postea
1536 2582 124 53 inter
1619 2582 83 53 se
1660 2582 138 53 merces
1743 2582 110 53 parti-

1077 2636 166 42 rentur:
1198 2636 136 42 aeque
1288 2636 121 42 vili
1364 2636 166 42 praecio
1485 2636 181 42 haberent
1621 2636 91 42 vt
1666 2636 121 42 vnus
1726 2636 121 42 emens.

1072 2678 74 57 ⁋
1102 2678 88 57 Ex
1146 2678 103 57 his
1205 2678 133 57 patet
1293 2678 118 57 quod
1367 2678 192 57 vitalitii
1514 2678 147 57 emptio
1617 2678 74 57 &
1647 2678 177 57 venditio
1765 2678 88 57 ali
