2340 3348
517 282 160 62 legato.
634 282 73 62 â‹
663 282 116 62 Ecce
735 282 116 62 quid
808 282 102 62 est
866 282 160 62 locatio
982 282 73 62 &
1011 282 203 62 conductio:
1171 282 87 62 in
1200 282 87 62 qui-

520 334 97 49 bus
575 334 111 49 vsus
645 334 97 49 rei
700 334 97 49 pro
755 334 152 49 mercede
866 334 166 49 venditur
990 334 69 49 &
1018 334 152 49 emitur,
1114 334 180 49 proprietate

522 377 136 58 penes
612 377 196 58 locatorem
763 377 181 58 manente.
899 377 75 58 &
929 377 121 58 quod
1004 377 166 58 locatio
1125 377 75 58 &
1140 377 151 58 coductio

528 424 104 53 est
588 424 179 53 politiae
722 424 164 53 humanae
841 424 164 53 admodum
960 424 164 53 vtilis.
1079 424 164 53 Quamuis
1184 424 104 53 autem

525 468 118 56 vsus
599 468 103 56 rei
658 468 221 56 metaphysice
835 468 177 56 loquendo
967 468 103 56 fit
1026 468 206 56 proprietas
1173 468 118 56 reali-

518 509 95 49 ter
573 509 68 49 &
600 509 177 49 identice:
736 509 122 49 tamen
818 509 177 49 moraliter
954 509 163 49 loquendo
1076 509 122 49 (nisi
1158 509 109 49 haec
1212 509 82 49 dif-

524 558 169 47 ficultas
651 558 99 47 vel
707 558 197 47 consimilis
862 558 183 47 tangatur,
1003 558 99 47 non
1059 558 155 47 expedit
1172 558 113 47 illo
1229 558 56 47 mo

522 601 85 44 do
564 601 170 44 loquendi
692 601 114 44 vti.
763 601 184 44 Praeterea
905 601 128 44 patet
990 601 114 44 quod
1061 601 128 44 licet
1146 601 142 44 mutuum
1231 601 57 44 in

529 656 121 45 manu
605 656 213 45 mutuatarii
772 656 152 45 semper
878 656 152 45 pereat
984 656 106 45 qui
1045 656 106 45 est
1106 656 167 45 dominus
1212 656 76 45 mu-

516 685 108 60 tui:
583 685 121 60 tamen
664 685 94 60 res
718 685 189 60 locatitia,
866 685 121 60 cuius
947 685 148 60 locator
1055 685 94 60 est
1096 685 202 60 proprietarius

513 728 106 70 non
573 728 152 70 semper
680 728 136 70 perit
771 728 91 70 in
816 728 121 70 manu
892 728 182 70 locantis
1028 728 106 70 sed
1089 728 212 70 locatarii:
1240 728 61 70 vt

529 777 145 54 quando
630 777 203 54 locatarius
790 777 102 54 est
848 777 87 54 in
891 777 131 54 dolo,
978 777 116 54 lata
1051 777 145 54 culpa:
1152 777 102 54 vel
1196 777 102 54 leui.

523 819 86 59 Et
566 819 86 59 ex
609 819 144 59 dictis
710 819 144 59 facile
810 819 230 59 deprehendere
997 819 129 59 potes
1084 819 158 59 quomodo
1184 819 101 59 culpa

525 874 230 47 accipiatur,
709 874 77 47 &
739 874 107 47 per
801 874 123 47 quid
877 874 138 47 dolus
969 874 92 47 ab
1015 874 169 47 omnibus
1122 874 169 47 speciebus

523 906 135 53 culpae
618 906 203 53 segregetur.
781 906 163 53 Vlterius
903 906 135 53 habes:
998 906 95 53 quo
1052 906 108 53 modo
1119 906 149 53 aliquid
1214 906 68 53 est

522 954 91 46 de
567 954 213 46 substantia
735 954 228 46 contractus:
917 954 76 46 &
948 954 167 46 aliquid
1070 954 107 46 est
1115 954 183 46 contractui

525 994 191 50 naturale:
672 994 103 50 non
731 994 147 50 semper
833 994 88 50 de
877 994 117 50 lege
951 994 176 50 naturae:
1083 994 103 50 sed
1141 994 147 50 crebro
1229 994 59 50 de

519 1037 120 67 lege
594 1037 165 67 humana.
714 1037 165 67 Aliquid
834 1037 135 67 etiam
925 1037 105 67 est
985 1037 210 67 contractui
1135 1037 150 67 acciden-

515 1081 128 64 tale.
600 1081 71 64 &
629 1081 100 64 sic
686 1081 157 64 aliquid
800 1081 100 64 est
857 1081 142 64 contra
956 1081 214 64 substantiam
1113 1081 185 64 contractus:

526 1125 76 56 &
556 1125 167 56 aliquid
677 1125 136 56 cotra
768 1125 167 56 naturam
889 1125 136 56 eius.
980 1125 106 56 sed
1041 1125 212 56 contractus
1192 1125 106 56 commu

523 1181 134 46 niter
612 1181 104 46 est
672 1181 223 46 indifferens
850 1181 89 46 ad
894 1181 119 46 haec
968 1181 208 46 accidentia
1132 1181 74 46 &
1161 1181 104 46 sua
1206 1181 89 46 oppo

525 1217 136 54 sita:
616 1217 136 54 sicut
706 1217 227 54 metaphysice
887 1217 181 54 loquendo
1023 1217 196 54 contingit
1174 1217 91 54 de
1204 1217 91 54 sub-

523 1256 135 65 iecto
613 1256 75 65 &
643 1256 240 65 accidentibus
838 1256 135 65 eius.
929 1256 150 65 Rursus
1034 1256 165 65 diximus
1154 1256 120 65 quod
1229 1256 105 65 in-

523 1305 195 57 aliquibus
673 1305 135 57 rebus
763 1305 165 57 locatis
883 1305 195 57 leuissima
1033 1305 135 57 culpa
1108 1305 180 57 conductori

519 1347 223 55 imputabitur
697 1347 89 55 ob
742 1347 252 55 preciositatem
950 1347 104 55 rei
1009 1347 178 55 locatae:
1143 1347 104 55 vel
1187 1347 104 55 faci-

519 1388 105 51 lem
579 1388 120 51 eius
654 1388 329 51 corruptibilitatem.
938 1388 90 51 si
983 1388 120 51 enim
1058 1388 105 51 ita
1117 1388 105 51 non
1162 1388 135 51 fieret:

522 1438 140 50 harum
616 1438 140 50 rerum
709 1438 234 50 possessores
896 1438 78 50 &
927 1438 249 50 proprietarii
1130 1438 109 50 eas
1192 1438 109 50 non
1239 1438 62 50 lo

526 1480 165 63 carent.
646 1480 75 63 â‹
676 1480 90 63 Ex
721 1480 105 63 his
780 1480 135 63 patet
870 1480 120 63 quod
945 1480 120 63 stat
1020 1480 120 63 dare
1095 1480 180 63 aliquem.
1214 1480 90 63 con-

516 1523 168 48 tractum
638 1523 92 48 in
684 1523 107 48 sua
745 1523 183 48 naturali
882 1523 199 48 puritate:
1035 1523 107 48 hoc
1096 1523 107 48 est
1157 1523 122 48 sine
1219 1523 76 48 pa-

520 1569 114 47 ctis
591 1569 229 47 existentibus
777 1569 143 47 contra
877 1569 186 47 naturalia
1020 1569 143 47 illius
1105 1569 186 47 contractus.

524 1612 205 58 aliquando
682 1612 110 58 fit
745 1612 173 58 impure:
871 1612 110 58 hoc
934 1612 110 58 est
997 1612 110 58 cum
1045 1612 252 58 circumstantiis

512 1659 158 60 contra
623 1659 205 60 naturalia
780 1659 158 60 ipsius
890 1659 236 60 contractus.
1079 1659 173 60 Secundo
1190 1659 110 60 sequi

526 1697 121 59 tur,
601 1697 136 59 inane
692 1697 121 59 esse
767 1697 181 59 locatori
903 1697 166 59 pacisci
1024 1697 106 59 cum
1084 1697 211 59 conductore
1235 1697 60 59 de

521 1744 275 51 conditionibus
747 1744 243 51 naturalibus
941 1744 243 51 contractus.
1119 1744 178 51 probatur:

522 1794 120 53 quia
597 1794 195 53 naturalia
747 1794 210 53 contractus
912 1794 150 53 tacite
1018 1794 90 53 ex
1063 1794 120 53 eius
1138 1794 150 53 natura
1228 1794 75 53 in-

524 1833 140 59 sunt:
618 1833 124 59 ergo
695 1833 186 59 inaniter
835 1833 109 59 fit
897 1833 93 59 de
944 1833 109 59 eis
1006 1833 217 59 conuentio.
1177 1833 78 59 &
1192 1833 109 59 eodem

523 1878 136 53 modo
608 1878 102 53 in
659 1878 272 53 conductione,
880 1878 85 53 &
914 1878 102 53 in
964 1878 204 53 reliquis
1100 1878 204 53 contracti-

528 1924 128 47 bus.
608 1924 160 47 Tertio
720 1924 192 47 sequitur
864 1924 112 47 non
927 1924 208 47 propterea
1087 1924 176 47 aliquem
1199 1924 96 47 con-

533 1967 145 62 tractum
638 1967 105 62 esse
704 1967 171 62 illicitum
835 1967 105 62 quod
901 1967 79 62 ei
940 1967 171 62 apponitur
1072 1967 158 62 conditio
1190 1967 92 62 vel
1229 1967 66 62 con

531 2007 160 55 ditiones
650 2007 146 55 praeter
757 2007 93 55 vel
810 2007 120 55 cotra
890 2007 146 55 naturam
996 2007 146 55 ipsius:
1103 2007 80 55 vt
1143 2007 80 55 si
1183 2007 133 55 condu-

526 2063 122 45 ctor
602 2063 183 45 teneatur
739 2063 137 45 poena
831 2063 198 45 leuissima
983 2063 91 45 ex
1029 2063 152 45 pacto:
1135 2063 168 45 dummodo
1242 2063 61 45 lo

526 2100 128 54 cator
611 2100 213 54 conductorem
781 2100 156 54 releuet
894 2100 85 54 in
937 2100 142 54 aliquo
1036 2100 113 54 illi
1107 2100 128 54 oneri
1178 2100 113 54 aequa-

532 2142 104 53 li.
592 2142 119 53 immo
666 2142 119 53 dato
741 2142 119 53 quod
815 2142 134 53 esset
905 2142 149 53 contra
1009 2142 224 53 substantiam
1173 2142 119 53 contra

527 2188 143 54 ctus:
622 2188 79 54 &
654 2188 143 54 esset
749 2188 175 54 mutatio
876 2188 95 54 in
924 2188 143 54 alium
1019 2188 222 54 contractum
1194 2188 95 54 ob
1226 2188 63 54 pa

539 2229 110 62 ctum
608 2229 192 62 oppositum:
759 2229 96 62 non
814 2229 179 62 propterea
951 2229 165 62 sequitur
1075 2229 110 62 quod
1130 2229 165 62 contractus

521 2274 108 58 erit
588 2274 189 58 illicitus.
736 2274 108 58 stat
803 2274 121 58 etiam
884 2274 108 58 quod
951 2274 108 58 ille
1019 2274 162 58 secundus
1126 2274 162 58 contractus

519 2326 105 52 sit
579 2326 180 52 licitus:
714 2326 90 52 vt
759 2326 90 52 si
804 2326 150 52 dicam,
909 2326 120 52 dono
983 2326 120 52 tibi
1058 2326 120 52 hunc
1133 2326 150 52 equum.
1223 2326 75 52 xx.

532 2367 146 54 aureis
635 2367 73 54 &
664 2367 102 54 non
722 2367 160 54 aliter:
839 2367 102 54 iam
897 2367 175 54 mutuatio
1028 2367 160 54 mutatur
1145 2367 88 54 in
1174 2367 117 54 emptio

532 2413 96 52 nem
587 2413 165 52 licitam.
711 2413 138 52 Quarto
808 2413 165 52 sequitur
931 2413 110 52 quod
1000 2413 83 52 si
1041 2413 110 52 quis
1110 2413 165 52 teneatur
1220 2413 83 52 siue

526 2451 84 50 vi
568 2451 211 50 contractus:
737 2451 113 50 siue
807 2451 84 50 ex
850 2451 127 50 pacto
934 2451 84 50 de
976 2451 127 50 culpa
1061 2451 197 50 leuissima:
1201 2451 99 50 etiam

519 2497 257 52 superioribus
728 2497 129 52 erit
808 2497 193 52 obnoxius
953 2497 193 52 scilicet
1098 2497 145 52 culpa
1194 2497 129 52 leui
1259 2497 48 52 &

526 2541 224 50 ascendendo:
705 2541 179 50 inferius
840 2541 120 50 enim
915 2541 179 50 includit
1049 2541 194 50 superius.
1198 2541 90 50 Ex
1228 2541 75 50 his

526 2584 123 50 quae
603 2584 92 50 de
649 2584 154 50 mutuo,
756 2584 200 50 emptione,
910 2584 215 50 locatione,
1080 2584 77 50 &
1095 2584 200 50 conductione

530 2625 140 70 dicta
624 2625 140 70 sunt:
717 2625 140 70 multi
811 2625 202 70 animalium
966 2625 218 70 contractus
1137 2625 140 70 dilui
1215 2625 78 70 pos

1347 277 141 58 sunt.
1442 277 110 58 Sed
1504 277 141 58 adhuc
1599 277 110 58 pro
1662 277 157 58 maiori
1772 277 267 58 intelligentia
1976 277 173 58 deciditur

1352 332 142 63 super
1447 332 110 63 hoc
1510 332 189 63 quaestio
1636 332 157 63 sequens.

1659 565 125 90 N
1709 565 324 90 cotractus
1933 565 200 90 socida

1678 641 106 60 rum
1738 641 151 60 quibus
1844 641 167 60 rustici
1965 641 91 60 in
1996 641 136 60 animali

1685 685 91 58 bus
1737 685 182 58 innituntur
1880 685 65 58 /
1906 685 91 58 sit
1959 685 156 58 licitus.
2063 685 65 58 Re-

1675 731 235 50 spondetur.
1860 731 252 50 multifariam
2044 731 84 50 ru-

1682 778 146 55 stici
1779 778 227 55 contrahere
1957 778 194 55 possunt:
2086 778 49 55 &

1662 818 192 60 antequam
1806 818 192 60 damnetur
1949 818 112 60 vel
1997 818 128 60 repro-

1667 861 129 62 betur
1753 861 158 62 aliquis
1867 861 129 62 talis
1939 861 186 62 contractus:

1363 914 255 46 considerandum
1573 914 105 46 est
1633 914 105 46 sub
1693 914 105 46 qua
1754 914 150 46 specie
1859 914 210 46 contractus
2009 914 120 46 inclu-

1353 951 156 57 datur:
1463 951 78 57 &
1494 951 94 57 an
1541 951 110 57 sit
1604 951 219 57 contractus
1776 951 141 57 purus
1870 951 78 57 &
1901 951 188 57 simplex,
2026 951 94 57 puta

1355 997 127 55 nihil
1440 997 141 55 habens
1538 997 141 55 contra
1637 997 183 55 naturalia
1778 997 155 55 illius.
1891 997 71 55 &
1919 997 113 55 tunc
1976 997 141 55 facilius

1350 1043 120 48 erit
1425 1043 196 48 iudicare:
1576 1043 90 48 an
1621 1043 150 48 habeat
1726 1043 226 48 conditiones
1906 1043 150 48 contra
1997 1043 135 48 naturam

1354 1088 216 58 contractus.
1526 1088 173 58 Videatur
1656 1088 158 58 itaque:
1771 1088 86 58 an
1815 1088 86 58 si
1858 1088 115 58 vnus
1930 1088 187 58 obligetur
2059 1088 58 58 ad

1353 1129 170 54 aliquid
1476 1129 155 54 contra
1585 1129 170 54 naturam
1708 1129 232 54 contractus:
1894 1129 139 54 alter
1987 1129 124 54 tunm
2049 1129 77 54 eum

1359 1173 178 55 releuet:
1493 1173 89 55 an
1537 1173 104 55 non
1596 1173 89 55 si
1641 1173 193 55 secundum:
1789 1173 163 55 dicatur
1908 1173 208 55 contractus
2056 1173 74 55 il-

1349 1216 189 49 licitus.
1491 1216 95 49 si
1538 1216 173 49 primum,
1664 1216 221 49 contractus
1838 1216 110 49 est
1901 1216 189 49 licitus,
2027 1216 110 49 dummo

1350 1265 95 44 do
1398 1265 111 44 non
1461 1265 174 44 addatur
1588 1265 158 44 aliqua
1699 1265 127 44 alia
1778 1265 269 44 circumstantia
1984 1265 143 44 contra:

1352 1306 125 53 ctum
1431 1306 219 53 inficiens.
1603 1306 157 53 Audiat
1713 1306 141 53 autem
1807 1306 204 53 confessor
1963 1306 110 53 vel
2010 1306 110 53 alius

1350 1353 195 55 prudens
1492 1353 160 55 extra
1599 1353 284 55 confessionem
1830 1353 249 55 contractum
2008 1353 124 55 ipsum

1346 1396 110 55 cum
1409 1396 173 55 omnibus
1535 1396 284 55 circumstantiis
1772 1396 236 55 requisitis:
1961 1396 79 55 &
1976 1396 158 55 inquirat

1346 1438 77 50 a
1376 1438 216 50 confitente
1547 1438 108 50 vel
1608 1438 124 50 alio
1686 1438 216 50 consulente
1856 1438 93 50 de
1887 1438 247 50 circunstantiis

1362 1490 119 51 quae
1436 1490 208 51 contractum
1600 1490 223 51 iustificare
1778 1490 104 51 vel
1838 1490 178 51 inficere
1972 1490 178 51 possunt.
2090 1490 45 51 &

1360 1531 121 44 ante
1436 1531 136 44 omnia
1526 1531 167 44 audita:
1648 1531 106 44 non
1708 1531 227 44 praecipitet
1890 1531 227 44 sententiam:
2056 1531 76 44 nec

1351 1570 119 55 eum
1419 1570 170 55 pudeat
1538 1570 187 55 geminam
1674 1570 170 55 audire
1792 1570 238 55 relationem
1979 1570 136 55 more
2047 1570 85 55 sa-

1362 1616 163 44 pientis
1480 1616 237 44 respondentis
1673 1616 103 44 tam
1732 1616 89 44 in
1776 1616 192 44 theologia
1924 1616 118 44 quam
1998 1616 89 44 in
2028 1616 103 44 arti-

1356 1658 130 48 bus:
1437 1658 146 48 primo
1534 1658 227 48 argumentum
1713 1658 179 48 integre
1843 1658 81 48 &
1875 1658 162 48 nitide
1973 1658 162 48 recitan-

1355 1703 126 50 tis,
1434 1703 79 50 &
1465 1703 173 50 secundo
1591 1703 94 50 ad
1638 1703 157 50 formam
1748 1703 267 50 respondentis.
1968 1703 79 50 &
2000 1703 94 50 si
2031 1703 110 50 casus

1356 1748 214 54 potissimum
1524 1748 92 54 in
1569 1748 229 54 confessione
1753 1748 153 54 fuerit
1859 1748 214 54 implicitus
2027 1748 76 54 &
2042 1748 92 54 dif-

1356 1792 176 56 ficilis:
1488 1792 147 56 capiat
1591 1792 176 56 inducias
1723 1792 73 56 a
1753 1792 220 56 respondente
1929 1792 132 56 bidui
2017 1792 103 56 vel
2061 1792 73 56 tri

1359 1836 114 49 dui
1424 1836 195 49 secundum
1570 1836 162 49 ipsius
1683 1836 276 49 difficultatis
1911 1836 244 49 exigentiam:
2089 1836 49 49 &

1353 1880 190 47 interea
1491 1880 242 47 induciarum
1681 1880 190 47 tempore
1819 1880 86 47 &
1853 1880 190 47 mortuos
1991 1880 86 47 &
2008 1880 121 47 viuos

1353 1924 189 49 doctores
1495 1924 205 49 consulat:
1653 1924 95 49 ne
1700 1924 158 49 caecus
1810 1924 158 49 caecum
1920 1924 95 49 in
1968 1924 158 49 foueam
2062 1924 63 49 du

1362 1971 118 51 cat.
1436 1971 74 51 &
1466 1971 118 51 nisi
1540 1971 222 51 diligentiam
1717 1971 133 51 super
1806 1971 178 51 eiusmodi
1940 1971 178 51 negociis
2058 1971 74 51 fe-

1363 2010 140 55 cerit,
1461 2010 112 55 erit
1531 2010 84 55 ei
1573 2010 140 55 crassa
1671 2010 196 55 ignorantia
1824 2010 70 55 &
1852 2010 210 55 vincibilis:
2006 2010 126 55 neminem

1358 2056 78 51 a
1390 2056 140 51 culpa
1483 2056 202 51 excusans.
1639 2056 93 51 Et
1685 2056 140 51 licet
1779 2056 187 51 absoluat
1919 2056 234 51 confitentem
2090 2056 47 51 &

1354 2108 136 51 casum
1445 2108 212 51 iustificet
1611 2108 76 51 a
1642 2108 136 51 casu:
1732 2108 136 51 adhuc
1823 2108 106 51 non
1884 2108 212 51 excusatur:
2035 2108 91 51 quia

1362 2145 144 46 licet
1458 2145 160 46 iustum
1571 2145 176 46 faciat:
1699 2145 112 46 non
1763 2145 144 46 tamen
1859 2145 160 46 iuste,
1956 2145 176 46 quemadmo-

1363 2190 113 56 dum.
1433 2190 99 56 ii.
1490 2190 155 56 Ethico.
1602 2190 127 56 dicit
1687 2190 211 56 philosophus
1856 2190 113 56 quod
1926 2190 113 56 quis
1982 2190 141 56 loquitur

1363 2231 256 58 grammaticam
1568 2231 85 58 &
1602 2231 119 58 non
1670 2231 256 58 grammatice:
1875 2231 137 58 quia
1960 2231 119 58 non
2029 2231 102 58 ex
2063 2231 68 58 ha

1353 2276 120 57 bitu
1428 2276 150 57 artis.
1533 2276 120 57 Haec
1608 2276 165 57 dixerim
1728 2276 165 57 propter
1847 2276 165 57 aliquos
1967 2276 135 57 pauca
2042 2276 90 57 prim

1365 2320 140 58 cipia
1459 2320 94 58 in
1506 2320 203 58 theologia
1662 2320 203 58 habentes:
1817 2320 109 58 qui
1880 2320 140 58 casus
1973 2320 125 58 more
2036 2320 94 58 loro

1364 2375 117 46 tum
1431 2375 167 46 Gordii
1548 2375 234 46 implicitos
1731 2375 117 46 mox
1798 2375 217 46 absoluunt
1965 2375 117 46 vel
2015 2375 117 46 repro

1365 2413 138 50 bant:
1457 2413 107 50 tam
1518 2413 92 50 in
1564 2413 230 50 confessione
1748 2413 123 50 quam
1824 2413 138 50 extra
1901 2413 230 50 confessionem:

1372 2458 123 53 quod
1448 2458 107 53 est
1510 2458 138 53 etiam
1602 2458 169 53 peccato
1724 2458 169 53 secluso
1847 2458 153 53 contra
1954 2458 123 53 viri
2015 2458 123 53 famam:

1364 2502 111 54 quia
1434 2502 223 54 inquisitione
1614 2502 181 54 posterius
1754 2502 125 54 facta
1837 2502 70 54 (
1865 2502 83 54 vt
1906 2502 181 54 plerunque
2046 2502 111 54 fit)

1352 2541 255 46 resolutionis
1559 2541 127 46 eius
1639 2541 223 46 inuenietur
1814 2541 223 46 oppositum.
1973 2541 159 46 Vlterius

1365 2586 253 47 considerabis:
1573 2586 89 47 si
1618 2586 178 47 opulenti
1752 2586 149 47 passim
1856 2586 89 47 ac
1900 2586 149 47 inopes
2004 2586 119 47 tali
2064 2586 74 47 con

1360 2631 149 67 tractu
1465 2631 179 67 vtantur:
1599 2631 105 67 nam
1659 2631 90 67 si
1704 2631 105 67 ita
1763 2631 194 67 compertum
1913 2631 164 67 fuerit:
2017 2631 120 67 liciti
