2338 3314
240 281 148 57 manens
344 281 133 57 inter
432 281 103 57 eos
491 281 221 57 aequaliter:
668 281 74 57 &
698 281 133 57 etiam
786 281 177 57 capitale
919 281 133 57 aequa

241 339 147 49 liter.
344 339 73 49 &
373 339 88 49 si
417 339 117 49 vnus
491 339 147 49 posuit
593 339 117 49 plus
667 339 88 49 de
711 339 191 49 capitali:
858 339 88 49 ea
887 339 132 49 propor-

250 386 125 40 tione
334 386 111 40 plus
403 386 153 40 habebit
515 386 125 40 lucri
598 386 167 40 caeteris
724 386 167 40 paribus:
849 386 70 40 &
877 386 111 40 tunc
932 386 84 40 opoi

244 427 105 52 tet
304 427 150 52 duplum
409 427 90 52 in
453 427 180 52 expensis
588 427 165 52 facere:
708 427 120 52 quod
783 427 75 52 &
813 427 165 52 duplici
917 427 105 52 capi-

246 468 118 49 tali
320 468 74 49 &
349 468 133 49 lucro
438 468 177 49 perdendo
570 468 103 49 sit
629 468 206 49 subiectus.
791 468 88 49 Si
835 468 147 49 sortes
924 468 88 49 plus

253 511 144 52 ponens
354 511 87 52 in
397 511 173 52 capitale
527 511 116 52 quam
599 511 130 52 plato
686 511 188 52 permittit
830 511 173 52 platonem
946 511 72 52 tam

239 563 110 43 tum
302 563 142 43 secum
397 563 237 43 participare
586 563 95 43 de
634 563 158 43 lucro:
744 563 110 43 sed
807 563 142 43 tamen
886 563 142 43 ratione

247 599 154 50 illius
354 599 138 50 lucri
446 599 169 50 maioris
569 599 123 50 vult
646 599 184 50 platonem
784 599 123 50 esse
846 599 169 50 subiectum

239 649 167 54 maiori
356 649 216 54 periculo:
522 649 167 54 vtpote
639 649 167 54 quando
756 649 150 54 esset
839 649 183 54 obligatus

245 689 98 56 vi
294 689 230 56 contractus
474 689 98 56 de
524 689 131 56 dolo
606 689 82 56 &
639 689 98 56 de
688 689 164 56 aliqua
803 689 164 56 culpa,
918 689 82 56 &
934 689 82 56 eum

245 736 216 48 obligaret
412 736 100 48 ad
462 736 233 48 leuissimam
645 736 166 48 culpam
761 736 216 48 subeundam
927 736 83 48 /
944 736 83 48 vel

252 781 95 51 ad
300 781 174 51 aliquid
426 781 95 51 ad
474 781 127 51 quod
553 781 111 51 non
616 781 174 51 tenetur
743 781 95 51 vi
790 781 222 51 contractus
949 781 63 51 so

257 823 212 50 cietatis:
420 823 130 50 tunc
501 823 98 50 si
550 823 212 50 prudentum
713 823 261 50 negociatorum
908 823 114 50 iudi-

241 873 101 50 cio
298 873 145 50 lucrum
400 873 202 50 verosimile
559 873 116 50 quod
631 873 87 50 ei
674 873 145 50 offert
775 873 145 50 sortes
876 873 72 50 /
905 873 101 50 sit
949 873 72 50 ita

251 919 234 47 expetibile
435 919 100 47 vt
486 919 167 47 damnum
603 919 234 47 offerendum
787 919 117 47 est
837 919 184 47 fugibiles

249 959 107 52 ita
310 959 92 52 vt
356 959 153 52 dubium
463 959 107 52 sit
525 959 123 52 apud
601 959 138 52 illos
693 959 215 52 prudentes,
862 959 123 52 vtra
923 959 92 52 pars

244 1001 104 54 sit
304 1001 179 54 eligenda
438 1001 74 54 a
467 1001 179 54 plarone:
601 1001 104 54 vel
661 1001 238 54 probabiliter
854 1001 149 54 partes
944 1001 74 54 non

245 1044 188 55 iudicant
386 1044 188 55 iniquas:
527 1044 141 55 adhuc
621 1044 219 55 contractus
793 1044 219 55 societatis
950 1044 78 55 est

246 1088 203 53 licitus.
398 1088 102 53 Et
449 1088 102 53 do
500 1088 119 53 hoc
568 1088 254 53 documentum:
771 1088 237 53 contractum
940 1088 85 53 an-

243 1136 187 49 cipitem
379 1136 239 49 societatis
567 1136 239 49 ineuntibus
754 1136 153 49 summe
840 1136 187 49 obseruan-

251 1177 126 57 dum:
330 1177 110 57 tum
393 1177 95 57 ne
440 1177 221 57 fallantur:
614 1177 110 57 tum
677 1177 95 57 ne
724 1177 189 57 videatur
866 1177 126 57 esse
929 1177 95 57 spe-

249 1227 134 52 cies
333 1227 150 52 mali.
433 1227 267 52 Congregentur
650 1227 134 52 tres
733 1227 117 52 vel
800 1227 200 52 quattuor
934 1227 100 52 pru-

253 1270 154 51 dentes
360 1270 246 51 negociatores
560 1270 92 51 in
606 1270 154 51 initio
714 1270 231 51 contractus:
898 1270 123 51 viri
960 1270 61 51 bo

247 1309 108 55 nae
308 1309 139 55 famae
401 1309 139 55 inter
493 1309 123 55 suos
571 1309 108 55 cum
632 1309 170 55 erudito
756 1309 123 55 viro
833 1309 108 55 vno
895 1309 108 55 vel
941 1309 77 55 duc

250 1360 119 52 bus
318 1360 203 52 secundum
470 1360 237 52 exigentiam
657 1360 237 52 arduitatis
827 1360 203 52 contractus

238 1408 85 49 si
280 1408 128 49 fieri
366 1408 157 49 potest:
480 1408 114 49 apud
551 1408 114 49 quos
622 1408 171 49 singulae
750 1408 256 49 circumstantiae
950 1408 71 49 con

247 1447 165 51 tractus
367 1447 195 51 recitent.
517 1447 180 51 Notanter
653 1447 90 51 de
698 1447 165 51 erudito
818 1447 120 51 viro
878 1447 150 51 loquutus

244 1487 124 56 sum.
322 1487 124 56 quia
400 1487 140 56 sicut
493 1487 93 56 ad
539 1487 155 56 lucrum
648 1487 155 56 socius
757 1487 155 56 socium
865 1487 155 56 iuuat:
958 1487 78 56 sic

246 1534 96 55 in
294 1534 112 55 hoc
358 1534 207 55 contractu
517 1534 159 55 licite
629 1534 239 55 contrahendo
804 1534 223 55 negociatores

252 1579 168 53 eruditi.
378 1579 98 53 nam
434 1579 126 53 sicut
517 1579 98 53 pro
573 1579 126 53 recta
657 1579 182 53 sententia
797 1579 154 53 ferenda
908 1579 84 53 in
936 1579 98 53 quae-

243 1633 191 46 stionibus
390 1633 132 46 facti
478 1633 132 46 lucri
567 1633 103 46 vel
625 1633 132 46 damni
713 1633 235 46 verosimilis,
890 1633 132 46 negocia

257 1667 152 54 toribus
368 1667 152 54 eruditi
478 1667 166 54 credent:
603 1667 97 54 ita
658 1667 166 54 ediuerso
782 1667 83 54 an
824 1667 193 54 contractus
962 1667 69 54 sit

262 1715 186 52 vsurarius
405 1715 100 52 vel
462 1715 143 52 alicui
563 1715 115 52 legi
634 1715 158 52 diuinae
749 1715 100 52 vel
807 1715 158 52 humanae
907 1715 129 52 contra:

259 1761 170 48 ueniens:
386 1761 198 48 iudicabunt
542 1761 170 48 eruditi.
670 1761 170 48 Vlterius
797 1761 85 48 si
840 1761 142 48 aliqui
925 1761 99 48 socie

246 1805 131 50 tatem
334 1805 145 50 ineant
435 1805 73 50 &
464 1805 102 50 non
523 1805 218 50 specificent
697 1805 262 50 circumstantias
900 1805 131 50 contra:

255 1843 121 56 ctus
331 1843 136 56 inter
421 1843 106 56 se:
482 1843 121 56 tunc
558 1843 167 56 standum
679 1843 106 56 est
739 1843 242 56 consuetudini
921 1843 106 56 regio

245 1893 111 50 nis
309 1893 95 50 si
356 1893 111 50 non
420 1893 111 50 sit
483 1893 159 50 iniqua
594 1893 79 50 /
626 1893 111 50 vel
689 1893 127 50 legi
768 1893 174 50 communi
879 1893 143 50 aduersa

252 1934 203 55 Secundo,
404 1934 135 55 quia
489 1934 135 55 vnus
574 1934 169 55 crebro
692 1934 203 55 duntaxat
845 1934 169 55 operam
946 1934 85 55 po-

247 1985 105 53 nit
307 1985 75 53 &
337 1985 134 53 alter
426 1985 194 53 pecuniam:
576 1985 254 53 considerandum
785 1985 105 53 est
845 1985 90 53 an
890 1985 120 53 illa
949 1985 75 53 ope

253 2023 85 56 ra
295 2023 127 56 minus
380 2023 141 56 valeat
479 2023 113 56 quam
550 2023 155 56 pecunia
663 2023 155 56 posita:
776 2023 127 56 magis
860 2023 71 56 /
889 2023 85 56 an
931 2023 127 56 aequa

250 2068 123 50 liter:
336 2068 98 50 quia
397 2068 74 50 vt
434 2068 135 50 dicitur
532 2068 86 50 in.
582 2068 74 50 l.
618 2068 74 50 i.
655 2068 74 50 C.
692 2068 86 50 pro
741 2068 123 50 socio.
827 2068 111 50 Saepe
901 2068 111 50 opera
963 2068 61 50 ali

254 2116 127 49 cuius
338 2116 99 49 pro
395 2116 155 49 pecunia
507 2116 141 49 valet,
606 2116 183 49 contingit
747 2116 113 49 enim
817 2116 113 49 quod
887 2116 141 49 sortes
972 2116 56 49 in

256 2165 121 44 arte
332 2165 76 44 n
362 2165 182 44 gociandi
499 2165 106 44 sit
559 2165 106 44 ita
620 2165 152 44 gnarus
726 2165 76 44 &
757 2165 273 44 circunspectus:
969 2165 61 44 vt

254 2205 101 52 si
305 2205 168 52 operas
422 2205 135 52 suas
507 2205 101 52 ad
557 2205 286 52 negociationem
792 2205 236 52 exercendam
961 2205 67 52 ap

263 2257 172 51 plicare
389 2257 203 51 voluerit:
545 2257 156 51 possit
655 2257 141 51 annue
748 2257 110 51 pro
811 2257 172 51 mercede
920 2257 110 51 vltra

259 2294 154 46 omnes
361 2294 205 46 expensas
515 2294 85 46 &
549 2294 205 46 pericula
703 2294 205 46 consequi
856 2294 171 46 centum
959 2294 68 46 au

250 2333 133 56 reos:
339 2333 118 56 quia
413 2333 104 56 est
472 2333 118 56 bona
546 2333 148 56 indole
649 2333 74 56 /
679 2333 104 56 qui
738 2333 104 56 diu
797 2333 222 56 negociatori
975 2333 89 56 in

253 2384 199 53 seruiuit:
406 2384 107 53 vel
467 2384 138 53 senex
559 2384 214 53 negociando
728 2384 123 53 sine
804 2384 107 53 sua
865 2384 138 53 culpa
957 2384 107 53 ma-

254 2431 124 49 gnam
332 2431 155 49 partem
441 2431 155 49 suorum
549 2431 171 49 bonorum
673 2431 171 49 amisit:
797 2431 109 49 aut
859 2431 93 49 si
906 2431 109 49 sit
952 2431 78 49 opu

257 2470 147 57 lentus:
363 2470 200 57 cognoscitur
523 2470 67 57 a
550 2470 147 57 vicinis
657 2470 253 57 negociatoribus.
870 2470 107 57 quod
937 2470 80 57 si
963 2470 67 57 ni-

257 2513 107 52 hil
318 2513 183 52 haberet,
455 2513 76 52 &
486 2513 199 52 inseruire
639 2513 153 52 vellet
746 2513 107 52 pro
807 2513 183 52 mercede:
929 2513 107 52 prome

251 2569 157 42 reretur
365 2569 142 42 centum
464 2569 142 42 aureos
564 2569 199 42 quotannis.
721 2569 114 42 Hanc
792 2569 199 42 industriam
934 2569 100 42 cogno

256 2599 158 53 scentes
371 2599 158 53 prouidi
486 2599 230 53 negociatores
673 2599 129 53 saepe
759 2599 115 53 suas
831 2599 144 53 filias
917 2599 115 53 liben-

257 2649 114 56 tius
328 2649 171 56 eiusmodi
457 2649 129 56 etiam
542 2649 129 56 nihil
628 2649 200 56 habentibus
785 2649 157 56 tradunt
899 2649 114 56 quam
957 2649 71 56 bis

239 2690 146 57 mille
336 2690 162 57 aureos
449 2690 178 57 habenti
579 2690 81 57 a
611 2690 211 57 maioribus
774 2690 211 57 relictos.
919 2690 130 57 Potest

1077 282 136 58 etiam
1168 282 121 58 esse
1244 282 167 58 aliquis
1365 282 106 58 qui
1425 282 106 58 vix
1486 282 136 58 annue
1577 282 227 58 comquireret
1744 282 121 58 centum

1077 332 197 56 francos:
1224 332 148 56 alius
1323 332 279 56 quinquaginta:
1553 332 82 56 &
1586 332 115 56 sic
1635 332 230 56 consequenter

1073 379 196 51 ducentos
1219 379 179 51 aureos.
1350 379 130 51 tunc
1431 379 147 51 Plato
1529 379 98 51 in
1578 379 130 51 fine
1659 379 130 51 anni
1725 379 130 51 centum

1083 427 153 49 aureos
1190 427 123 49 quos
1267 427 153 49 posuit
1374 427 92 49 in
1420 427 184 49 capitale
1558 427 214 49 subtrahet:
1726 427 77 49 &
1741 427 123 49 sortes

1073 463 208 50 tantundem
1233 463 224 50 subtrahet:
1409 463 128 50 quia
1490 463 144 50 opera
1586 463 128 50 eius
1666 463 160 50 tantum
1762 463 112 50 valet

1080 512 95 48 ex
1128 512 221 48 hypothesi:
1302 512 79 48 &
1333 512 111 48 per
1397 512 221 48 consequens
1570 512 174 48 vterque
1697 512 142 48 eorum
1776 512 95 48 habe

1075 556 101 54 bit
1132 556 246 54 quinquaginta.
1335 556 87 54 si
1378 556 116 54 enim
1451 556 130 54 plato
1538 556 116 54 plus
1610 556 203 54 pecuniarum
1755 556 101 54 appli

1080 597 178 53 cuisset:
1213 597 118 53 plus
1288 597 148 53 sortes
1391 597 133 53 lucri
1480 597 222 53 consequutus
1658 597 178 53 fuisset.
1791 597 104 53 Sed

1078 644 93 52 si
1124 644 154 52 sortes
1232 644 154 52 posset
1340 644 185 52 inuenire
1479 644 170 52 aliquos
1603 644 139 52 alios
1695 644 108 52 qui
1741 644 124 52 darent

1080 687 120 48 sibi
1155 687 239 48 quinquaginta
1349 687 135 48 etiam
1439 687 90 48 ad
1484 687 105 48 eos
1544 687 224 48 adiuuandos:
1723 687 120 48 quia
1783 687 75 48 com

1089 737 107 48 tum
1150 737 137 48 aurei
1241 737 122 48 quos
1317 737 91 48 ei
1363 737 137 48 dedit
1454 737 137 48 Plato
1545 737 107 48 non
1606 737 244 48 sufficienter
1789 737 76 48 eum

1076 778 223 53 occupant:
1247 778 137 53 tunc
1333 778 154 53 solum
1436 778 172 53 debent
1556 778 223 53 computari
1711 778 154 53 Platoni

1076 822 93 48 in
1123 822 187 48 capitale
1263 822 265 48 quinquaginta:
1481 822 125 48 quia
1559 822 109 48 non
1622 822 203 48 applicuit
1762 822 109 48 extre

1082 865 108 52 mun
1143 865 169 52 conatum
1266 865 169 52 laborum
1389 865 169 52 suorum:
1512 865 108 52 hoc
1573 865 108 52 est
1635 865 154 52 tantum
1727 865 138 52 quantum

1075 920 274 44 rationabiliter
1303 920 168 44 poterat
1425 920 168 44 facere:
1547 920 122 44 quia
1623 920 91 44 de
1669 920 168 44 virtute
1776 920 91 44 ser-

1086 952 147 55 monis
1183 952 114 55 non
1249 952 114 55 est
1314 952 179 55 dabilis
1444 952 196 55 extremus
1591 952 147 55 labor
1689 952 130 55 quem
1754 952 114 55 face-

1084 997 89 50 re
1129 997 163 50 potest.
1247 997 104 50 sed
1306 997 89 50 si
1350 997 133 50 Plato
1439 997 163 50 poneret
1557 997 104 50 bis
1617 997 133 50 mille
1705 997 177 50 ducatos:
1824 997 44 50 &

1086 1048 148 53 sortes
1190 1048 148 53 posset
1294 1048 193 53 negociari
1442 1048 237 53 sufficienter
1634 1048 89 53 ex
1679 1048 148 53 illis:
1767 1048 104 53 Plato

1073 1089 109 50 bis
1136 1089 156 50 millle
1245 1089 172 50 ducatos
1370 1089 250 50 subtraheret,
1573 1089 78 50 &
1604 1089 156 50 sortes
1714 1089 156 50 centum
1808 1089 62 50 du

1080 1131 148 59 catos.
1184 1131 74 59 &
1213 1131 133 59 ratio
1302 1131 118 59 est:
1376 1131 118 59 quia
1450 1131 163 59 ponimus
1569 1131 148 59 operam
1673 1131 148 59 sortis
1761 1131 104 59 prae-

1085 1177 129 57 cise
1166 1177 161 57 valere
1279 1177 161 57 centum
1376 1177 161 57 ducatos.

1129 1224 157 96 His
1219 1224 224 96 dictis
1376 1224 247 96 aliquos
1556 1224 202 96 casus
1668 1224 202 96 subiun-

1092 1311 121 52 gam.
1168 1311 151 52 Primus
1274 1311 121 52 est.
1349 1311 91 52 a.
1395 1311 151 52 posuit
1501 1311 151 52 centum
1607 1311 151 52 aureos
1713 1311 91 52 in
1743 1311 121 52 socie-

1081 1354 136 54 tate,
1171 1354 75 54 &
1202 1354 90 54 b.
1247 1354 166 54 operas.
1367 1354 151 54 lucrum
1473 1354 75 54 &
1503 1354 181 54 capitale
1639 1354 136 54 simul
1714 1354 166 54 aggregata

1089 1393 208 52 trecentos
1249 1393 160 52 aureos
1361 1393 176 52 valent.
1490 1393 160 52 dubium
1602 1393 112 52 est
1666 1393 176 52 quomodo
1778 1393 96 52 haec

1086 1436 170 57 pecunia
1209 1436 108 57 sit
1271 1436 201 57 partienda
1425 1436 93 57 in
1472 1436 216 57 societate.
1657 1436 216 57 Respondetur.

1087 1483 85 49 si
1129 1483 128 49 valor
1214 1483 170 49 operarum
1342 1483 85 49 b.
1385 1483 213 49 simpliciter
1555 1483 170 49 pecuniae
1683 1483 85 49 a.
1725 1483 170 49 aequiua-

1087 1524 134 57 leat:
1176 1524 163 57 vterque
1295 1524 89 57 in
1340 1524 119 57 fine
1414 1524 119 57 anni
1488 1524 134 57 primo
1577 1524 134 57 debet
1666 1524 178 57 aequalem
1785 1524 89 57 par-

1087 1568 97 53 tem
1142 1568 165 53 pecuniae
1266 1568 152 53 tanquam
1377 1568 165 53 capitale
1501 1568 207 53 subtrahere.
1666 1568 124 53 ratio
1749 1568 97 53 est
1790 1568 83 53 quia

1079 1621 99 51 b.
1128 1621 115 51 pro
1194 1621 165 51 labore
1309 1621 148 51 habet
1408 1621 148 51 primo
1507 1621 165 51 centum
1623 1621 165 51 aureos
1738 1621 82 51 &
1771 1621 132 51 quin

1085 1664 181 52 quaginta
1220 1664 105 52 pro
1281 1664 151 52 lucro,
1386 1664 75 52 &
1416 1664 151 52 tantum
1522 1664 166 52 habebit
1642 1664 90 52 b.
1687 1664 136 52 vltra
1763 1664 105 52 capi-

1080 1708 133 46 tale.
1169 1708 148 46 deinde
1272 1708 251 46 interusorium:
1480 1708 104 46 hoc
1539 1708 104 46 est
1598 1708 148 46 lucrum
1701 1708 89 46 de
1731 1708 133 46 societa

1086 1751 91 51 te
1131 1751 167 51 habitum
1252 1751 136 51 aequa
1343 1751 136 51 lance
1434 1751 136 51 inter
1525 1751 106 51 eos
1585 1751 212 51 partiendum
1752 1751 121 51 est.
1812 1751 61 51 si

1084 1794 125 50 vero
1163 1794 141 50 opera
1257 1794 94 50 b.
1303 1794 141 50 solum
1397 1794 172 50 dimidio
1523 1794 235 50 interusorii
1710 1794 188 50 aequiua-

1083 1843 139 48 leat:
1175 1843 155 48 lucrum
1284 1843 139 48 solum
1376 1843 108 48 est
1438 1843 139 48 inter
1531 1843 108 48 eos
1593 1843 216 48 partiendum
1763 1843 108 48 vbi
1809 1843 62 48 a-

1083 1880 122 54 suum
1159 1880 183 54 capitale
1297 1880 138 54 prius
1388 1880 76 54 a
1419 1880 122 54 toto
1495 1880 214 54 abstraxit.
1663 1880 107 54 sed
1724 1880 92 54 si
1755 1880 107 54 opera

1081 1927 90 52 b.
1126 1927 224 52 interusorii
1305 1927 239 52 dimidietatem
1500 1927 195 52 exuperet,
1650 1927 105 52 sed
1709 1927 105 52 non
1754 1927 120 52 equiua

1087 1976 114 45 leat
1158 1976 171 45 pecuniae
1286 1976 128 45 primo
1372 1976 86 45 in
1415 1976 143 45 sortem
1515 1976 157 45 missae:
1629 1976 128 45 tanto
1714 1976 128 45 maior
1785 1976 86 45 pars

1084 2014 123 65 lucri
1166 2014 123 65 debet
1248 2014 136 65 cedere
1343 2014 82 65 b,
1384 2014 123 65 quato
1466 2014 123 65 opera
1548 2014 82 65 b.
1589 2014 177 65 praeualet
1711 2014 150 65 interuso-

1083 2067 104 46 rio
1143 2067 193 46 pecuniae:
1291 2067 134 46 prius
1380 2067 134 46 tamen
1470 2067 193 46 subtracta
1618 2067 178 46 capitali
1737 2067 134 46 pecunia

1087 2112 101 53 pro
1144 2112 115 53 solo
1216 2112 72 53 a
1245 2112 317 53 proportionabiliter
1518 2112 86 53 si
1562 2112 130 53 opera
1648 2112 86 53 b.
1691 2112 101 53 sit
1734 2112 130 53 vilior.

1113 2152 185 53 Secundus
1252 2152 154 53 casus.
1359 2152 92 53 a.
1406 2152 154 53 tradit
1513 2152 92 53 b.
1559 2152 169 53 aliquot
1682 2152 123 53 oues
1759 2152 92 53 eo
1790 2152 77 53 pa-

1086 2193 106 61 cto
1146 2193 90 61 vt
1191 2193 121 61 omne
1267 2193 196 61 periculum
1418 2193 136 61 earum
1508 2193 106 61 sit
1568 2193 196 61 vtriusque
1704 2193 166 61 qualiter-

1088 2238 142 57 cumque
1187 2238 171 57 pereant.
1315 2238 85 57 a.
1358 2238 114 57 vnam
1429 2238 228 57 dimidietatem
1614 2238 171 57 periculi
1728 2238 142 57 subibit,

1087 2282 72 52 &
1115 2282 87 52 b.
1159 2282 145 52 aliam.
1260 2282 87 52 si
1304 2282 130 52 autem
1390 2282 101 52 non
1448 2282 174 52 pereant:
1579 2282 87 52 a.
1622 2282 130 52 debet
1709 2282 130 52 prius
1781 2282 87 52 suum

1088 2325 189 59 capitale
1230 2325 220 59 retrahere:
1403 2325 79 59 &
1434 2325 157 59 postea
1544 2325 126 59 oues
1623 2325 142 59 erunt
1702 2325 157 59 communes

1100 2368 157 56 vtrique
1214 2368 214 56 aequaliter.
1414 2368 200 56 Distinguo:
1571 2368 100 56 vel
1628 2368 143 56 operae
1728 2368 171 56 baequiua

1093 2414 113 55 lent
1164 2414 255 55 communicationi
1376 2414 128 55 ouium
1461 2414 85 55 a.
1504 2414 99 55 aut
1560 2414 113 55 non.
1631 2414 85 55 si
1674 2414 142 55 primu,
1773 2414 99 55 cum
1815 2414 57 55 a-

1089 2458 99 58 non
1145 2458 169 58 teneatur
1272 2458 183 58 suscipere
1413 2458 141 58 partem
1512 2458 169 58 periculi
1639 2458 85 58 ex
1681 2458 113 58 lata
1751 2458 99 58 vel
1794 2458 70 58 le-

1087 2504 86 59 ui
1130 2504 130 59 culpa
1216 2504 144 59 ipsius
1317 2504 86 59 b.
1360 2504 86 59 si
1404 2504 187 59 suscipere
1548 2504 173 59 dimidium
1678 2504 144 59 illius
1764 2504 101 59 peri-

1097 2550 126 52 culi
1176 2550 95 52 ad
1223 2550 126 52 quod
1302 2550 110 52 non
1365 2550 173 52 tenetur
1492 2550 95 52 a.
1539 2550 237 52 aequiualeat
1712 2550 158 52 excessui

1095 2595 115 57 quem
1167 2595 129 57 habet
1253 2595 86 57 a.
1296 2595 129 57 super
1382 2595 72 57 b
1411 2595 201 57 contractus
1569 2595 101 57 est
1627 2595 173 57 licitus:
1756 2595 86 57 si
1799 2595 101 57 non

1094 2635 226 69 aequiualeat:
1278 2635 198 69 contractus
1433 2635 99 69 est
1490 2635 198 69 illicitus,
1645 2635 71 69 &
1673 2635 85 69 a.
1716 2635 113 69 plus
1772 2635 99 69 habet

1087 2683 114 74 quam
1158 2683 86 74 b.
1201 2683 100 74 nam
1258 2683 100 74 cum
1315 2683 171 74 capitale
1443 2683 143 74 ipsius
1543 2683 86 74 b.
1586 2683 171 74 scilicet
1714 2683 128 74 opera
1785 2683 86 74 eius
