2331 3317
204 280 152 60 habeat
310 280 198 60 dominium:
462 280 76 60 &
493 280 213 60 assecurans
660 280 106 60 non
721 280 167 60 habeat:
842 280 106 60 sed
888 280 76 60 hoc

201 337 108 48 non
262 337 108 48 est
324 337 93 48 in
371 337 201 48 societate
525 337 232 48 pecuniaria.
711 337 108 48 Hoc
773 337 108 48 sic
819 337 155 48 declaro.

205 374 105 56 cum
265 374 224 56 aromatarius
444 374 179 56 tradidit
579 374 120 56 mihi
653 374 105 56 sua
713 374 120 56 vasa
788 374 179 56 argentea
907 374 60 56 in

206 427 171 53 prandio
331 427 217 53 doctoratus
501 427 124 53 mei:
579 427 171 53 tenebar
703 427 93 53 ex
750 427 124 53 lege
812 427 155 53 caesarea

202 468 91 45 vt
247 468 91 45 in
293 468 198 45 locatione
445 468 243 45 allegauimus,
643 468 76 45 &
673 468 91 45 ex
719 468 122 45 lege
780 468 182 45 consuetudi

203 503 123 61 natia
285 503 164 61 Parisiis
408 503 177 61 obseruata
544 503 191 61 restituere
694 503 191 61 quodcumque
844 503 95 61 vas
885 503 95 61 perdi

198 555 108 51 tum
259 555 278 51 qualitercumque
491 555 217 51 periisset:
662 555 77 51 &
693 555 139 51 tamen
770 555 201 51 aromatarius

205 595 136 48 vasorum
304 595 111 48 solus
378 595 99 48 erat
439 595 148 48 dominus:
551 595 87 48 ego
600 595 111 48 autem
674 595 185 48 assecurans:
823 595 87 48 non
860 595 111 48 dominus

214 641 99 51 Sed
270 641 141 51 dicis.
369 641 141 51 ponens
468 641 141 51 operam
567 641 85 51 in
609 641 198 51 societatem
764 641 71 51 /
793 641 113 51 post
849 641 127 51 societa

206 687 101 53 tis
263 687 246 53 complementum.
466 687 202 53 creberrime
624 687 173 53 refundit
754 687 130 53 totum
827 687 144 53 capitale

211 732 177 53 pecuniam
344 732 177 53 ponenti:
477 732 89 53 vt
522 732 118 53 puta
596 732 89 53 si
640 732 207 53 aggregatum
803 732 89 53 ex
832 732 148 53 capitali

206 773 71 61 &
234 773 213 61 interusorio
405 773 100 61 non
462 773 100 61 sit
519 773 85 61 in
561 773 114 61 fine
633 773 213 61 partiendum:
803 773 114 61 ergo
860 773 114 61 ponens

199 818 143 44 operam
299 818 100 44 nec
356 818 100 44 est
413 818 158 44 dominus
528 818 100 44 nec
585 818 200 44 condominus
743 818 143 44 illius
829 818 143 44 pecuniae

212 862 70 62 â‹
240 862 197 62 Respondeo.
395 862 225 62 consequentia
577 862 98 62 est
634 862 141 62 nulla,
732 862 127 62 nonne
816 862 127 62 vides
887 862 84 62 quod

204 908 218 46 mutuatarius
379 908 145 46 mutuum
481 908 203 46 restituere
640 908 102 46 est
698 908 218 46 obstrictus:
873 908 73 46 &
887 908 102 46 tamen

204 955 104 48 est
263 955 133 48 solus
352 955 163 48 dominus
471 955 148 48 mutui:
574 955 118 48 quia
648 955 89 48 in
693 955 192 48 mutatione
826 955 148 48 mutuator

210 994 152 54 dominio
321 994 152 54 cessit.
432 994 83 54 Si
473 994 152 54 quaeras
584 994 83 54 an
626 994 180 54 sequatur:
764 994 139 54 sortes
861 994 97 54 est
903 994 83 54 con-

212 1039 158 61 dominus
327 1039 86 61 in
370 1039 187 61 societate
514 1039 144 61 istius
615 1039 144 61 totius
715 1039 187 61 pecuniae:
859 1039 115 61 ergo
917 1039 72 61 est

199 1085 168 56 dominus
321 1085 153 56 istius
428 1085 168 56 totius.
550 1085 122 56 Dico
626 1085 122 56 siue
702 1085 183 56 sequatur
840 1085 122 56 siue
901 1085 76 56 non

210 1131 119 55 quid
284 1131 89 55 ad
329 1131 89 55 a?
374 1131 104 55 sed
433 1131 134 55 illam
522 1131 178 55 concedo:
656 1131 178 55 alioquin
790 1131 119 55 Adam
864 1131 89 55 in
894 1131 89 55 sta-

200 1177 84 55 tu
242 1177 210 55 innocentiae
410 1177 154 55 nullius
522 1177 98 55 rei
578 1177 154 55 fuisset
689 1177 154 55 dominus
787 1177 196 55 simpliciter.

208 1219 224 47 simpliciter
388 1219 135 47 autem
477 1219 120 47 dico
552 1219 120 47 quod
627 1219 120 47 sine
702 1219 150 47 addito
806 1219 135 47 dico.
881 1219 105 47 primo

215 1264 186 48 Priorum.
355 1264 109 48 Sed
417 1264 124 48 nisi
495 1264 140 48 nobis
588 1264 140 48 esset
681 1264 140 48 fixus
774 1264 155 48 animus
867 1264 109 48 diuer

207 1306 112 55 sum
271 1306 96 55 ab
319 1306 112 55 hac
383 1306 176 55 materia
510 1306 112 55 seu
574 1306 239 55 impertinens
766 1306 112 55 non
813 1306 176 55 aggredien

204 1351 104 49 di:
264 1351 134 49 mente
353 1351 178 49 occurrit
487 1351 208 49 replicatio
650 1351 89 49 de
695 1351 238 49 religiosorum
873 1351 104 49 bonis

197 1397 112 52 Nam
261 1397 208 52 quilibet.
421 1397 128 52 xxx.
501 1397 240 52 canonicorum
692 1397 176 52 sanctae
804 1397 176 52 Genouefai

208 1439 108 54 est
269 1439 216 54 condominus
439 1439 170 54 bonorum
562 1439 201 54 coenobii:
717 1439 77 54 &
748 1439 139 54 tamen
840 1439 108 54 non
886 1439 93 54 dici

201 1486 126 52 mus
273 1486 235 52 quemlibet
454 1486 199 52 illorum
598 1486 199 52 bonorum
742 1486 144 52 esse
815 1486 162 52 dominum

206 1535 96 52 Ex
254 1535 112 52 his
318 1535 145 52 patet
415 1535 161 52 aditus
527 1535 96 52 ad
575 1535 225 52 decisionem
752 1535 193 52 cuiusdam
881 1535 96 52 quae

211 1573 184 52 stionis
345 1573 134 52 quam
428 1573 250 52 doctissimus
629 1573 184 52 loannes
762 1573 167 52 Eclius
862 1573 117 52 gymna

213 1619 110 57 sii
276 1619 300 57 Ingolstadiensis
529 1619 300 57 procancellarius
781 1619 158 57 optime
876 1619 110 57 meri-

199 1672 115 48 tus,
270 1672 86 48 ad
313 1672 157 48 nostram
428 1672 200 48 facultatem
571 1672 186 48 transmisit.

259 1718 113 92 â‹
305 1718 385 92 Distinctionis
599 1718 362 92 Decimaequintae

311 1797 302 86 Quaestio
512 1797 479 86 Quadragesimanona.

529 1874 253 81 Ermanus
713 1874 230 81 quidam
874 1874 161 81 do-

550 1936 133 65 ctor
633 1936 216 65 Theologus
783 1936 199 65 eruditissi

555 1978 113 67 mus,
625 1978 85 67 de
668 1978 99 67 quo
724 1978 85 67 in
766 1978 212 67 quaestionis
922 1978 71 67 pra

549 2027 180 50 cedentis
684 2027 135 50 calce
774 2027 195 50 mentionem
910 2027 90 50 feci

541 2072 122 67 mus:
617 2072 167 67 quandam
739 2072 228 67 quaestionem
906 2072 76 67 sul

547 2116 147 66 quodam
650 2116 191 66 contractu
798 2116 88 66 ad
827 2116 162 66 facultate

204 2207 218 58 reprobaret
376 2207 109 58 vel
438 2207 233 58 approbaret.
625 2207 109 58 sed
687 2207 124 58 quia
765 2207 93 58 ob
811 2207 140 58 varia
889 2207 109 58 impe-

534 2157 158 63 nostram
649 2157 201 63 transmisit
807 2157 86 63 vt
850 2157 129 63 ipsum
922 2157 72 63 vel

222 2248 158 56 dimenta
336 2248 158 56 nostrae
451 2248 201 56 facultatis
609 2248 172 56 doctores
738 2248 129 56 super
824 2248 100 56 hoc
881 2248 100 56 non
924 2248 72 56 fue

219 2294 119 57 runt
294 2294 224 57 congregati:
472 2294 134 57 nihil
562 2294 104 57 est
621 2294 89 57 ab
666 2294 134 57 eadem
756 2294 134 57 sacra
830 2294 164 57 facultate

215 2337 213 61 definitum.
382 2337 121 61 Dica
458 2337 106 61 cum
518 2337 167 61 benigna
640 2337 228 61 permissione
822 2337 106 61 seu
868 2337 121 61 suppor

218 2383 172 53 tatione
343 2383 203 53 opinionem
499 2383 125 53 meam
577 2383 249 53 particularem
780 2383 94 53 in
826 2383 109 53 hac
873 2383 125 53 parte:

211 2432 141 56 prius
306 2432 141 56 tamen
400 2432 141 56 casum
494 2432 236 56 proponendo,
683 2432 110 56 qui
745 2432 110 56 est
808 2432 141 56 iste.
887 2432 94 56 Peti

220 2479 229 45 consignat
396 2479 176 45 centum
520 2479 211 45 fiorenos
678 2479 141 45 apud
766 2479 176 45 Paulum
872 2479 123 45 merca

215 2524 139 50 torem:
312 2524 70 50 &
340 2524 83 50 ei
382 2524 97 50 pro
438 2524 125 50 parte
521 2524 125 50 lucri
605 2524 97 50 sui
660 2524 167 50 capitali
785 2524 125 50 saluo
855 2524 139 50 assignat

213 2562 106 61 per
274 2562 137 61 annum
365 2562 167 61 quinque
486 2562 198 61 fiorenos,
638 2562 167 61 residuo
760 2562 137 61 lucri
851 2562 137 61 Paulo
927 2562 61 61 se

210 2619 136 49 uato.
300 2619 106 49 Vel
361 2619 136 49 casus
451 2619 106 49 sic
511 2619 166 49 clarius
632 2619 211 49 proponitur
798 2619 90 49 vt
843 2619 136 49 ipsum
919 2619 75 49 pro

213 2658 146 51 ponit
310 2658 178 51 loannes
440 2658 162 51 Crotus
553 2658 97 51 de
602 2658 146 51 monte
699 2658 195 51 ferrato,
845 2658 146 51 iuris
926 2658 65 51 po

211 2697 158 71 tificii
325 2697 144 71 lector
426 2697 201 71 ordinarius
584 2697 187 71 Bononiae.
727 2697 100 71 Nam
785 2697 172 71 Bononiae
900 2697 100 71 prae

1034 278 140 54 sente
1128 278 186 54 praefato
1267 278 140 54 Croto
1361 278 171 54 loannes
1485 278 155 54 Eclius
1594 278 124 54 hanc
1656 278 155 54 quaestio

1042 329 104 48 nem
1102 329 89 48 in
1146 329 163 48 publico
1265 329 208 48 disputauit
1428 329 193 48 confessu:
1577 329 134 48 quare
1651 329 163 48 verosimi-

1043 369 86 53 le
1086 369 100 53 est
1143 369 100 53 eos
1200 369 86 53 in
1243 369 129 53 casus
1328 369 186 53 positione
1471 369 200 53 convenire.
1628 369 100 53 sic
1685 369 114 53 apud
1743 369 71 53 lo-

1033 413 128 47 annem
1118 413 142 47 Crotum
1218 413 185 47 figuratur
1360 413 142 47 casus:
1460 413 85 47 vt
1503 413 157 47 scripto
1617 413 85 47 in
1659 413 114 47 hanc
1716 413 100 47 vrben

1040 458 141 49 misit
1134 458 172 49 loannes
1259 458 172 49 Eclius.
1385 458 157 49 Titius
1494 458 157 49 habens
1604 458 157 49 certam
1698 458 125 49 summam

1039 507 170 54 pecuniae
1167 507 241 54 negociationis
1365 507 156 54 expers:
1479 507 85 54 in
1522 507 114 54 illa
1593 507 85 54 se
1635 507 170 54 exercere
1749 507 71 54 non

1045 551 147 54 audet:
1148 551 88 54 ne
1193 551 88 54 ex
1237 551 191 54 imperitia
1384 551 118 54 suum
1458 551 221 54 patrimonium
1620 551 191 54 diminuatur:

1044 595 109 46 nec
1107 595 171 46 reperit
1231 595 156 46 annuos
1340 595 156 46 census
1449 595 218 46 praediales
1621 595 125 46 sibi
1683 595 140 46 idoneos

1045 645 106 50 qui
1105 645 121 50 sint
1181 645 227 50 vendibiles.
1363 645 121 50 ldeo
1439 645 182 50 prouidus
1575 645 76 50 &
1590 645 227 50 circumspectus

1043 681 123 57 circa
1125 681 205 57 substantiae
1289 681 109 57 suae
1358 681 246 57 conseruationem
1562 681 137 57 dictam
1644 681 178 57 quantitatem

1046 727 209 51 committit
1206 727 128 51 Gaio
1287 727 176 51 honesto
1415 727 80 51 &
1447 727 144 51 probo
1543 727 209 51 mercatori
1704 727 112 51 sua
1752 727 64 51 in

1043 768 161 52 dustria
1161 768 176 52 plurimum
1292 768 147 52 solito
1395 768 176 52 lucrari:
1527 768 117 52 quem
1600 768 132 52 rogat
1688 768 88 52 vt
1732 768 88 52 ex
1761 768 59 52 ea

1036 811 257 55 negocietur.
1241 811 154 55 Gaius
1344 811 154 55 autem
1447 811 103 55 ex
1498 811 171 55 certis
1618 811 171 55 causis
1721 811 103 55 suum

1040 860 160 47 animum
1152 860 224 47 mouentibus
1328 860 160 47 nolens
1439 860 112 47 eum
1503 860 208 47 acceptare
1663 860 96 47 ad
1695 860 128 47 lucrum

1038 902 73 57 &
1068 902 87 57 ad
1111 902 146 57 damnum
1213 902 73 57 /
1242 902 204 57 paciscitur
1402 902 102 57 cum
1461 902 131 57 Titio
1548 902 87 57 vt
1592 902 175 57 capitali
1708 902 102 57 saluo

1045 955 171 45 accipiat
1173 955 100 45 pro
1230 955 171 45 portione
1358 955 128 45 lucri
1444 955 100 45 sui
1501 955 128 45 cuius
1586 955 171 45 quatitas
1700 955 114 45 incer-

1040 987 84 59 ta
1082 987 111 59 est,
1151 987 167 59 florenos
1277 987 153 59 quinque
1388 987 97 59 pro
1444 987 167 59 singulis
1569 987 153 59 centum.
1681 987 97 59 Fit
1723 987 97 59 etiam

1049 1043 185 43 conuentio
1191 1043 85 43 vt
1234 1043 157 43 vtrique
1348 1043 242 43 contrahentium
1547 1043 157 43 liberum
1661 1043 100 43 sit
1718 1043 114 43 hunc
1775 1043 57 43 so

1046 1077 176 57 cietatis
1178 1077 205 57 contractum
1340 1077 205 57 dissoluere
1501 1077 103 57 cum
1560 1077 205 57 placuerit:
1707 1077 117 57 dummo-

1047 1123 91 50 do
1092 1123 122 50 vnus
1169 1123 91 50 ab
1214 1123 152 50 altero
1321 1123 167 50 certior
1443 1123 137 50 super
1534 1123 107 50 hoc
1595 1123 122 50 fiat
1671 1123 91 50 in
1701 1123 122 50 quarta

1048 1165 128 53 anni.
1133 1165 128 53 Super
1218 1165 99 53 hoc
1275 1165 113 53 casu
1345 1165 184 53 contentio
1487 1165 113 53 est:
1558 1165 85 53 an
1600 1165 113 53 iste
1657 1165 170 53 contractus

1051 1215 96 47 sit
1106 1215 137 47 aequus
1202 1215 69 47 &
1230 1215 165 47 licitus:
1353 1215 96 47 ita
1408 1215 82 47 vt
1449 1215 137 47 Titius
1546 1215 82 47 ad
1587 1215 233 47 restitutionem
1765 1215 69 47 il-

1045 1258 129 70 lorum
1131 1258 158 70 quinque
1245 1258 100 70 non
1303 1258 172 70 teneatur
1432 1258 86 70 in
1475 1258 115 70 foro
1532 1258 129 70 animae.

1048 1337 115 78 â‹
1094 1337 207 78 Super
1232 1337 161 78 hac
1324 1337 322 78 quaestione
1576 1337 184 78 duas
1668 1337 161 78 ponam

1041 1401 249 50 conclusiones.
1246 1401 132 50 Prior
1334 1401 117 50 est:
1407 1401 205 50 Contractus
1568 1401 117 50 iste
1642 1401 102 50 non
1700 1401 102 50 est
1744 1401 88 50 vsu-

1055 1448 146 54 rarius:
1161 1448 93 54 sed
1214 1448 159 54 licitus.
1333 1448 159 54 probatur
1452 1448 106 54 pars
1518 1448 212 54 affirmatiua,
1691 1448 106 54 puta
1744 1448 79 54 quod

1053 1487 180 53 contractus
1195 1487 90 53 est
1246 1487 155 53 licitus:
1362 1487 103 53 quia
1427 1487 155 53 sequitur
1543 1487 77 53 ex
1581 1487 180 53 quaestione
1710 1487 116 53 praece-

1054 1536 151 48 denti.
1159 1536 166 48 Secundo
1280 1536 151 48 probat
1385 1536 136 48 idem.
1476 1536 120 48 lste
1551 1536 211 48 contractus
1701 1536 136 48 aequiua

1050 1576 106 52 let
1110 1576 227 52 copulatiuae
1292 1576 91 52 ex
1337 1576 151 52 tribus
1443 1576 242 52 contractibus
1640 1576 167 52 licitis
1746 1576 91 52 sibi

1054 1621 137 53 mutuo
1145 1621 106 53 non
1206 1621 182 53 aduersis
1343 1621 213 53 conflatae:
1510 1621 122 53 ergo
1586 1621 122 53 iste
1647 1621 182 53 contractus

1051 1670 106 54 est
1112 1670 182 54 licitus,
1248 1670 243 54 consequentia
1446 1670 106 54 est
1507 1670 137 54 nota:
1598 1670 213 54 antecedens
1750 1670 91 54 pro-

1049 1708 156 58 batur:
1158 1708 125 58 quia
1236 1708 218 58 aequiualet
1408 1708 156 58 tribus
1517 1708 249 58 contractibus
1703 1708 125 58 quorum

1061 1756 120 57 vnus
1136 1756 105 57 est
1196 1756 194 57 societas:
1345 1756 179 57 secundus
1479 1756 105 57 est
1539 1756 209 57 contractus
1689 1756 149 57 assecura

1052 1804 157 48 tionis:
1166 1804 71 48 &
1195 1804 157 48 tertius
1309 1804 100 48 est
1366 1804 171 48 venditio
1494 1804 129 48 lucri
1580 1804 157 48 incerti
1694 1804 100 48 pro
1737 1804 100 48 lucro

1055 1844 144 58 certo:
1156 1844 144 58 quorum
1257 1844 173 58 quilibet
1387 1844 101 58 est
1444 1844 173 58 licitus.
1574 1844 115 58 siue
1646 1844 115 58 ergo
1704 1844 130 58 dicatur

1055 1886 183 57 societas
1192 1886 137 57 mixta
1283 1886 76 57 /
1314 1886 107 57 vel
1375 1886 213 57 contractus
1542 1886 152 57 mixtus
1649 1886 76 57 /
1680 1886 107 57 non
1725 1886 107 57 magis

1055 1935 250 51 denominatus
1255 1935 200 51 societas
1405 1935 133 51 quam
1488 1935 150 51 alter
1588 1935 183 51 aliorum
1705 1935 133 51 duorum

1061 1977 235 54 contractuum
1249 1977 78 54 /
1280 1977 110 54 vel
1343 1977 188 54 societas
1484 1977 157 54 habens
1594 1977 235 54 conditiones
1766 1977 78 54 con

1063 2027 107 47 tra
1124 2027 168 47 naturam
1246 2027 229 47 societatis,
1429 2027 76 47 &
1460 2027 107 47 non
1521 2027 153 47 contra
1627 2027 122 47 eius
1688 2027 153 47 substan-

1053 2060 140 58 tiam:
1147 2060 93 58 in
1193 2060 124 58 idem
1271 2060 155 58 redit:
1380 2060 78 58 &
1411 2060 140 58 eadem
1504 2060 109 58 est
1566 2060 202 58 sententia
1722 2060 109 58 quo
1784 2060 93 58 ad

1067 2111 126 53 esse
1146 2111 173 53 licitum
1271 2111 79 53 &
1303 2111 220 53 illicitum,
1476 2111 236 53 quemadmodum
1664 2111 94 53 in
1696 2111 141 53 artibus

1066 2151 122 56 licet
1148 2151 109 56 haec
1216 2151 190 56 propositio
1365 2151 163 56 tanmenum
1487 2151 109 56 homo
1555 2151 95 56 est
1609 2151 136 56 animal
1704 2151 68 56 /
1718 2151 122 56 dicatur

1065 2198 218 55 categorica
1237 2198 187 55 simplex,
1376 2198 109 55 vel
1439 2198 233 55 hypothetica
1625 2198 93 55 ex
1672 2198 156 55 variis
1765 2198 78 55 ca-

1066 2242 198 53 tegoricis
1218 2242 198 53 conflata:
1371 2242 91 53 in
1416 2242 122 53 idem
1492 2242 137 53 redit
1584 2242 107 53 quo
1645 2242 91 53 ad
1675 2242 168 53 veritatem

1057 2288 76 64 &
1087 2288 228 64 falsitatem.
1269 2288 106 64 sic
1330 2288 91 64 in
1376 2288 212 64 proposito.
1542 2288 106 64 sed
1603 2288 91 64 de
1649 2288 106 64 hoc
1709 2288 91 64 in
1740 2288 106 64 secun

1068 2333 95 64 da
1116 2333 238 64 conclusione
1307 2333 175 64 loquar.
1434 2333 207 64 Assumptum
1593 2333 159 64 patet.
1704 2333 127 64 quia
1767 2333 64 64 so

1070 2374 147 56 cietas
1173 2374 103 56 est
1232 2374 147 56 licita
1335 2374 162 56 dummodo
1453 2374 103 56 sit
1512 2374 132 56 citra
1600 2374 221 56 monopolium:
1762 2374 88 56 simi

1059 2418 134 58 liter
1148 2418 223 58 assecuratio
1327 2418 89 58 vt
1371 2418 89 58 in
1416 2418 164 58 materia
1535 2418 149 58 vsurae
1639 2418 178 58 diximus.
1758 2418 89 58 pari

1067 2461 146 58 forma
1164 2461 179 58 licitum
1294 2461 114 58 est
1359 2461 179 58 vendere
1489 2461 162 58 lucrum
1602 2461 195 58 incertum
1732 2461 114 58 maius

1080 2506 105 56 pro
1140 2506 135 56 lucro
1230 2506 150 56 minori
1336 2506 150 56 certo.
1441 2506 75 56 &
1471 2506 120 56 ista
1546 2506 105 56 non
1606 2506 196 56 repugnant
1742 2506 105 56 socie

1063 2549 115 61 tati
1135 2549 101 61 vel
1192 2549 144 61 alicui
1294 2549 202 61 contractui
1452 2549 144 61 licito
1553 2549 188 61 quocumque
1698 2549 144 61 nomine
1784 2549 58 61 vo

1065 2598 150 62 cetur.
1170 2598 75 62 &
1200 2598 135 62 patet
1290 2598 180 62 exemplo:
1425 2598 90 62 vt
1469 2598 90 62 in
1514 2598 210 62 quaestione
1664 2598 180 62 praeceden-

1063 2636 103 67 ti
1114 2636 274 67 processimus.
1337 2636 154 67 Habeo
1439 2636 154 67 mille
1542 2636 154 67 scuta
1645 2636 86 67 a
1662 2636 188 67 maioribus

1068 2693 193 56 relicta:
1213 2693 209 56 negociari
1373 2693 177 56 nequeo:
1502 2693 112 56 nec
1566 2693 161 56 terras
1662 2693 193 56 vendibiles
