2340 3364
473 358 85 73 in
515 358 170 73 qualibet
643 358 128 73 parte
729 358 71 73 &
757 358 85 73 in
800 358 170 73 quolibet
927 358 170 73 instanti
1055 358 142 73 illius
1141 358 99 73 horae

474 419 148 46 habuit
578 419 163 46 grauam.
696 419 104 46 sed
755 419 192 46 aliqualis
904 419 148 46 potest
1007 419 118 46 dari
1066 419 178 46 manuductio

470 461 125 53 sicut
553 461 111 53 quod
623 461 139 53 Sortes
719 461 139 53 fuerit
816 461 83 53 in
858 461 139 53 aliquo
955 461 166 53 tempore,
1080 461 69 53 &
1107 461 83 53 in
1135 461 97 53 nullo

473 514 166 53 instanti
597 514 152 53 illius:
708 514 69 53 &
735 514 83 53 in
777 514 193 53 cuiussibet
928 514 166 53 temporis
1039 514 193 53 praecedentis

472 554 138 53 aliqua
569 554 124 53 parte
652 554 97 53 non
707 554 124 53 fuit:
790 554 97 53 nec
845 554 124 53 datur
928 554 138 53 tempus
1025 554 193 53 adaequatum
1163 554 69 53 non

473 598 203 51 existentiae
636 598 108 51 eius
703 598 176 51 separatum
838 598 81 51 ab
879 598 108 51 eius
947 598 203 51 existentia:
1109 598 95 51 nec
1149 598 95 51 datur

471 644 172 52 maximum
597 644 156 52 tempus
706 644 219 52 adaequatum
878 644 94 52 in
925 644 110 52 quo
988 644 125 52 est.
1066 644 110 52 Hoc
1113 644 125 52 patet:

473 696 110 45 quia
542 696 82 45 si
583 696 82 45 in
624 696 137 45 vltimo
721 696 165 45 instanti
844 696 96 45 non
899 696 110 45 esse
968 696 124 45 horae
1050 696 151 45 decimae
1147 696 82 45 deus

477 731 144 44 creet
573 731 128 44 vnum
653 731 176 44 hominem
781 731 112 44 vel
845 731 192 44 angelum:
988 731 112 44 iam
1052 731 160 44 potest
1148 731 96 44 crea

474 775 94 52 re
521 775 125 52 vnum
599 775 171 52 hominem
724 775 109 52 vel
786 775 171 52 angelum
911 775 203 52 immediate
1067 775 125 52 post
1129 775 109 52 vlti-

478 820 97 50 mum
534 820 153 50 instans
645 820 97 50 non
701 820 125 50 esse.
784 820 70 50 &
812 820 97 50 qua
868 820 153 50 ratione
979 820 139 50 potest
1076 820 139 50 creare
1160 820 83 50 vnum

472 862 110 57 post
541 862 151 57 vltimum
651 862 151 57 instans
761 862 83 57 no
803 862 124 57 esse,
885 862 124 57 eadem
968 862 151 57 ratione
1078 862 138 57 potest
1160 862 83 57 crea

461 909 96 48 re
509 909 128 48 vnum
589 909 176 48 hominem
717 909 112 48 vel
781 909 176 48 angelum
908 909 208 48 immediate
1068 909 128 48 ante
1132 909 112 48 vlti-

463 946 97 53 mum
518 946 152 53 instans
629 946 97 53 non
684 946 124 53 esse.
767 946 97 53 sit
822 946 152 53 vltimum
933 946 152 53 instans
1044 946 97 53 non
1099 946 111 53 esse
1154 946 83 53 nunc

476 996 137 52 nstans
572 996 179 52 praesens:
710 996 96 52 iam
765 996 82 52 de
806 996 137 52 angelo
902 996 206 52 praecedente
1067 996 96 52 hoc
1108 996 124 52 instans

474 1050 180 46 vertitur
609 1050 120 46 tota
684 1050 240 46 difficultas.
880 1050 105 46 Sed
940 1050 90 46 de
985 1050 105 46 hoc
1030 1050 210 46 distinctione

471 1087 334 53 quadragesimasexta
757 1087 175 53 futurus
884 1087 111 53 est
948 1087 159 53 sermo.
1059 1087 79 53 &
1075 1087 159 53 enuclea-

472 1129 108 56 tio
533 1129 216 56 solutionis
703 1129 139 56 huius
796 1129 139 56 nobis
889 1129 294 56 patrocinabitur.
1136 1129 77 56 â‹
1167 1129 108 56 Sed

466 1176 172 49 redeundo
595 1176 86 49 ad
638 1176 215 49 principalem
810 1176 215 49 solutionem:
983 1176 144 49 contra
1083 1176 101 49 eam
1140 1176 101 49 sic
1184 1176 57 49 ar

464 1219 196 54 gumentor.
615 1219 91 54 Ex
660 1219 91 54 ea
706 1219 196 54 sequuntur
857 1219 136 54 istae
947 1219 242 54 conclusiones
1128 1219 106 54 abso-

469 1265 111 52 nae.
538 1265 138 52 Prima.
635 1265 138 52 Sortes
732 1265 83 52 in
773 1265 166 52 quolibet
898 1265 166 52 instanti
1022 1265 111 52 suae
1091 1265 124 52 vitae
1160 1265 83 52 fuit

471 1308 88 54 in
515 1308 161 54 gratia:
633 1308 73 54 &
662 1308 132 54 tamen
750 1308 205 54 damnabitur
911 1308 249 54 aeternaliter.
1117 1308 88 54 de
1146 1308 88 54 lege

466 1351 185 53 loquor.
601 1351 236 53 supponamus
786 1351 253 53 promouentia
988 1351 185 53 priorem
1106 1351 135 53 partem

473 1394 206 55 copulatiuae
638 1394 110 55 quae
706 1394 137 55 tuipse
802 1394 137 55 facile
898 1394 137 55 capis.
994 1394 96 55 pro
1049 1394 151 55 secunda
1159 1394 110 55 per:

472 1440 83 53 te
514 1440 110 53 volo
582 1440 110 53 quod
651 1440 83 53 a.
693 1440 96 53 sit
748 1440 138 53 primum
844 1440 152 53 instans
955 1440 96 53 non
1010 1440 110 53 esse
1079 1440 152 53 Sortis:
1175 1440 69 53 iam

463 1487 83 43 in
505 1487 166 43 quolibet
629 1487 166 43 instanti
754 1487 111 43 suae
823 1487 125 43 vitae
906 1487 111 43 fuit
975 1487 83 43 in
1017 1487 152 43 gratia:
1127 1487 69 43 &
1141 1487 97 43 pecca

458 1530 93 52 uit
511 1530 185 52 mortaliter
656 1530 106 52 ante
722 1530 119 52 finem
802 1530 119 52 vitae
881 1530 106 52 suae
947 1530 93 52 per
1000 1530 93 52 te,
1053 1530 66 52 &
1079 1530 93 52 non
1119 1530 119 52 detesta

468 1570 103 52 tus
527 1570 103 52 est
586 1570 132 52 illud
674 1570 176 52 mortale:
806 1570 132 52 prout
894 1570 220 52 supponitur:
1071 1570 118 52 ergo
1129 1570 118 52 damna-

466 1619 152 53 bitur.
572 1619 168 53 Secunda
694 1619 213 53 conclusio.
862 1619 152 53 Sortes
969 1619 183 53 peccauit
1091 1619 152 53 mortali-

464 1665 106 47 ter:
530 1665 66 47 &
556 1665 79 47 in
596 1665 119 47 nullo
675 1665 159 47 instanti
794 1665 119 47 vitae
874 1665 106 47 suae
940 1665 146 47 caruit,
1046 1665 132 47 caret,
1138 1665 93 47 vel
1178 1665 53 47 ca

467 1706 127 53 rebit
552 1706 155 53 gratia.
665 1706 99 53 hoc
721 1706 127 53 patet
806 1706 198 53 supponendo
961 1706 113 53 quod
1032 1706 85 53 in
1074 1706 85 53 a.
1103 1706 141 53 instanti

473 1753 192 46 detestetur
624 1753 165 46 peccatum
747 1753 206 46 praecedens,
912 1753 96 46 non
967 1753 110 46 enim
1035 1753 137 46 caruit
1118 1753 123 46 gratia:

473 1801 83 48 vt
515 1801 124 48 patet
597 1801 83 48 ex
639 1801 152 48 dictis.
749 1801 152 48 suppono
859 1801 83 48 ea
900 1801 110 48 quae
969 1801 179 48 promouent
1107 1801 124 48 illam
1176 1801 55 48 de

476 1841 144 45 futuro:
581 1841 105 45 illa
646 1841 118 45 autem
725 1841 79 45 de
764 1841 170 45 praesenti
895 1841 144 45 constat
999 1841 92 45 per
1039 1841 196 45 contritionem.

473 1886 143 54 Tertia
573 1886 200 54 conclusio.
729 1886 143 54 Sortes
829 1886 171 54 peccauit
958 1886 214 54 mortaliter,
1129 1886 71 54 &
1143 1886 100 54 tamen

464 1932 98 50 non
520 1932 126 50 datur
604 1932 153 50 vltimum
715 1932 153 50 instans
827 1932 98 50 non
882 1932 112 50 esse
952 1932 139 50 illius
1050 1932 167 50 peccati:
1161 1932 70 50 vel

463 1975 165 54 primum
579 1975 182 54 instans
712 1975 132 54 esse
794 1975 165 54 illius
910 1975 116 54 quo
976 1975 99 54 ad
1009 1975 232 54 inceptionem.

468 2020 73 46 â‹
498 2020 220 46 Respondetur
673 2020 205 46 concedendo
834 2020 132 46 istas
922 2020 249 46 conclusiones.
1127 2020 88 46 de
1156 2020 88 46 pri-

466 2059 83 61 ma
508 2059 111 61 enim
577 2059 97 61 non
633 2059 97 61 est
689 2059 181 61 quaestio.
828 2059 70 61 &
856 2059 139 61 vltima
953 2059 125 61 patet
1036 2059 97 61 per
1092 2059 139 61 simile
1175 2059 56 61 de

461 2106 130 51 tertio
552 2106 143 51 angelo.
656 2106 143 51 Secunda
760 2106 169 51 conclusio
890 2106 143 51 simiter
994 2106 195 51 conceditur.
1137 2106 91 51 Etiam

465 2151 118 47 illic
544 2151 105 47 dici
609 2151 131 47 potest
701 2151 105 47 quod
767 2151 131 47 gratia
859 2151 184 47 praecedens
1003 2151 197 47 annihilatur
1160 2151 79 47 in
1187 2151 39 47 a

471 2194 191 48 instanti,
618 2194 73 48 &
648 2194 147 48 gratia
750 2194 235 48 contritionis
941 2194 88 48 in
985 2194 117 48 illo
1044 2194 191 48 infunditur,

466 2237 212 53 aequiualens
635 2237 184 53 pristinae
777 2237 170 53 gratiae:
904 2237 99 53 cum
960 2237 85 53 ad
1003 2237 155 53 maiorem
1102 2237 127 53 gratiam

471 2280 155 53 semper
579 2280 186 53 peccator
718 2280 186 53 resurgat
857 2280 93 53 vt
903 2280 155 53 postea
1012 2280 186 53 dicetur.
1135 2280 93 53 Immo

470 2330 186 53 concedere
613 2330 186 53 oportebit
755 2330 114 53 quod
827 2330 143 53 alicui
927 2330 143 53 gratia
1027 2330 200 53 infunditur
1184 2330 86 53 in

467 2374 186 51 baptismo,
610 2374 100 51 vel
667 2374 158 51 decedit
782 2374 100 51 cum
839 2374 143 51 gratia
940 2374 215 51 baptismali,
1112 2374 115 51 quam
1184 2374 86 51 in

473 2416 126 51 nullo
557 2416 168 51 instanti
682 2416 126 51 vitae
766 2416 154 51 habebit
878 2416 126 51 fidem
962 2416 70 51 &
990 2416 126 51 spem,
1073 2416 112 51 quod
1129 2416 112 51 patet.

470 2457 86 54 si
513 2457 200 54 baptizatus
669 2457 157 54 decedat
784 2457 86 54 in
826 2457 128 54 primo
912 2457 171 54 instanti
1040 2457 100 54 non
1097 2457 114 54 esse
1154 2457 86 54 ver-

461 2507 134 53 borum:
555 2507 148 53 decedit
662 2507 81 53 in
702 2507 148 53 gratia:
810 2507 67 53 &
836 2507 121 53 tamen
917 2507 81 53 in
957 2507 121 53 nullo
1038 2507 161 53 instanti
1145 2507 94 53 vitae

473 2545 112 60 suae
543 2545 154 60 habebit
655 2545 140 60 fidem,
753 2545 98 60 nec
809 2545 84 60 in
851 2545 126 60 primo
935 2545 168 60 instanti
1061 2545 98 60 non
1117 2545 112 60 esse
1173 2545 56 60 ha

478 2602 131 46 pebit
566 2602 146 46 fidem:
668 2602 117 46 quia
741 2602 88 46 in
785 2602 117 46 illo
858 2602 117 46 erit
931 2602 161 46 beatus,
1048 2602 73 46 &
1077 2602 117 46 tunc
1136 2602 102 46 fides

468 2643 111 48 non
532 2643 143 48 manet
627 2643 143 48 prout
722 2643 238 48 supponitur.
912 2643 143 48 Neque
1007 2643 174 48 oportet
1117 2643 127 48 facere

471 2682 228 51 difficultatem
658 2682 94 51 per
712 2682 228 51 propositionem
900 2682 80 51 de
940 2682 134 51 inesse
1034 2682 148 51 illius:
1128 2682 107 51 Sortes

478 2730 182 55 peccauit:
618 2730 112 55 quia
688 2730 112 55 ipsa
758 2730 98 55 est
814 2730 112 55 vera
884 2730 70 55 /
912 2730 168 55 scilicet
1038 2730 140 55 Sortes
1122 2730 112 55 peccat

471 2778 93 63 in
518 2778 171 63 tempore
642 2778 202 63 terminato
797 2778 93 63 ad
844 2778 93 63 a.
875 2778 155 63 instans.

1297 366 101 87 â‹
1337 366 241 87 Sequitur
1518 366 221 87 secunda
1679 366 221 87 positio
1840 366 161 87 quod
1920 366 161 87 stante

1302 443 123 50 casu
1378 443 199 50 argumenti
1532 443 153 50 Sortes
1639 443 107 50 non
1701 443 184 50 peccauit
1839 443 123 50 ante
1915 443 92 50 a.
1946 443 138 50 instans

1310 485 97 60 sed
1366 485 111 60 solu
1435 485 83 60 in
1477 485 83 60 a.
1518 485 166 60 instanti
1643 485 125 60 primo
1726 485 153 60 peccat.
1837 485 166 60 Probatur
1962 485 111 60 haec
2018 485 69 60 po-

1295 526 158 52 sitio.
1406 526 142 52 casus
1500 526 110 52 non
1563 526 173 52 videtur
1689 526 205 52 negandus:
1847 526 79 52 &
1878 526 173 52 positio
1988 526 95 52 Adae

1301 576 93 54 non
1354 576 147 54 videtur
1461 576 200 54 sufficiens:
1621 576 67 54 &
1648 576 187 54 praecedens
1795 576 120 54 forte
1875 576 107 54 tibi
1941 576 93 54 non
1982 576 93 54 place

1301 615 112 48 bit:
1371 615 98 48 nec
1427 615 154 48 videtur
1539 615 126 48 alius
1623 615 126 48 modus
1708 615 168 48 dicendi:
1834 615 112 48 ergo
1904 615 112 48 iste
1960 615 112 48 suffi-

1304 660 109 54 cit.
1372 660 217 54 consequentia
1549 660 149 54 claret.
1657 660 81 54 Si
1698 660 122 54 alium
1779 660 149 54 dicendi
1888 660 122 54 modum
1956 660 122 54 inueni-

1297 700 75 62 re
1334 700 125 62 potes,
1421 700 187 62 suscipiemus
1570 700 112 62 illum
1645 700 137 62 tamquam
1745 700 187 62 probabilem,
1894 700 87 62 non
1944 700 112 62 tamen
2006 700 75 62 pro-

1293 753 195 55 mittimus
1439 753 113 55 hos
1504 753 146 55 modos
1601 753 178 55 topicos
1730 753 227 55 inficiari,
1909 753 130 55 esto
1974 753 113 55 alium

1300 797 168 44 dederis
1422 797 107 44 qui
1483 797 137 44 nobis
1574 797 107 44 non
1635 797 198 44 occurrit.
1788 797 76 44 â‹
1819 797 107 44 Sed
1880 797 153 44 contra
1971 797 107 44 istud

1298 842 221 53 argumentor.
1475 842 206 53 praeceptum
1637 842 118 53 erat
1710 842 132 53 Sorti
1798 842 177 53 diligere
1931 842 118 53 deum
1990 842 88 53 ante

1297 893 86 40 a.
1340 893 72 40 &
1369 893 101 40 non
1426 893 159 40 dilexit
1542 893 115 40 ante
1614 893 86 40 a.
1657 893 115 40 ergo
1729 893 144 40 omisit
1830 893 115 40 ante
1902 893 86 40 a.
1945 893 159 40 Secundo

1294 927 192 55 arguitur,
1442 927 118 55 tunc
1515 927 103 55 est
1574 927 88 55 ei
1618 927 133 55 primo
1707 927 221 55 impossibile
1884 927 162 55 implere
1987 927 88 55 prae

1298 981 180 48 ceptum.
1428 981 82 48 â‹
1461 981 98 48 Ad
1510 981 163 48 primum
1624 981 180 48 concedo
1755 981 228 48 antecedens
1934 981 114 48 pro
1983 981 98 48 vtra

1295 1021 110 48 quod
1364 1021 138 48 parte:
1461 1021 97 48 sed
1516 1021 221 48 consequentia
1695 1021 97 48 est
1750 1021 179 48 inualida:
1888 1021 110 48 quia
1957 1021 124 48 solum
2026 1021 55 48 se

1300 1062 142 56 quitur
1399 1062 114 56 quod
1470 1062 142 56 peccat
1569 1062 128 56 primo
1655 1062 85 56 in
1697 1062 85 56 a.
1740 1062 99 56 sic
1796 1062 128 56 dicit
1867 1062 199 56 Altisiodorus

1302 1105 131 55 quem
1383 1105 147 55 multi
1481 1105 212 55 neoterici
1645 1105 229 55 imitantur,
1824 1105 98 55 vt
1873 1105 147 55 dicit
1955 1105 114 55 Adam.

1299 1154 206 53 intelligit
1461 1154 133 53 alios
1550 1154 118 53 tunc
1623 1154 206 53 scribentes
1785 1154 177 53 Oxoniae.
1918 1154 74 53 &
1947 1154 118 53 post
2006 1154 74 53 eos

1293 1191 143 54 illo
1382 1191 143 54 modo
1472 1191 196 54 loannes
1614 1191 178 54 Gerson
1739 1191 178 54 vtitur
1864 1191 125 54 pro
1917 1191 161 54 regula.

1296 1239 96 46 Ad
1344 1239 193 46 secundum
1488 1239 225 46 argumentum
1665 1239 209 46 diceretur
1825 1239 144 46 forte
1906 1239 160 46 apparen-

1293 1280 115 63 ter
1358 1280 181 63 negando
1490 1280 246 63 antecedens:
1687 1280 131 63 immo
1769 1280 131 63 tunc
1851 1280 115 63 est
1900 1280 181 63 possibile

1292 1325 176 53 implere
1420 1325 240 53 praeceptum.
1612 1325 112 53 sed
1676 1325 240 53 antecedente
1868 1325 192 53 concesso
1996 1325 80 53 non

1304 1370 195 54 probatur
1450 1370 276 54 consequentia.
1677 1370 162 54 Tertio
1791 1370 211 54 arguitur.
1937 1370 130 54 Sortes

1305 1413 150 61 potest
1410 1413 90 61 in
1455 1413 75 61 a
1485 1413 165 61 conteri
1605 1413 90 61 de
1650 1413 105 61 hoc
1711 1413 120 61 quod
1786 1413 135 61 prius
1876 1413 165 61 omisit.
1981 1413 90 61 Quar

1293 1468 109 41 to.
1356 1468 109 41 cum
1418 1468 125 41 toto
1497 1468 125 41 casu
1575 1468 125 41 stat
1653 1468 125 41 quod
1731 1468 156 41 Sortes
1841 1468 188 41 moriatur
1981 1468 94 41 in
2012 1468 63 41 a-

1293 1503 148 48 habens
1397 1503 118 48 vsum
1471 1503 148 48 liberi
1574 1503 177 48 arbitrii
1707 1503 89 48 ad
1752 1503 89 48 a.
1796 1503 148 48 vsque:
1899 1503 74 48 &
1929 1503 118 48 tunc
1988 1503 74 48 non

1307 1545 174 60 peccaret
1437 1545 87 60 in
1481 1545 87 60 a.
1524 1545 116 60 quia
1597 1545 131 60 esset
1684 1545 131 60 extra
1771 1545 145 60 statum
1872 1545 131 60 viae.
1945 1545 131 60 Tertium

1285 1591 236 49 argumentum
1471 1591 118 49 est
1538 1591 186 49 nullum,
1673 1591 118 49 non
1741 1591 152 49 prius
1842 1591 186 49 omisit,
1960 1591 118 49 dicit

1303 1635 177 56 positio:
1436 1635 74 56 &
1466 1635 207 56 detestatio
1628 1635 103 56 est
1688 1635 133 56 solum
1776 1635 177 56 respectu
1895 1635 177 56 praeceden-

1307 1680 109 49 tis
1370 1680 187 49 peccati.
1510 1680 140 49 quare
1604 1680 109 49 non
1666 1680 140 49 video
1759 1680 234 49 apparentiam
1946 1680 94 49 in
1978 1680 94 49 illo

1289 1726 266 49 argumento.
1498 1726 114 49 Ad
1555 1726 209 49 quartum
1708 1726 266 49 argumentum
1898 1726 171 49 admitto

1302 1772 160 61 casum:
1414 1772 80 61 &
1446 1772 176 61 concedo
1574 1772 128 61 quod
1654 1772 128 61 tunc
1733 1772 112 61 non
1797 1772 160 61 peccat
1909 1772 96 61 in
1957 1772 96 61 a.
1989 1772 80 61 cum

1295 1812 85 53 in
1337 1812 113 53 illo
1408 1812 170 53 instanti
1536 1812 99 53 non
1593 1812 113 53 sit.
1664 1812 99 53 sed
1720 1812 156 53 positio
1834 1812 199 53 intelligit
1990 1812 85 53 si
2018 1812 57 53 ma

1293 1860 127 52 neat
1373 1860 95 52 in
1420 1860 191 52 instanti
1563 1860 143 52 illud
1659 1860 159 52 tempus
1770 1860 238 52 terminante.
1945 1860 127 52 Quinto

1293 1911 199 44 arguitur.
1446 1911 169 44 ponatur
1569 1911 123 44 quod
1645 1911 153 44 Sortes
1752 1911 107 44 non
1814 1911 169 44 diligat
1936 1911 123 44 deum
1998 1911 61 44 in

1291 1946 95 46 a.
1339 1946 111 46 sed
1402 1946 205 46 immediate
1560 1946 126 46 post
1639 1946 95 46 a.
1686 1946 221 46 detestetur
1860 1946 111 46 suu
1907 1946 158 46 peccatum

1295 1991 126 48 tunc
1374 1991 190 48 sequitur
1516 1991 126 48 quod
1595 1991 190 48 peccatum
1737 1991 158 48 Sortis
1848 1991 174 48 durabit
1958 1991 111 48 solum

1303 2035 105 47 per
1363 2035 120 47 vnum
1438 2035 180 47 instans:
1573 2035 75 47 &
1603 2035 105 47 sic
1663 2035 105 47 rei
1724 2035 225 47 permanentis
1904 2035 165 47 dabitur
2009 2035 60 47 vl

1296 2082 135 53 timum
1386 2082 165 53 instans
1507 2082 211 53 completum,
1672 2082 150 53 contra
1777 2082 241 53 Aristotelem.
1958 2082 105 53 viii.

1294 2126 207 49 Physico.
1449 2126 86 49 &
1483 2126 207 49 communem
1638 2126 293 49 philosophiam.
1880 2126 155 49 Sexto
1983 2126 121 49 ar-

1293 2170 165 56 guitur.
1413 2170 165 56 ponendo
1533 2170 120 56 quod
1608 2170 120 56 deus
1683 2170 210 56 praecipiat
1847 2170 135 56 Sorti
1922 2170 150 56 diligere

1293 2211 95 59 se
1341 2211 126 59 ante
1419 2211 142 59 finem
1514 2211 236 59 intrinsecum
1703 2211 158 59 horae:
1813 2211 126 59 tunc
1892 2211 158 59 currit
1986 2211 95 59 argu

1303 2264 168 45 mentum.
1425 2264 92 45 Ad
1471 2264 168 45 quintum
1593 2264 168 45 admisso
1715 2264 122 45 casu
1791 2264 168 45 dicitur
1913 2264 122 45 quod
1974 2264 92 45 pec-

1298 2301 143 48 catum
1394 2301 159 48 Sortis
1505 2301 175 48 durabit
1633 2301 175 48 quatuor
1760 2301 143 48 annos
1856 2301 80 48 &
1888 2301 175 48 durabit
2015 2301 96 48 in

1299 2344 140 51 caelo.
1397 2344 154 51 Secunda
1509 2344 210 51 propositio,
1677 2344 98 51 non
1733 2344 154 51 durabit
1845 2344 168 51 peccatum
1957 2344 112 51 Sortis

1306 2391 123 52 vltra
1388 2391 109 52 vnum
1457 2391 164 52 instans.
1580 2391 82 52 Ad
1621 2391 137 52 sextum
1717 2391 150 52 dicitur
1826 2391 109 52 quod
1894 2391 96 52 est
1949 2391 109 52 idem
2004 2391 68 52 cum

1295 2436 113 50 casu
1366 2436 213 50 principali:
1536 2436 113 50 quia
1607 2436 85 50 in
1649 2436 128 50 nullo
1734 2436 170 50 instanti
1862 2436 113 50 ante
1932 2436 128 50 illud
2003 2436 71 50 in-

1297 2480 140 61 stans
1374 2480 155 61 omittit.

1297 2517 108 83 â‹
1341 2517 238 83 Secundo
1514 2517 260 83 arguitur
1708 2517 216 83 contra
1838 2517 238 83 conclusio

1300 2591 120 45 nem.
1375 2591 150 45 gratia
1480 2591 180 45 expellit
1615 2591 180 45 peccatum
1751 2591 165 45 mortale
1871 2591 75 45 &
1901 2591 165 45 contra:
2006 2591 75 45 er-

1301 2629 86 61 go
1344 2629 157 61 oportet
1458 2629 114 61 quod
1529 2629 128 61 simul
1615 2629 114 61 sint
1686 2629 86 61 in
1729 2629 143 61 anima.
1829 2629 228 61 consequentia
2000 2629 71 61 te-

1293 2678 120 54 net:
1368 2678 120 54 quia
1443 2678 180 54 alioquin
1579 2678 120 54 sese
1654 2678 196 54 expellere
1804 2678 105 54 non
1864 2678 180 54 possent.
2000 2678 75 54 â‹
2015 2678 60 54 Re

1304 2719 202 55 spondetur
1460 2719 248 55 distinguendo
1662 2719 124 55 quod
1739 2719 155 55 gratia
1848 2719 171 55 mortale
1957 2719 124 55 pecca-

1295 2771 100 63 tum
1352 2771 185 63 expellat:
1494 2771 100 63 vel
1551 2771 85 63 ex
1593 2771 142 63 natura
1693 2771 100 63 rei
1750 2771 85 63 vt
1793 2771 128 63 calor
1878 2771 156 63 frigus.
1992 2771 71 63 &
2006 2771 71 63 sic
