2308 3352
435 297 183 65 sitione.
572 297 138 65 sicut
664 297 92 65 de
710 297 214 65 sacerdotum
878 297 214 65 caelibatu:
1046 297 92 65 vt
1077 297 122 65 distin

439 352 154 54 ctione.
551 352 154 54 xxiiii.
663 352 196 54 elucescet.
817 352 112 54 ltem
887 352 84 54 si
929 352 126 54 esset
1013 352 84 54 de
1055 352 112 54 iure
1111 352 84 54 humi

443 398 97 54 no,
499 398 139 54 essent
596 398 195 54 deobligati
749 398 70 54 a
777 398 209 54 confessione
944 398 97 54 hac
999 398 97 54 per
1055 398 125 54 totam
1125 398 83 54 suam

450 444 137 50 vitam
541 444 122 50 illi
617 444 122 50 apud
693 444 122 50 quos
769 444 107 50 est
830 444 213 50 consuetudo
998 444 91 50 no
1028 444 183 50 confitendi

447 487 103 58 quod
511 487 90 58 non
563 487 141 58 videtur
666 487 167 58 dicendum.
794 487 167 58 Praeterea
922 487 154 58 probatio
1038 487 141 58 vltimae
1128 487 77 58 con-

440 536 188 47 clusionis
584 536 116 47 hanc
656 536 231 47 conclusionem
844 536 159 47 infert.
959 536 72 47 ⁋
988 536 144 47 Quarta
1075 536 130 47 conclu-

441 573 103 52 sio
500 573 147 52 patet:
603 573 118 52 quia
677 573 88 52 ad
721 573 103 52 hoc
780 573 103 52 non
839 573 162 52 habetur
957 573 133 52 locus
1046 573 88 52 in
1090 573 118 52 lege
1149 573 59 52 Mo

443 615 135 51 saica:
538 615 108 51 ergo
606 615 95 51 non
660 615 95 51 est
714 615 81 51 de
755 615 108 51 illa
822 615 122 51 lege.
903 615 216 51 consequentia
1079 615 95 51 est
1120 615 81 51 nota

445 666 150 54 saltem
550 666 90 54 in
595 666 135 54 primo
684 666 135 54 gradu
774 666 75 54 &
804 666 209 54 indubitato
969 666 150 54 illius
1073 666 150 54 legis.
1163 666 45 54 &

432 713 211 44 antecedens
598 713 151 44 patet:
704 713 121 44 quia
779 713 121 44 ipso
855 713 151 44 negato
960 713 106 44 det
1006 713 196 44 aduersarius

445 751 126 47 locum
529 751 84 47 in
571 751 112 47 illa
641 751 112 47 lege
711 751 84 47 in
753 751 98 47 quo
809 751 98 47 hoc
865 751 224 47 contineatur.
1047 751 154 47 Insuper
1145 751 56 47 Hi

440 795 130 54 braei
526 795 173 54 corticem
656 795 144 54 illius
757 795 130 54 legis
844 795 188 54 seruantes
988 795 130 54 nullo
1075 795 116 54 modo
1133 795 72 54 aur

444 841 168 60 culariter
574 841 207 60 confitentur:
742 841 104 60 ergo
807 841 91 60 non
858 841 91 60 est
910 841 78 60 de
949 841 104 60 illa
1014 841 104 60 lege
1079 841 78 60 in
1104 841 104 60 aliquo

446 887 128 52 gradu.
536 887 116 52 licet
613 887 116 52 autem
690 887 103 52 ista
754 887 193 52 cosequentia
909 887 90 52 sit
960 887 167 52 apparens:
1088 887 90 52 non
1127 887 77 52 tame

439 927 100 59 est
496 927 142 59 solida
595 927 199 59 vtrobique,
752 927 85 59 vt
795 927 128 59 patet
880 927 85 59 de
923 927 157 59 Messiae
1037 927 157 59 aduentu
1137 927 71 59 quo

441 972 90 53 ex
486 972 120 53 lege
561 972 165 53 Mosaica
682 972 150 53 deduci
787 972 165 53 potest:
907 972 135 53 licet
997 972 120 53 illi
1058 972 150 53 proterue

436 1022 223 48 reluctentur.
617 1022 84 48 Et
659 1022 111 48 quia
729 1022 111 48 haec
798 1022 181 48 conclusio
937 1022 84 48 ab
979 1022 153 48 omnibus
1077 1022 125 48 concedi

427 1064 104 51 nec
486 1064 104 51 est
546 1064 148 51 magnae
649 1064 222 51 vtilitatis:
827 1064 163 51 idcirco
945 1064 133 51 alias
1019 1064 192 51 probationes

445 1110 96 62 non
500 1110 150 62 adduco.
609 1110 68 62 ⁋
637 1110 137 62 Quinta
732 1110 191 62 conclusio:
883 1110 164 62 quamquam
1006 1110 137 62 aliqua
1102 1110 82 62 in
1129 1110 82 62 eius

441 1148 221 56 probationem
618 1148 88 56 in
662 1148 162 56 tertiae
780 1148 235 56 conclusionis
971 1148 206 56 probatione
1118 1148 88 56 addu

444 1194 87 51 cta
493 1194 124 51 fuere:
580 1194 112 51 adhuc
655 1194 149 51 probatur
767 1194 87 51 per
816 1194 112 51 illud
891 1194 99 51 quod
953 1194 162 51 scribitur
1077 1194 137 51 Iacobi.
1164 1194 50 51 ii

444 1235 235 60 Confitemini
632 1235 219 60 alterutrum
804 1235 172 60 peccata
929 1235 172 60 vestra.
1055 1235 110 60 qua
1101 1235 110 60 aucto

436 1281 140 59 ritate
534 1281 182 59 praemissa
674 1281 98 59 sic
730 1281 210 59 argumentor.
897 1281 126 59 Omnia
981 1281 112 59 illa
1051 1281 112 59 quae
1107 1281 98 59 eodem

437 1321 197 51 contextu
584 1321 279 51 promulgantur,
814 1321 164 51 eandem
928 1321 115 51 vim
994 1321 213 51 obligandi
1141 1321 66 51 ha

438 1371 139 57 bent.
530 1371 108 57 sed
592 1371 155 57 beatus
701 1371 170 57 lacobus
824 1371 139 57 illic
917 1371 186 57 extremam
1041 1371 170 57 vnctionem

445 1415 215 56 praeceptiue
616 1415 200 56 promulgat:
774 1415 100 56 cui
831 1415 86 56 in
874 1415 143 56 capite
974 1415 172 56 praefato
1088 1415 129 56 confes-

441 1460 149 55 sionem
546 1460 179 55 adiugit,
680 1460 104 55 sic
740 1460 194 55 inquiens.
889 1460 209 55 Infirmatur
1053 1460 119 55 quis
1113 1460 104 55 inter

438 1502 124 61 vos:
516 1502 171 61 inducat
640 1502 248 61 presbyteros.
842 1502 78 61 &
873 1502 155 61 postea
981 1502 202 61 subiugit.
1121 1502 93 61 Con-

446 1548 168 55 fitemini
572 1548 197 55 alterutrum
727 1548 154 55 peccata
839 1548 154 55 vestra.
951 1548 112 55 Alii
1022 1548 98 55 non
1064 1548 140 55 refellum

445 1592 112 50 hanc
515 1592 223 50 auctoritatem
696 1592 112 50 quin
766 1592 195 50 propositum
920 1592 154 50 probet,
1031 1592 98 50 per
1087 1592 98 50 hoc
1129 1592 84 50 quod

437 1634 249 54 subiungitur,
640 1634 140 54 Orate
734 1634 109 54 pro
796 1634 140 54 vobis
890 1634 187 54 inuicem.
1030 1634 125 54 quia
1108 1634 109 54 sic
1155 1634 62 54 de

445 1682 121 52 bent
520 1682 197 52 confessor
672 1682 76 52 &
702 1682 197 52 confitens
853 1682 151 52 saltem
959 1682 151 52 debito
1050 1682 166 52 congruita

442 1727 109 52 tis:
511 1727 68 52 &
538 1727 123 52 probi
620 1727 205 52 confessores
784 1727 96 52 sic
839 1727 137 52 dicunt
935 1727 232 52 confitentibus
1126 1727 82 52 in
1153 1727 55 52 re

436 1770 153 44 cessu.
543 1770 153 44 Oremus
650 1770 107 44 pro
711 1770 138 44 nobis
803 1770 184 44 inuicem.
941 1770 169 44 Insuper
1064 1770 138 44 loan.
1140 1770 77 44 xx.

438 1814 196 49 scribitur
589 1814 120 49 post
664 1814 166 49 Curisti
784 1814 211 49 passionem.
950 1814 181 49 Accipite
1070 1814 151 49 spiritum

450 1857 173 56 sanctum:
579 1857 144 56 quorum
680 1857 216 56 remiseritis
853 1857 158 56 peccata
968 1857 216 56 remittuntur
1127 1857 86 56 eis.

447 1903 72 55 &
475 1903 100 55 hoc
533 1903 100 55 non
590 1903 143 55 potest
690 1903 129 55 fieri
776 1903 115 55 nisi
848 1903 115 55 alii
919 1903 100 55 eis
977 1903 158 55 peccata
1077 1903 143 55 reserent

440 1943 126 49 ergo
519 1943 189 49 tenentur
661 1943 111 49 eis
724 1943 174 49 peccata
851 1943 205 49 detegere.
993 1943 205 49 Auctoritate

446 1984 123 57 autem
528 1984 205 57 introductae
692 1984 109 57 sunt
760 1984 123 57 legis
842 1984 164 57 gratiae.
965 1984 109 57 ergo
1033 1984 177 57 confessio
1155 1984 55 57 es

448 2035 86 51 de
491 2035 114 51 lege
562 2035 172 51 gratiae.
691 2035 186 51 Praeterea
834 2035 186 51 confessio
977 2035 100 51 est
1034 2035 86 51 de
1077 2035 143 51 aliquo
1163 2035 57 51 iu

442 2080 91 49 re
487 2080 91 49 vt
533 2080 137 49 patet
624 2080 106 49 per
685 2080 152 49 primam
791 2080 258 49 conclusionem.
1004 2080 76 49 &
1035 2080 106 49 non
1095 2080 91 49 de
1126 2080 91 49 iure

441 2119 160 58 naturae
558 2119 102 58 vel
616 2119 145 58 humano
717 2119 102 58 per
775 2119 174 58 secundam
906 2119 73 58 &
935 2119 160 58 tertiam
1037 2119 174 58 conclusio-

450 2165 122 55 nes:
526 2165 107 55 nec
587 2165 92 55 de
633 2165 122 55 iure
710 2165 153 55 diuino
817 2165 168 55 Mosaico
939 2165 107 55 per
1000 2165 183 55 quartam.
1122 2165 92 55 ergo

449 2216 97 48 est
504 2216 83 48 de
546 2216 111 48 lege
615 2216 166 48 gratiae.
739 2216 166 48 Vlterius
864 2216 166 48 arguitur
988 2216 83 48 ad
1030 2216 124 48 idem.
1112 2216 97 48 hoc
1154 2216 69 48 sem

444 2255 106 53 per
504 2255 76 53 a
535 2255 197 53 principio
686 2255 197 53 nascentis
838 2255 197 53 ecclesiae
990 2255 91 53 ab
1035 2255 167 53 omnibus
1141 2255 76 53 ten

451 2296 102 50 tum
510 2296 102 50 est
568 2296 161 50 tamquam
685 2296 161 50 diuinum
802 2296 190 50 oraculum.
948 2296 117 50 ergo
1021 2296 146 50 grande
1109 2296 102 50 nefas

438 2350 108 45 est
499 2350 139 45 illud
592 2350 123 45 viro
669 2350 216 45 potissimum
838 2350 169 45 erudito
961 2350 92 45 ab
992 2350 216 45 institutioni

453 2387 291 57 Christitollere.
698 2387 123 57 Vnde
775 2387 138 57 dicit
867 2387 199 57 Ambrosius
1020 2387 92 57 in
1066 2387 138 57 libro
1143 2387 61 57 de

455 2433 176 58 paradiso.
591 2433 95 58 Non
645 2433 135 58 potest
740 2433 163 58 quisquam
862 2433 203 58 iustificari
1024 2433 108 58 nisi
1079 2433 135 58 peccatum

452 2469 107 59 ante
519 2469 134 59 fuerit
613 2469 188 59 confessus.
760 2469 67 59 &
787 2469 174 59 recitatur
921 2469 81 59 de
961 2469 134 59 poeni.
1055 2469 134 59 disti.
1149 2469 67 59 i
1163 2469 40 59 c

449 2518 110 56 Non
512 2518 172 56 potest.
637 2518 94 56 Et
685 2518 94 56 in
732 2518 141 56 eodem
826 2518 125 56 loco
904 2518 141 56 dicit
998 2518 172 56 loannes
1108 2518 94 56 Chri

445 2560 187 62 sostomus.
588 2560 100 62 Non
646 2560 143 62 potest
746 2560 172 62 quisquam
875 2560 158 62 gratiam
990 2560 129 62 vitae
1062 2560 143 62 caelesti

449 2617 190 47 accipere
591 2617 126 47 nisi
671 2617 190 47 purgatus
813 2617 158 47 fuerit
923 2617 95 47 ab
971 2617 126 47 omni
1050 2617 142 47 sorde
1129 2617 79 47 pec

452 2656 105 53 cati
517 2656 91 53 per
570 2656 209 53 poenitentiae
739 2656 222 53 confessionem.
922 2656 78 53 Et
962 2656 170 53 Augustini
1092 2656 78 53 in
1119 2656 91 53 libro

447 2695 88 67 de
491 2695 146 67 poeni.
593 2695 131 67 Agite
681 2695 234 67 poenitentiam
871 2695 146 67 qualis
973 2695 146 67 agitur
1076 2695 88 67 in
1105 2695 102 67 eccle

1270 302 118 59 sia,
1344 302 88 59 vt
1388 302 118 59 oret
1462 302 103 59 pro
1520 302 132 59 vobis
1609 302 191 59 ecclesia.
1756 302 74 59 &
1785 302 118 59 quae
1859 302 206 59 sequuntur.
2006 302 44 59 &

1280 361 101 57 per
1337 361 101 57 hoc
1395 361 188 57 concludit
1539 361 144 57 claues
1640 361 130 57 datas
1727 361 87 57 in
1770 361 173 57 ecclesia
1900 361 115 57 dei.
1957 361 87 57 ldem

1274 406 136 50 quoque
1370 406 191 50 Augustini.
1520 406 82 50 vt
1561 406 150 50 habetur
1670 406 95 50 in.
1724 406 82 50 c.
1765 406 109 50 Quem
1833 406 177 50 poenitet.
1956 406 95 50 eadem

1265 448 176 47 distin.
1393 448 112 47 sic
1457 448 128 47 ait.
1538 448 176 47 Lazarum
1666 448 96 47 de
1714 448 209 47 monumento
1875 448 112 47 iam
1923 448 112 47 susci

1275 490 144 54 tatum
1371 490 176 54 obtulit
1499 490 176 54 dominus
1627 490 224 54 discipulis
1804 490 224 54 soluendum:
1964 490 80 54 per

1270 539 105 53 hoc
1330 539 195 53 ostendens
1480 539 210 53 potestatem
1645 539 180 53 soluendi
1780 539 195 53 concessam
1915 539 120 53 sacer-

1276 587 181 48 dotibus.
1412 587 91 48 Ex
1457 587 136 48 istis
1548 587 181 48 sequitur
1684 587 121 48 quod
1760 587 166 48 inscite
1866 587 166 48 Apparatus

1268 623 80 63 &
1300 623 160 63 Panor.
1412 623 96 63 in
1460 623 112 63 hac
1523 623 144 63 parte
1619 623 207 63 loquutur:
1779 623 255 63 confessionem
1970 623 64 63 vo

1272 680 145 41 calem
1369 680 81 41 a
1401 680 129 41 solo
1482 680 129 41 iure
1562 680 161 41 humano
1675 680 242 41 asserentes,
1869 680 81 41 &
1885 680 145 41 graecos

1272 713 238 54 excusantes.
1462 713 174 54 Secundo
1589 713 190 54 sequitur
1731 713 127 54 quod
1811 713 158 54 nullus
1921 713 111 54 mos
1969 713 79 54 non

1270 769 213 51 confitendi
1437 769 152 51 potest
1543 769 197 51 indulgere
1695 769 152 51 homini
1801 769 91 51 vt
1847 769 106 51 num
1907 769 121 51 quam
1968 769 76 51 con

1275 803 174 58 fiteatur,
1408 803 107 58 quod
1475 803 174 58 probatur:
1609 803 107 58 quia
1675 803 134 58 contra
1769 803 94 58 ius
1822 803 134 58 diuinu
1916 803 94 58 num
1956 803 80 58 quam

1272 848 120 65 est
1340 848 240 65 consuetudo
1512 848 188 65 excusans.

1267 896 98 98 ⁋
1307 896 195 98 Contra
1443 896 234 98 secundam
1619 896 312 98 conclusionem
1853 896 195 98 arguitur

1274 983 109 49 sic.
1342 983 177 49 Confessio
1478 983 95 49 est
1533 983 82 49 de
1574 983 109 49 iure
1642 983 163 49 naturae,
1764 983 109 49 quod
1832 983 177 49 probatur:
1954 983 82 49 quia

1276 1025 106 61 per
1336 1025 106 61 eam
1397 1025 121 61 Adam
1473 1025 76 61 &
1503 1025 121 61 Cain
1579 1025 288 61 reprehenduntur.
1821 1025 91 61 vt
1866 1025 136 61 patet
1942 1025 91 61 Gen.

1269 1076 98 49 iii.
1330 1076 74 49 &.
1367 1076 111 49 iiii.
1441 1076 135 49 iunctis
1540 1076 148 49 glossis.
1650 1076 98 49 Illi
1712 1076 98 49 enim
1773 1076 111 49 erant
1847 1076 148 49 prostatu
1946 1076 86 49 legis

1263 1121 175 50 naturae.
1395 1121 73 50 ⁋
1424 1121 161 50 Secundo
1541 1121 175 50 arguitur
1673 1121 88 50 ad
1716 1121 132 50 idem.
1804 1121 88 50 de
1848 1121 117 50 iure
1906 1121 132 50 naturae

1280 1162 95 46 est
1335 1162 108 46 quod
1402 1162 108 46 viro
1470 1162 189 46 displiceat
1619 1162 108 46 suum
1686 1162 135 46 malum:
1781 1162 108 46 ergo
1849 1162 176 46 confessio
1970 1162 68 46 est

1274 1204 81 53 de
1314 1204 108 53 iure
1381 1204 162 53 naturae.
1503 1204 67 53 ⁋
1530 1204 81 53 Ad
1570 1204 135 53 primum
1665 1204 202 53 respondetur
1826 1204 108 53 quod
1894 1204 108 53 illa
1961 1204 67 53 &
1975 1204 67 53 si-

1270 1249 128 49 milia
1355 1249 99 49 non
1412 1249 113 49 sunt
1483 1249 85 49 ad
1525 1249 199 49 propositum
1681 1249 227 49 confessionis
1851 1249 199 49 auricularis.

1265 1295 138 53 Adam
1351 1295 138 53 enim
1437 1295 86 53 &
1472 1295 138 53 Cain
1558 1295 207 53 debebant
1714 1295 225 53 confiteri
1887 1295 121 53 sua
1938 1295 104 53 pec-

1275 1335 122 48 cata
1351 1335 107 48 deo
1412 1335 244 48 interroganti
1611 1335 107 48 qui
1672 1335 198 48 scrutatur
1824 1335 137 48 corda
1916 1335 76 48 &
1931 1335 107 48 renes

1272 1382 74 48 &
1302 1382 104 48 non
1361 1382 104 48 sub
1421 1382 208 48 friuolarum
1584 1382 237 48 excusationum
1777 1382 178 48 velamine
1910 1382 89 48 se
1940 1382 104 48 prote

1266 1419 132 63 gere.
1355 1419 74 63 ⁋
1384 1419 177 63 Secundum
1516 1419 206 63 argumentum
1678 1419 103 63 est
1737 1419 88 63 de
1781 1419 235 63 detestatione
1958 1419 88 63 pec-

1271 1467 139 53 cati:
1363 1467 108 53 hoc
1425 1467 108 53 est
1487 1467 93 53 de
1534 1467 217 53 cotritione
1704 1467 170 53 peccati
1827 1467 124 53 post
1889 1467 155 53 peccatum

1263 1511 234 61 commissum:
1447 1511 134 61 quam
1531 1511 134 61 dico
1615 1511 100 61 de
1665 1511 134 61 iure
1749 1511 201 61 naturae.
1899 1511 117 61 sed
1949 1511 84 61 cor

1273 1561 142 54 tritio
1372 1561 114 54 ante
1443 1561 128 54 legem
1528 1561 156 54 gratiae
1642 1561 99 54 non
1698 1561 99 54 tot
1755 1561 255 54 praesupponebat
1954 1561 85 54 quot

1281 1604 116 51 nunc.
1358 1604 90 51 nam
1410 1604 154 51 antequam
1525 1604 141 51 aliquis
1628 1604 103 51 nunc
1692 1604 128 51 habeat
1782 1604 116 51 veram
1846 1604 193 51 contritionem:

1271 1647 204 66 requiritur
1432 1647 190 66 confessio
1578 1647 160 66 vocalis
1694 1647 87 66 in
1738 1647 131 66 voto:
1825 1647 117 66 quod
1898 1647 117 66 ante
1957 1647 87 66 hanc

1263 1689 157 66 legem
1367 1689 122 66 non
1419 1689 262 66 requirebatur.

1265 1747 112 87 ⁋
1309 1747 224 87 Contra
1466 1747 246 87 quartam
1645 1747 358 87 conclusionem
1936 1747 157 87 ar-

1269 1818 169 57 guitur.
1391 1818 199 57 Leuitici.
1545 1818 123 57 xvi.
1621 1818 199 57 scribitur
1775 1818 123 57 quod
1852 1818 138 57 Aaron
1928 1818 123 57 debuit

1271 1854 207 57 confiteri
1430 1854 175 57 peccata
1558 1854 191 57 filiorum
1701 1854 175 57 Israel.
1828 1854 80 57 &
1860 1854 143 57 losue
1940 1854 111 57 dixit

1272 1900 97 51 ad
1320 1900 161 51 Achan.
1433 1900 129 51 Fili
1513 1900 97 51 mi
1562 1900 97 51 da
1610 1900 177 51 gloriam
1739 1900 161 51 domino
1852 1900 113 51 deo
1900 1900 145 51 Israel-

1271 1944 73 53 &
1301 1944 205 53 confitere,
1462 1944 132 53 atque
1550 1944 147 53 indica
1652 1944 117 53 mihi
1726 1944 117 53 quid
1799 1944 176 53 feceris:
1931 1944 88 53 ne
1960 1944 88 53 abs-

1279 1997 167 46 condas.
1400 1997 152 46 losue.
1507 1997 122 46 vii.
1583 1997 76 46 ⁋
1613 1997 213 46 Respondeo.
1781 1997 137 46 istae
1857 1997 182 46 auctorita-

1277 2028 109 62 tes
1340 2028 264 62 intelliguntur
1557 2028 93 62 de
1604 2028 233 62 confessione
1790 2028 109 62 deo
1852 2028 186 62 facienda
1976 2028 78 62 vel

1277 2075 191 63 publica.
1421 2075 144 63 Achan
1516 2075 128 63 enim
1596 2075 176 63 publice
1724 2075 207 63 confessus
1883 2075 112 63 est
1931 2075 112 63 deli-

1276 2133 136 42 ctum
1361 2133 136 42 suum
1446 2133 102 42 de
1497 2133 153 42 furto
1599 2133 119 42 cum
1668 2133 153 42 super
1770 2133 119 42 eum
1838 2133 136 42 nutu
1906 2133 136 42 diuino

1272 2165 177 56 cecidit
1401 2165 145 56 sors:
1497 2165 81 56 &
1530 2165 145 56 dedit
1626 2165 177 56 gloriam
1755 2165 161 56 domino
1868 2165 129 56 deo:
1932 2165 113 56 sicut

1272 2208 188 61 praecepit
1416 2208 144 61 losue.
1517 2208 101 61 sic
1575 2208 159 61 Esaiae.
1690 2208 144 61 xliii.
1791 2208 130 61 Narra
1878 2208 87 61 si
1921 2208 115 61 quid
1979 2208 72 61 ha-

1271 2250 109 60 bes
1334 2250 94 60 vt
1381 2250 265 60 iustificeris.
1599 2250 78 60 &
1630 2250 218 60 Prouerbio.
1802 2250 172 60 xxviii.
1926 2250 109 60 Qui
1973 2250 78 60 abs

1273 2300 152 54 condit
1379 2300 167 54 scelera
1501 2300 106 54 sua
1562 2300 76 54 /
1592 2300 106 54 non
1653 2300 213 54 dirigetur:
1820 2300 106 54 qui
1881 2300 137 54 autem
1957 2300 91 54 con-

1281 2345 151 52 fessus
1387 2345 166 52 fuerit,
1507 2345 76 52 &
1538 2345 211 52 reliquerit
1704 2345 106 52 ea,
1764 2345 257 52 misericordiam
1960 2345 91 52 con-

1280 2383 191 57 sequetur.
1428 2383 103 57 Sic
1486 2383 118 57 ergo
1560 2383 250 57 intelligantur
1766 2383 236 57 auctoritates
1943 2383 103 57 legis

1278 2430 188 57 Mosaicae
1419 2430 125 57 quod
1498 2430 125 57 homo
1576 2430 172 57 debebat
1701 2430 94 57 in
1748 2430 188 57 generali
1874 2430 172 57 confiteri

1285 2480 163 50 culpam:
1403 2480 103 50 vel
1463 2480 133 50 coram
1551 2480 148 50 aliis,
1655 2480 103 50 vel
1714 2480 222 50 mentaliter.
1891 2480 74 50 &
1921 2480 103 50 hoc
1965 2480 89 50 erat

1285 2518 194 58 confiteri
1435 2518 105 58 pro
1494 2518 165 58 tempore
1614 2518 150 58 illius
1719 2518 150 58 legis.
1824 2518 135 58 sicut
1913 2518 120 58 enim
1973 2518 75 58 non

1280 2562 127 54 eodem
1365 2562 113 54 modo
1435 2562 85 54 se
1478 2562 127 54 habet
1562 2562 184 54 contritio
1704 2562 99 54 pro
1760 2562 99 54 hac
1817 2562 113 54 lege
1887 2562 71 54 &
1916 2562 99 54 pro
1958 2562 99 54 illa,

1274 2614 110 60 sic
1337 2614 110 60 nec
1385 2614 189 60 confessio.

1264 2661 100 100 ⁋
1304 2661 200 100 Contra
1444 2661 220 100 quintam
1604 2661 320 100 conclusionem
1844 2661 200 100 arguitur
