2282 3322
389 276 215 59 arguitur.
555 276 149 59 multi
654 276 231 59 sacerdotes
836 276 182 59 possunt
968 276 165 59 audire
1067 276 99 59 vnum

389 328 81 49 in
430 328 217 49 confessione:
606 328 68 49 &
633 328 163 49 quilibet
755 328 95 49 eum
810 328 190 49 absoluere:
959 328 108 49 quae
1013 328 149 49 confessio

394 375 87 51 est
443 375 187 51 sufficiens:
593 375 62 51 &
618 375 112 51 tamen
693 375 112 51 forum
768 375 87 51 non
818 375 87 51 est
868 375 225 51 secretissimum.
1055 375 100 51 Quia
1105 375 62 51 mul

397 420 76 48 i
427 420 166 48 possint
548 420 121 48 vnum
624 420 212 48 absoluere:
790 420 197 48 probatur:
941 420 121 48 quia
1017 420 136 48 multi
1092 420 76 48 pos

395 463 110 47 sunt
464 463 138 47 eundem
561 463 193 47 baptizare,
713 463 69 47 &
740 463 138 47 eandem
837 463 138 47 hostia
933 463 207 47 consecrare:
1085 463 69 47 pro

388 506 92 47 ut
434 506 92 47 in
480 506 92 47 de
525 506 184 47 baptismo
663 506 77 47 &
694 506 230 47 Eucharistia
877 506 153 47 dictum
985 506 122 47 est.
1046 506 107 47 eodem

387 550 118 53 modo
461 550 147 53 potest
564 550 133 53 fieri
653 550 88 53 in
697 550 265 53 confirmatione:
918 550 74 53 &
948 550 88 53 in
977 550 177 53 collatione

383 601 171 46 ordinum:
511 601 114 46 ergo
582 601 71 46 &
611 601 86 46 in
654 601 228 46 poenitentia.
839 601 86 46 Et
882 601 143 46 potest
982 601 157 46 probari
1082 601 71 46 ra-

389 644 139 46 tione:
486 644 111 46 quia
555 644 125 46 illic
638 644 97 46 est
694 644 194 46 confessor,
846 644 194 46 confitens,
999 644 69 46 &
1012 644 139 46 intentio

389 684 202 53 sufficiens.
550 684 81 53 In
591 684 121 53 super
671 684 108 53 vnus
739 684 175 53 absoluit:
873 684 67 53 &
900 684 94 53 qua
954 684 148 53 ratione
1062 684 108 53 vnus
1116 684 40 53 i

400 736 196 50 quilibet,
551 736 196 50 supposito
702 736 121 50 quod
777 736 136 50 simul
868 736 181 50 desinant
989 736 166 50 proferre.

390 776 79 53 â‹
422 776 237 53 Respondetur
612 776 237 53 dupliciter.
802 776 158 53 Primo.
913 776 142 53 adhuc
1008 776 142 53 illud
1087 776 63 53 fo

380 823 99 47 rum
437 823 99 47 est
493 823 241 47 secretissimum
692 823 113 47 quia
763 823 227 47 sacerdotale,
947 823 71 47 &
976 823 170 47 quilibet
1089 823 71 47 te-

376 864 136 43 netur
466 864 166 43 seruare
587 864 166 43 secretu
707 864 90 43 vt
752 864 151 43 alter:
858 864 75 43 &
888 864 181 43 quilibet
1008 864 151 43 absoluit

378 909 116 50 siue
451 909 203 50 successiue
611 909 87 50 vt
655 909 87 50 in
698 909 160 50 casibus
814 909 218 50 reseruatis:
989 909 102 50 vel
1047 909 87 50 de
1076 909 87 50 eis-

388 949 105 48 dem
448 949 195 48 peccatis:
598 949 120 48 siue
673 949 135 48 multi
763 949 210 48 sacerdotes
929 949 150 48 simul.
1034 949 90 48 vt
1064 949 90 48 pro-

378 994 163 47 bauimus
497 994 89 47 in
541 994 134 47 aliis
630 994 237 47 sacramentis.
823 994 163 47 Secundo
942 994 119 47 dico
1016 994 119 47 quod
1076 994 74 47 non

380 1048 152 53 expedit
491 1048 97 53 sic
546 1048 180 53 confiteri
685 1048 166 53 pluribus
810 1048 139 53 simul,
907 1048 125 53 etiam
990 1048 97 53 pro
1031 1048 125 53 meliori

394 1085 177 52 consilio
527 1085 177 52 habendo.
659 1085 147 52 Potest
762 1085 118 52 enim
836 1085 118 52 homo
910 1085 177 52 conferre
1042 1085 88 52 de
1072 1085 88 52 pec-

379 1133 130 47 catis
465 1133 115 47 suis
537 1133 101 47 cum
595 1133 144 47 doctis
695 1133 130 47 extra
782 1133 230 47 confessionem
969 1133 86 47 ac
1012 1133 86 47 si
1041 1133 115 47 essent

380 1174 158 48 aliorum
494 1174 143 48 casus:
595 1174 100 48 vel
652 1174 186 48 confiteri
796 1174 201 48 successiue
953 1174 143 48 doctis
1039 1174 115 48 viris.

388 1218 103 48 Sed
447 1218 147 48 contra
550 1218 103 48 hoc
609 1218 133 48 adhuc
698 1218 191 48 arguitur.
845 1218 118 48 sint
918 1218 133 48 multi
1007 1218 88 48 in
1051 1218 103 48 vna
1095 1218 59 48 na

386 1262 87 49 ui
429 1262 145 49 statim
531 1262 232 49 submergenda:
719 1262 189 49 confessor
864 1262 131 49 illic
951 1262 102 49 non
1009 1262 145 49 potest
1096 1262 58 49 au

382 1309 110 48 dire
451 1309 123 48 omnes
533 1309 206 48 successiue:
698 1309 110 48 ergo
766 1309 96 48 cum
821 1309 165 48 quilibet
944 1309 123 48 eorum
1013 1309 137 48 teneatur

386 1352 173 51 confiteri
519 1352 187 51 sacerdoti:
666 1352 120 51 istud
746 1352 120 51 forum
826 1352 93 51 non
879 1352 120 51 debet
959 1352 107 51 esse
1012 1352 147 51 secretum.

382 1396 70 55 &
410 1396 98 55 sic
466 1396 169 55 probatio
593 1396 84 55 de
635 1396 211 55 confessione
804 1396 169 55 facienda
930 1396 98 55 per
986 1396 155 55 chartam
1099 1396 84 55 in

374 1447 162 51 absentia
495 1447 108 51 fuit
562 1447 135 51 nulla.
657 1447 108 51 quod
724 1447 162 51 quilibet
846 1447 162 51 teneatur
967 1447 189 51 confiteri,
1102 1447 54 51 pa

373 1485 114 44 tet:
444 1485 114 44 quia
515 1485 100 44 est
572 1485 128 44 copia
658 1485 228 44 confessoris:
843 1485 71 44 &
871 1485 171 44 quilibet
999 1485 100 44 est
1042 1485 114 44 pecca-

383 1530 81 50 to
423 1530 202 50 implicitus.
585 1530 67 50 &
612 1530 108 50 pone
679 1530 108 50 quod
747 1530 108 50 sint
814 1530 135 50 aliqui
909 1530 175 50 infideles
1030 1530 108 50 numqua

376 1572 112 50 antea
450 1572 149 50 confessi
562 1572 87 50 qui
612 1572 112 50 primo
687 1572 112 50 fidem
762 1572 212 50 profiteantur.
936 1572 100 50 quod
998 1572 112 50 autem
1060 1572 100 50 licitu

372 1617 87 47 sit
421 1617 87 47 sic
471 1617 174 47 confiteri:
608 1617 162 47 probatur:
733 1617 100 47 quia
795 1617 87 47 ita
845 1617 149 47 interdum
957 1617 112 47 actum
1031 1617 100 47 est:
1094 1617 62 47 &
1106 1617 50 47 re

370 1664 145 45 ferunt
471 1664 116 45 quod
543 1664 174 45 quilibet
673 1664 159 45 oblitus
789 1664 101 45 est
847 1664 159 45 peccata
963 1664 174 45 alterius
1079 1664 72 45 cum

378 1708 93 49 ad
424 1708 155 49 portum
532 1708 139 49 maris
625 1708 248 49 peruenerint.
826 1708 217 49 Respondeo,
996 1708 108 49 non
1043 1708 108 49 confi

384 1757 134 45 terer
473 1757 89 45 in
518 1757 119 45 illo
592 1757 119 45 casu
666 1757 89 45 in
711 1757 178 45 publico.
844 1757 104 45 sed
904 1757 134 45 adeat
993 1757 148 45 Sortes
1082 1757 59 45 in

371 1797 172 48 secreto
497 1797 250 48 confessorem:
700 1797 78 48 &
731 1797 157 48 deinde
841 1797 219 48 successiue
1013 1797 141 48 alii.
1091 1797 63 48 Si

372 1840 131 47 autem
460 1840 160 47 interea
576 1840 247 47 submergantur:
779 1840 174 47 sufficit
909 1840 203 47 detestatio
1054 1840 102 47 pecca

379 1884 134 56 torum
469 1884 149 56 omnium
573 1884 75 56 &
603 1884 194 56 confessio
752 1884 89 56 in
796 1884 134 56 voto.
886 1884 104 56 hoc
945 1884 119 56 est,
1005 1884 134 56 quisque

381 1931 134 56 quantum
478 1931 73 56 in
515 1931 73 56 se
551 1931 85 56 est
600 1931 61 56 /
624 1931 134 56 paratus
722 1931 85 56 sit
771 1931 170 56 confiteri:
904 1931 97 56 quia
965 1931 73 56 si
1002 1931 110 56 omnes
1063 1931 85 56 inci-

388 1972 145 53 perent
489 1972 202 53 confiteri:
648 1972 130 53 forte
735 1972 260 53 submergerentur
952 1972 116 53 ante
1009 1972 145 53 dimidiam

387 2021 218 48 confessionem.
567 2021 90 48 sed
618 2021 115 48 omnes
695 2021 115 48 erunt
772 2021 115 48 salui
849 2021 77 48 si
887 2021 103 48 sint
952 2021 167 48 contriti:
1067 2021 77 48 quem

375 2064 169 45 admodum
497 2064 184 45 sacerdos
636 2064 123 45 ille
712 2064 107 45 qui
774 2064 138 45 alios
866 2064 138 45 audit
958 2064 77 45 &
989 2064 138 45 nulli
1065 2064 77 45 con

368 2106 189 49 fitetur:
510 2106 110 49 vel
573 2106 189 49 perpetuo
714 2106 189 49 detentus
855 2106 94 49 in
903 2106 173 49 carcere
1028 2106 126 49 apud
1091 2106 63 49 Ma

375 2153 216 48 humetanos,
544 2153 108 48 cui
606 2153 169 48 nunquam
729 2153 139 48 patet
821 2153 139 48 copia
914 2153 231 48 sacerdotis.
1083 2153 62 48 Et

369 2202 189 44 sacerdos
511 2202 189 44 existens
653 2202 95 44 in
700 2202 126 44 naui
779 2202 142 44 debet
873 2202 110 44 eis
936 2202 189 44 recitare
1062 2202 95 44 con-

372 2241 191 55 fessionem
520 2241 88 55 in
564 2241 177 55 generali
696 2241 147 55 magnam
799 2241 103 55 vel
858 2241 147 55 paruam
961 2241 177 55 secundum
1079 2241 59 55 te

382 2288 139 46 poris
474 2288 186 46 penuriam
613 2288 108 46 vel
675 2288 247 46 magnitudinem
876 2288 93 46 in
923 2288 139 46 eorum
1000 2288 139 46 idioma-

363 2333 104 51 te:
423 2333 74 51 &
452 2333 163 51 hortari
571 2333 104 51 eos
631 2333 89 51 vt
675 2333 163 51 habeant
794 2333 149 51 firmum
898 2333 208 51 propositum
1047 2333 89 51 rest

373 2375 145 47 tuendi
474 2375 145 47 aliena
576 2375 87 47 si
619 2375 116 47 quae
692 2375 160 47 habeant
808 2375 102 47 cum
866 2375 145 47 primum
967 2375 189 47 poterunt:
1098 2375 44 47 &

369 2418 228 50 displiceant
551 2418 107 50 eis
612 2418 167 50 peccata
734 2418 107 50 sua
795 2418 213 50 perpetrata
962 2418 152 50 quibus
1054 2418 91 50 deum

374 2465 231 57 offenderunt,
561 2465 72 57 &
590 2465 202 57 committant
749 2465 87 57 se
792 2465 217 57 prorectioni
966 2465 159 57 diuinae
1067 2465 72 57 di-

375 2506 181 50 centes.
506 2506 99 50 In
555 2506 148 50 manus
654 2506 131 50 tuas
736 2506 164 50 domine
851 2506 197 50 commendo
983 2506 164 50 spiritum

372 2552 134 50 meum.
461 2552 74 50 &
491 2552 104 50 hoc
550 2552 149 50 potest
655 2552 149 50 facere
759 2552 163 50 prudens
877 2552 163 50 laicus.
996 2552 104 50 Non
1041 2552 104 50 tamen

366 2600 137 56 nego:
457 2600 106 56 vbi
518 2600 152 56 plures
624 2600 137 56 simul
715 2600 258 56 confiterentur
928 2600 198 56 sacerdoti
1065 2600 76 56 quo

370 2640 101 52 rum
427 2640 159 52 peccata
543 2640 246 52 intelligeret:
746 2640 130 52 omnes
832 2640 116 52 esse
905 2640 188 52 absolutos
1035 2640 101 52 vnica

371 2684 256 56 absolutione:
579 2684 240 56 quemadmodum
771 2684 176 56 dicimus
899 2684 112 56 dae
947 2684 192 56 multitudi

1227 284 94 62 ne
1274 284 204 62 hostiarum
1432 284 236 62 consecrata.
1620 284 79 62 â‹
1651 284 94 62 Ad
1699 284 173 62 vltimum
1809 284 189 62 argumentum

1224 338 95 50 de
1272 338 237 50 confessione
1461 338 142 50 Petri
1555 338 110 50 qui
1619 338 189 50 peccauit
1760 338 221 50 mortaliter
1918 338 79 50 in-

1236 380 119 58 tante
1315 380 171 58 passione:
1447 380 105 58 stat
1513 380 105 58 quod
1578 380 132 58 postea
1671 380 171 58 confessus
1802 380 105 58 sit.
1868 380 92 58 nam
1908 380 92 58 locus

1218 429 67 58 a
1244 429 93 58 non
1298 429 147 58 legitur
1405 429 67 58 /
1431 429 160 58 negatiue
1551 429 93 58 non
1605 429 134 58 valet.
1698 429 147 58 Secundo
1805 429 160 58 Christus
1912 429 80 58 quoi

1225 472 175 49 praesens
1356 472 131 49 erat,
1444 472 116 49 post
1517 472 189 49 passionem
1662 472 160 49 remisit
1779 472 87 49 ei
1822 472 131 49 omnem
1895 472 102 49 culpa

1226 519 184 55 mortalem.
1368 519 114 55 Eius
1439 519 142 55 namque
1538 519 142 55 virtus
1637 519 99 55 non
1694 519 99 55 est
1751 519 213 55 sacramentis
1907 519 85 55 alli

1221 561 131 58 gata.
1309 561 146 58 Tertio
1411 561 117 58 dico
1484 561 131 58 magis
1571 561 87 58 ad
1615 561 204 58 propositum
1775 561 117 58 quod
1834 561 160 58 confessio

1231 607 141 58 nondum
1330 607 113 58 erat
1400 607 226 58 praeceptorie
1584 607 198 58 instituta,
1740 607 99 58 sed
1796 607 113 58 post
1853 607 141 58 resurre-

1228 647 179 58 ctionem.
1362 647 75 58 &
1392 647 119 58 nemo
1467 647 194 58 tenebatur
1616 647 194 58 confiteri
1765 647 89 58 de
1809 647 179 58 peccatis
1928 647 75 58 an-

1229 693 86 46 te
1272 693 200 46 commissis.
1428 693 185 46 Praecepta
1571 693 114 46 enim
1642 693 171 46 positiua
1771 693 200 46 respiciunt
1913 693 86 46 futu

1230 741 88 55 ta:
1281 741 75 55 vt
1318 741 138 55 dicitur
1418 741 75 55 de
1456 741 150 55 costitu.
1568 741 75 55 c.
1606 741 88 55 ii.
1656 741 75 55 &.
1693 741 75 55 c.
1731 741 138 55 vltimo.
1831 741 63 55 â‹
1856 741 100 55 Ecce
1906 741 75 55 quod

1216 785 198 54 confessio
1368 785 229 54 auricularis
1551 785 107 54 est
1613 785 92 54 ex
1658 785 244 54 institutione
1841 785 153 54 Christi.

1227 832 178 53 vocatur
1356 832 145 53 autem
1453 832 242 53 auricularis
1647 832 129 53 quia
1727 832 113 53 fit
1792 832 97 53 in
1841 832 178 53 secreto
1954 832 48 53 &

1230 872 80 41 n
1262 872 144 41 aure.
1358 872 80 41 &
1390 872 144 41 licet
1485 872 128 41 aqua
1565 872 160 41 mediet
1677 872 80 41 /
1709 872 176 41 dummodo
1836 872 144 41 illis
1916 872 80 41 so-

1219 914 94 61 lis
1272 914 160 61 constet,
1392 914 94 61 est
1446 914 214 61 auricularis.
1620 914 94 61 est
1673 914 201 61 sacramentum
1834 914 134 61 saluti
1927 914 94 61 ho-

1214 966 146 51 minum
1311 966 244 51 necessarium
1506 966 146 51 omnes
1604 966 179 51 adultos
1734 966 179 51 vtentes
1848 966 146 51 ratione

1219 1010 176 55 obligans
1351 1010 161 55 quantum
1468 1010 102 55 est
1527 1010 88 55 ex
1571 1010 132 55 parte
1658 1010 146 55 eorum:
1761 1010 102 55 ita
1819 1010 88 55 vt
1863 1010 102 55 non
1907 1010 88 55 stet

1216 1052 102 52 per
1275 1052 131 52 illos
1362 1052 117 52 quin
1435 1052 248 52 confiteantur:
1639 1052 117 52 nisi
1712 1052 204 52 impotentia
1858 1052 146 52 simplici

1215 1096 110 60 ter
1278 1096 110 60 eos
1341 1096 188 60 excuset:
1481 1096 110 60 vel
1544 1096 172 60 aliquid
1669 1096 125 60 quod
1748 1096 188 60 secretum
1873 1096 125 60 istius

1220 1132 130 61 fori
1285 1132 178 61 impediat.

1252 1224 115 90 â‹
1298 1224 390 90 Distinctionis
1597 1224 390 90 Decimaeseptimae

1366 1288 275 92 Quaestio
1550 1288 229 92 Secunda.

1504 1370 282 82 iEcundo
1709 1370 231 82 circa
1837 1370 154 82 hanc

1539 1437 236 65 distinctionem
1733 1437 194 65 quaeritur.
1886 1437 83 65 An
1914 1437 83 65 qui-

1536 1484 140 60 libet
1629 1484 171 60 adultus
1753 1484 186 60 teneatur
1877 1484 109 60 semel

1532 1528 96 60 in
1580 1528 129 60 anno
1661 1528 209 60 confiteri
1821 1528 145 60 omnia
1902 1528 80 60 sua

1541 1572 181 62 peccata
1672 1572 115 62 sub
1738 1572 148 62 poena
1820 1572 164 62 peccati.

1520 1628 194 50 Paruuli
1662 1628 141 50 enim
1750 1628 124 50 non
1803 1628 177 50 habentes

1521 1665 264 56 discretionem
1735 1665 115 56 non
1784 1665 198 56 obligantur

1230 1715 112 48 lus
1294 1715 112 48 qui
1358 1715 161 48 bruta.
1471 1715 209 48 Propterea
1632 1715 96 48 de
1680 1715 177 48 adultis
1792 1715 193 48 quaerimus.

1215 1753 77 46 â‹
1245 1753 231 46 Respondetur
1430 1753 231 46 affirmatiue
1615 1753 92 46 ad
1661 1753 169 46 titulum
1769 1753 216 46 quaestionis.

1210 1797 169 56 Probatur
1337 1797 113 56 per.
1407 1797 85 56 c.
1449 1797 141 56 Omnis.
1548 1797 85 56 de
1590 1797 141 56 poeni.
1689 1797 70 56 &
1717 1797 141 56 remis.
1816 1797 99 56 vbi
1872 1797 99 56 sic
1915 1797 70 56 di-

1209 1839 147 53 citur.
1312 1839 103 53 Ois
1371 1839 192 53 vtriusque
1519 1839 133 53 sexus
1607 1839 162 53 fidelis
1725 1839 177 53 postquam
1857 1839 88 53 ad
1887 1839 103 53 annos

1216 1886 221 53 discretionis
1396 1886 207 53 peruenerit:
1562 1886 124 53 omnia
1645 1886 97 53 sua
1700 1886 124 53 solus
1783 1886 152 53 peccata
1879 1886 111 53 saltem

1206 1931 140 46 semel
1300 1931 93 46 in
1346 1931 124 46 anno
1424 1931 202 46 fideliter
1580 1931 233 46 confiteatur
1766 1931 171 46 proprio
1875 1931 109 46 sacer

1209 1973 131 53 doti:
1297 1973 73 53 &
1326 1973 189 53 iniunctam
1471 1973 116 53 sibi
1544 1973 233 53 poenitentiam
1734 1973 175 53 propriis
1850 1973 131 53 viribus

1204 2018 170 50 studeat
1327 2018 216 50 adimplere:
1497 2018 216 50 suscipiens
1667 2018 216 50 reuerenter
1837 2018 93 50 ad
1868 2018 108 50 minus

1214 2064 93 48 in
1261 2064 155 48 pascha
1370 2064 248 48 Eucharistiae
1572 2064 248 48 sacramentum:
1774 2064 124 48 nisi
1851 2064 140 48 forte
1929 2064 62 48 de

1212 2112 163 52 proprii
1331 2112 207 52 sacerdotis
1493 2112 178 52 consilio
1627 2112 89 52 ob
1671 2112 163 52 aliquam
1775 2112 207 52 rationabilem

1201 2146 173 63 causam
1322 2146 104 63 ad
1373 2146 173 63 tempus
1494 2146 104 63 ab
1546 2146 224 63 huiusmodi
1718 2146 259 63 perceptione
1908 2146 69 63 du

1207 2198 133 46 xerit
1296 2198 236 46 abstinendum.
1488 2198 177 46 alioquin
1621 2198 74 46 &
1650 2198 148 46 viuens
1754 2198 89 46 ab
1798 2198 177 46 ingressu
1916 2198 59 46 es

1205 2244 156 53 clesiae
1318 2244 184 53 arceatur:
1460 2244 71 53 &
1489 2244 156 53 moriens
1602 2244 241 53 ecclesiastica
1801 2244 142 53 careat
1886 2244 99 53 sepul

1203 2286 131 48 tura.
1291 2286 117 48 Vnde
1364 2286 102 48 hoc
1422 2286 175 48 salutare
1553 2286 175 48 statutum
1684 2286 204 48 frequenter
1845 2286 87 48 in
1874 2286 102 48 eccle

1218 2329 92 55 sia
1271 2329 198 55 publicetur:
1429 2329 79 55 ne
1468 2329 158 55 quisquam
1587 2329 198 55 ignorantiae
1745 2329 171 55 praetextu
1863 2329 119 55 velamen

1206 2380 242 52 excusationis
1402 2380 181 52 assumat.
1538 2380 121 52 Haec
1614 2380 151 52 namque
1720 2380 136 52 poena
1811 2380 106 52 non
1856 2380 136 52 inflige

1206 2425 134 55 retur
1296 2425 90 55 ab
1340 2425 179 55 ecclesia
1475 2425 119 55 nisi
1549 2425 104 55 pro
1609 2425 134 55 graui
1698 2425 179 55 crimine.
1818 2425 164 55 Prosequa-

1208 2462 101 55 mut
1265 2462 144 55 paucis
1366 2462 188 55 praefatum
1511 2462 144 55 caput.
1612 2462 130 55 Primo
1698 2462 144 55 (omnis
1799 2462 188 55 vtriusque
1929 2462 58 55 se

1197 2509 118 48 xus)
1271 2509 104 48 hoc
1330 2509 118 48 est:
1405 2509 178 48 quilibet
1538 2509 89 48 de
1582 2509 193 48 quocumque
1730 2509 118 48 sexu
1804 2509 148 48 fuerit
1893 2509 89 48 sfi-

1200 2549 146 55 delis)
1303 2549 102 55 hoc
1361 2549 102 55 est
1419 2549 219 55 baptizatus,
1594 2549 117 55 siue
1667 2549 219 55 haereticus,
1842 2549 117 55 siue
1900 2549 88 55 schi

1202 2600 172 44 smaticus
1331 2600 158 44 fuerit:
1445 2600 100 44 est
1502 2600 115 44 huic
1574 2600 186 44 praecepto
1717 2600 200 44 subiectus.
1860 2600 115 44 Fortas

1208 2641 77 48 se
1247 2641 102 48 ille
1310 2641 89 48 qui
1362 2641 128 48 vellet
1451 2641 166 48 baptizari
1579 2641 89 48 aut
1630 2641 102 48 esse
1694 2641 192 48 baptizatus,
1847 2641 64 48 &
1873 2641 89 48 non
1911 2641 77 48 est:

1205 2690 86 57 ad
1248 2690 100 57 hoc
1305 2690 200 57 praeceptum
1462 2690 100 57 non
1519 2690 172 57 tenetur:
1648 2690 114 57 quia
1720 2690 129 57 nihil
1806 2690 86 57 ad
1849 2690 100 57 nos
1906 2690 86 57 de
1934 2690 72 57 his
