2322 3322
244 344 137 80 figit.
340 344 69 80 ⁋
368 344 124 80 Quito
450 344 179 80 arguitur.
588 344 137 80 habeat
684 344 137 80 sortes
780 344 220 80 conscientiam
945 344 82 80 erro

257 401 106 59 tieam
328 401 94 59 quod
387 401 82 59 sit
434 401 71 59 in
469 401 129 59 peccato
563 401 141 59 mortali:
669 401 59 59 &
693 401 106 59 tamen
763 401 106 59 illud
834 401 141 59 peccatum
940 401 82 59 sit
975 401 59 59 ve-

263 447 106 57 niale
334 447 82 57 vel
381 447 82 57 non
427 447 152 57 peccatum:
545 447 82 57 iam
592 447 117 57 sortes
674 447 129 57 tenetur
767 447 94 57 illd
826 447 164 57 confiteri.
943 447 94 57 igitur

260 494 64 56 ⁋
286 494 180 56 Respondeo.
427 494 103 56 illd
491 494 180 56 argumentum
633 494 90 56 est
684 494 141 56 facile,
787 494 103 56 nego
851 494 103 56 quod
903 494 128 56 teneatur

258 535 124 60 illud
341 535 178 60 confiteri
478 535 178 60 absolute.
615 535 165 60 sufficit
739 535 110 60 enim
807 535 165 60 deponere
917 535 110 60 consci

252 581 149 54 entiam.
361 581 95 54 nam
415 581 82 54 ad
456 581 149 54 alterum
565 581 163 54 tenetur.
687 581 68 54 ⁋
714 581 122 54 Sexto
796 581 177 54 arguitur.
918 581 109 54 voueat

253 621 126 64 sortes,
344 621 69 64 si
378 621 172 64 deliquaerit
516 621 160 64 mortaliter
642 621 57 64 /
665 621 92 64 ante
722 621 92 64 diem
779 621 149 64 dominicum
894 621 69 64 se
917 621 114 64 confessu

257 670 98 54 rum
313 670 154 54 platoni
425 670 196 54 sacerdoti.
579 670 140 54 faciat
678 670 140 54 sortes
776 670 112 54 vnum
846 670 140 54 furtum
930 670 98 54 solum

254 714 148 56 mortale
361 714 121 56 inter
442 714 148 56 peccata
550 714 175 56 positiua:
685 714 67 56 &
712 714 94 56 non
766 714 202 56 confiteatur
914 714 121 56 platoni

259 756 121 59 tamen
339 756 107 59 diem
406 756 188 59 dominicum.
553 756 94 59 hoc
607 756 107 59 casu
674 756 174 59 supposito
808 756 94 59 sic
848 756 174 59 argumentor.

256 804 131 58 aliqua
348 804 105 58 sunt
413 804 144 58 peccata
518 804 157 58 mortalia
635 804 65 58 a
662 804 118 58 sorte
740 804 157 58 commissa
858 804 105 58 quae
923 804 92 58 non
963 804 65 58 te-

251 847 113 53 netur
327 847 176 53 confiteri:
465 847 100 53 ergo
527 847 100 53 male
590 847 125 53 dictum
678 847 100 53 est.
741 847 201 53 consequentia
904 847 88 53 est
941 847 88 53 nota-

260 888 150 57 Probatur
373 888 188 57 antecedens.
523 888 125 57 sortes
611 888 150 57 infinita
724 888 150 57 mortalia
837 888 150 57 commisit
949 888 75 57 in
974 888 63 57 ca-

257 935 88 55 su,
308 935 100 55 quod
370 935 125 55 patet:
458 935 100 55 quia
520 935 163 55 tenebatur
646 935 163 55 confiteri
771 935 75 55 a.
808 935 138 55 mortale
908 935 100 55 ante
958 935 63 55 dif

250 978 185 62 dominicum:
395 978 66 62 &
421 978 92 62 hoc
474 978 92 62 non
527 978 132 62 fecit:
620 978 106 62 ergo
686 978 185 62 mortaliter
831 978 145 62 omisit.
937 978 66 62 &
950 978 79 62 illa

254 1024 164 56 omissio
373 1024 238 56 distinguitur
567 1024 74 56 a
596 1024 149 56 furto.
701 1024 164 56 dicatur
820 1024 119 56 illa
894 1024 164 56 omissio
998 1024 45 56 b

260 1068 94 57 tunc
319 1068 94 57 sic.
378 1068 118 57 sortes
460 1068 153 57 tenebatur
578 1068 82 57 tam
625 1068 71 57 a.
660 1068 94 57 quam
719 1068 71 57 b.
754 1068 153 57 confiteri
872 1068 129 57 platoni
954 1068 71 57 ante

265 1115 108 50 diem
333 1115 190 50 dominicum:
482 1115 68 50 &
509 1115 95 50 hoc
563 1115 95 50 non
617 1115 135 50 fecit:
712 1115 108 50 ergo
780 1115 135 50 omisit
875 1115 108 50 alia
929 1115 108 50 omissi

263 1155 78 59 one
307 1155 134 59 scilicet
408 1155 67 59 c.
441 1155 56 59 &
463 1155 78 59 sic
508 1155 89 59 sine
563 1155 100 59 statu
630 1155 167 59 concludetur
764 1155 89 59 quod
819 1155 145 59 infinitis
920 1155 111 59 peccatis

249 1205 96 53 non
304 1205 260 53 communicantibus
523 1205 178 53 peccauit:
660 1205 96 53 nec
715 1205 151 53 tenetur
825 1205 110 53 illa
879 1205 151 53 confiteri

252 1245 112 57 ergo
322 1245 182 57 intentum.
463 1245 70 57 ⁋
491 1245 211 57 Respondetur
659 1245 197 57 admittendo
813 1245 140 57 casum:
912 1245 70 57 &
926 1245 98 57 negam

261 1295 78 54 do
300 1295 182 54 antecedens
443 1295 182 54 argumenti.
587 1295 65 54 &
613 1295 78 54 ad
652 1295 196 54 probationem
808 1295 104 54 nego
874 1295 104 54 quod
926 1295 104 54 sortes

262 1332 152 61 commisit
377 1332 152 61 infinita
491 1332 152 61 mortalia
605 1332 102 61 ante
669 1332 102 61 diem
732 1332 165 61 dominicu:
859 1332 89 61 sed
910 1332 89 61 est
948 1332 89 61 dunta

258 1379 107 54 xat
319 1379 107 54 vna
380 1379 168 54 omissio
502 1379 183 54 mortalis
639 1379 183 54 scilicet
777 1379 92 54 b.
822 1379 183 54 reliquae
944 1379 92 54 enim

261 1423 211 56 imaginatae
426 1423 211 56 omissiones
592 1423 150 56 habent
697 1423 196 56 naturalem
832 1423 196 56 connexionem

251 1466 84 66 ad
293 1466 84 66 b.
335 1466 70 66 &
362 1466 97 66 per
418 1466 195 66 consequens
571 1466 97 66 non
627 1466 139 66 ponunt
725 1466 84 66 in
766 1466 153 66 numerum
864 1466 167 66 peccatorum

254 1510 93 55 nec
307 1510 159 55 malitiam
426 1510 185 55 distinctam
572 1510 132 55 habent
664 1510 66 55 a
691 1510 79 55 b.
730 1510 66 55 &
757 1510 93 55 hoc
810 1510 132 55 quando
903 1510 119 55 actus
969 1510 66 55 na-

256 1555 184 56 turaliter
398 1555 184 56 inuolutus
539 1555 85 56 in
582 1555 113 56 alio
653 1555 99 56 non
709 1555 128 56 habet
794 1555 170 56 malitiam
908 1555 128 56 secluso

264 1612 118 50 actu
338 1612 88 50 in
382 1612 103 50 quo
441 1612 176 50 naturali
573 1612 206 50 comnexione
734 1612 220 50 implicatur.
896 1612 147 50 Propter-

247 1643 99 54 ea
296 1643 148 54 actus
395 1643 198 54 exterior
543 1643 115 54 non
609 1643 148 54 habet
708 1643 198 54 malitiam
856 1643 99 54 ab
889 1643 148 54 anterio

268 1697 86 48 ri
311 1697 115 48 actu
383 1697 216 48 distinctam:
556 1697 115 48 quia
628 1697 216 48 naturaliter
801 1697 86 48 ab
844 1697 187 48 interiore
974 1697 72 48 im-

254 1732 189 67 peratur:
396 1732 79 67 &
428 1732 95 67 eo
475 1732 174 67 secluso
601 1732 110 67 non
664 1732 142 67 habet
759 1732 205 67 malitiam:
917 1732 110 67 nec
964 1732 79 67 con

254 1782 189 49 tinuatio
396 1782 141 49 actus
490 1782 204 49 naturalis
647 1782 126 49 post
726 1782 173 49 liberam
836 1782 204 49 elicitionem

264 1822 130 61 Dixi
345 1822 179 61 (quando
475 1822 146 61 actus
573 1822 244 61 naturaliter
768 1822 98 61 in
817 1822 130 61 alio
882 1822 146 61 inuolut

260 1873 119 52 non
328 1873 153 52 habet
430 1873 203 52 malitiam
582 1873 153 52 vllam
684 1873 203 52 separato
837 1873 136 52 actu
921 1873 102 52 in
955 1873 85 52 quo

268 1908 219 58 naturaliter
444 1908 234 58 connectitur)
634 1908 117 58 quia
707 1908 88 58 si
751 1908 117 58 sic:
824 1908 175 58 malitiam
941 1908 102 58 habet

261 1960 200 52 separatam.
418 1960 86 52 vt
461 1960 86 52 si
503 1960 143 52 sortem
603 1960 114 52 odio
675 1960 186 52 prosequar
818 1960 100 52 pro
875 1960 157 52 tempore
975 1960 71 52 quo

268 1999 132 55 teneor
360 1999 92 55 eum
413 1999 171 55 diligere:
544 1999 79 55 ad
584 1999 105 55 eius
650 1999 119 55 odium
729 1999 158 55 sequitur
847 1999 158 55 naturali
953 1999 92 55 sequa

256 2043 84 56 la
298 2043 112 56 quod
368 2043 140 56 sortem
466 2043 98 56 non
522 2043 112 56 amo.
592 2043 70 56 &
620 2043 154 56 omissio
732 2043 140 56 illius
830 2043 140 56 amoris
914 2043 126 56 fuisset

271 2093 119 52 mihi
346 2093 224 52 imputabilis
524 2093 164 52 secluso
644 2093 119 52 illo
718 2093 134 52 odio.
808 2093 194 52 propterea
942 2093 104 52 illic

267 2133 119 53 sunt
341 2133 119 53 duae
416 2133 149 53 culpae
520 2133 208 53 distinctae
683 2133 149 53 tantae
787 2133 208 53 grauitatis
951 2133 89 53 ac
981 2133 59 53 si

266 2171 169 60 fuisset
389 2171 169 60 omissio
512 2171 154 60 amoris
620 2171 123 60 alio
697 2171 185 60 tenipore
836 2171 123 60 sine
913 2171 139 60 odio:
990 2171 46 60 &

263 2220 156 59 odium
367 2220 121 59 pro
436 2220 191 59 tempore
575 2220 121 59 quo
644 2220 121 59 non
714 2220 173 59 teneor
835 2220 173 59 sortem
939 2220 104 59 dili

277 2267 137 64 gere.
368 2267 76 64 ⁋
398 2267 213 64 Epilogando
566 2267 137 64 patet
657 2267 122 64 quod
733 2267 91 64 si
779 2267 122 64 homo
855 2267 152 64 faciat
946 2267 91 64 inda

259 2310 142 63 ginem
354 2310 95 63 de
401 2310 189 63 peccatis
543 2310 126 63 suis
622 2310 268 63 sufficientem:
843 2310 142 63 licet
922 2310 126 63 aliqua

271 2353 105 58 non
331 2353 209 58 occurrant:
495 2353 239 58 sufficienter
689 2353 224 58 confitetur.
869 2353 105 58 sed
928 2353 105 58 non
973 2353 75 58 est

265 2399 158 55 facile
376 2399 189 55 interdum
517 2399 205 55 discemere
675 2399 95 55 an
722 2399 173 55 fecerit
832 2399 221 55 sufficientem

258 2443 141 56 sicut
352 2443 94 56 de
399 2443 219 56 probatione
571 2443 203 56 suiipsius
727 2443 187 56 superius
867 2443 156 56 dictum
961 2443 78 56 est

273 2488 244 58 distinctione
471 2488 122 58 nona
548 2488 153 58 huius.
655 2488 107 58 Sed
716 2488 92 58 si
762 2488 138 58 fecit
853 2488 138 58 valde
930 2488 122 58 magnam

267 2532 271 56 inquisitionem:
493 2532 150 56 potest
598 2532 211 56 categorice
763 2532 196 56 assentiri
914 2532 90 56 se
944 2532 105 56 fecis

261 2575 92 57 se
307 2575 259 57 sufficientem.
520 2575 76 57 &
551 2575 153 57 quando
658 2575 137 57 fecit
749 2575 168 57 iudicio
871 2575 107 57 suo
917 2575 122 57 suffi-

264 2618 189 59 cientem,
406 2618 110 59 non
469 2618 158 59 formet
580 2618 126 59 sibi
659 2618 205 59 scrupulos
816 2618 95 59 in
848 2618 189 59 contrarium

264 2662 140 66 ltem
351 2662 227 66 aliquorum
526 2662 245 66 peccatorum
718 2662 262 66 partitionem
911 2662 122 66 dixim

272 2718 236 68 rationabilem.
466 2718 125 68 secus
550 2718 97 68 est
605 2718 139 68 quando
702 2718 97 68 fit
758 2718 83 68 ob
799 2718 194 68 hypocrisim
952 2718 97 68 vel
994 2718 55 68 ve

228 2763 263 74 recundiam.

1135 360 117 91 ⁋
1181 360 398 91 Distinctionis
1485 360 398 91 Decimaeseptimae

1286 447 298 89 Quaestio
1485 447 223 89 Quarta.

1394 528 230 69 Varto
1547 528 230 69 circa
1674 528 204 69 eandem

1391 588 164 65 materiam
1514 588 150 65 quaero.
1624 588 82 65 an
1665 588 191 65 peccatorum
1802 588 68 65 cir

1371 637 244 68 cunstantiae
1566 637 130 68 sint
1647 637 97 68 de
1679 637 195 68 necessita-

1376 679 131 76 qute
1457 679 180 76 salutis
1588 679 262 76 confitendae.
1785 679 98 76 Sup-

1388 727 172 50 xvponatur
1520 727 79 50 ex
1559 727 132 50 Tertii
1652 727 185 50 Ethicorum.
1784 727 92 50 secun

1400 776 121 54 ildo
1475 776 121 54 cap.
1551 776 121 54 quod
1626 776 226 54 multiplices
1792 776 90 54 sunt

1359 783 100 87 Erae
1422 783 100 87 quae
1485 783 238 87 circumstantiae:
1685 783 88 87 sed
1735 783 100 87 quae
1785 783 100 87 nostro

1401 859 210 54 proposito
1563 859 243 54 sufficiunt:
1757 859 113 54 hoc
1805 859 81 54 cat

1101 907 128 50 mine
1181 907 255 50 continentur.
1388 907 143 50 Quis,
1484 907 143 50 quid,
1579 907 128 50 vbi,
1659 907 112 50 per
1723 907 143 50 quos,
1802 907 80 50 quo

1096 954 155 50 tiens,
1204 954 124 50 cur,
1282 954 186 50 quomodo,
1421 954 171 50 quando.
1545 954 124 50 Quis
1623 954 155 50 causam
1716 954 171 50 efficien-

1102 991 96 54 tem
1157 991 165 54 denotat:
1281 991 83 54 an
1323 991 165 54 scilicet
1447 991 207 54 religiosus,
1612 991 179 54 sacerdos,
1750 991 96 54 vel
1791 991 83 54 lai-

1102 1035 118 57 cus.
1176 1035 118 57 Quid
1250 1035 148 57 causam
1354 1035 222 57 materialem.
1531 1035 103 57 hoc
1590 1035 103 57 est
1649 1035 192 57 obiectum.
1782 1035 89 57 Ali-

1090 1081 101 68 qui
1147 1081 87 68 se
1191 1081 173 68 fatigant
1320 1081 202 68 inquirendo
1479 1081 87 68 an
1522 1081 159 68 peccata
1638 1081 115 68 sint
1710 1081 159 68 materia
1811 1081 72 68 poe

1101 1136 223 51 nitentiae:
1277 1136 96 51 an
1324 1136 207 51 peccator.
1484 1136 128 51 dico
1564 1136 207 51 vtrunque.
1723 1136 112 51 nam
1771 1136 112 51 sermo

1104 1169 107 62 est
1165 1169 92 62 de
1211 1169 168 62 materia
1333 1169 214 62 circaquam:
1501 1169 76 62 &
1532 1169 107 62 non
1593 1169 92 62 ex
1639 1169 107 62 qua
1700 1169 107 62 vel
1761 1169 92 62 in
1792 1169 76 62 qua

1094 1226 132 45 modo
1176 1226 148 45 circa
1275 1226 198 45 vtrunque
1423 1226 181 45 istorum
1555 1226 198 45 versatur
1687 1226 181 45 poeniten-

1093 1256 139 58 tia.
1180 1256 174 58 Quibus
1302 1256 227 58 auxiliis,
1476 1256 174 58 causam
1598 1256 209 58 formalem
1738 1256 139 58 impor-

1110 1298 107 60 tat.
1177 1298 94 60 Vbi
1230 1298 94 60 est
1284 1298 228 60 circumstantia
1472 1298 121 60 loci:
1552 1298 80 60 vt
1592 1298 80 60 si
1633 1298 80 60 in
1673 1298 107 60 loco
1740 1298 121 60 sacro
1807 1298 67 60 vel

1102 1344 207 64 prophano
1257 1344 207 64 peccatum
1412 1344 224 64 commissum
1584 1344 190 64 fuerit.
1722 1344 121 64 Per
1774 1344 103 64 quos

1094 1389 111 62 hoc
1158 1389 111 62 est
1221 1389 111 62 per
1284 1389 127 62 quam
1363 1389 285 62 instigationem.
1601 1389 206 62 Quotiens.
1759 1389 111 62 hoc
1807 1389 79 62 est

1102 1432 103 64 de
1153 1432 172 64 numero
1273 1432 257 64 peccatorum.
1479 1432 137 64 Cur,
1565 1432 172 64 causam
1685 1432 206 64 finalem.
1822 1432 69 64 vt

1091 1481 103 57 an
1142 1481 172 57 sortes
1263 1481 155 57 dedit
1366 1481 189 57 aliquid
1504 1481 103 57 ob
1556 1481 155 57 malum
1659 1481 172 57 finem.
1762 1481 121 57 Quomo

1104 1533 111 48 do.
1167 1533 111 48 hoc
1231 1533 111 48 est
1294 1533 95 48 de
1341 1533 126 48 modo
1420 1533 237 48 perpetrandi
1610 1533 205 48 sceleris:
1768 1533 95 48 vt
1799 1533 95 48 pro-

1103 1568 183 59 ditorie
1237 1568 183 59 hominem
1370 1568 216 59 occidendo
1536 1568 83 59 a
1570 1568 167 59 tergo:
1686 1568 117 59 vel
1753 1568 167 59 redden

1099 1610 113 59 do
1156 1610 131 59 eum
1231 1610 244 59 certiorem
1418 1610 113 59 vt
1475 1610 113 59 se
1531 1610 244 59 protegat.
1700 1610 188 59 Secundum

1097 1657 132 60 enim
1180 1657 116 60 est
1246 1657 149 60 multo
1346 1657 149 60 minus
1445 1657 199 60 peccatum
1594 1657 132 60 quam
1677 1657 182 60 primum:
1793 1657 99 60 quia

1099 1694 167 70 inuaso
1216 1694 150 70 datur
1316 1694 150 70 locus
1416 1694 267 70 defensionis,
1633 1694 83 70 &
1666 1694 117 70 est
1716 1694 167 70 auimosi-

1104 1743 141 64 tas.
1192 1743 176 64 Primum
1316 1743 159 64 autem
1421 1743 123 64 est
1492 1743 229 64 vulpinum:
1668 1743 88 64 &
1686 1743 211 64 animosita-

1103 1791 114 57 tis
1168 1791 147 57 nihil
1266 1791 163 57 habet.
1380 1791 180 57 Quando,
1511 1791 114 57 hoc
1576 1791 114 57 est
1641 1791 98 57 de
1690 1791 196 57 tempore.
1821 1791 65 57 Ad

1106 1835 111 57 hoc
1170 1835 143 57 autem
1265 1835 95 57 vt
1313 1835 143 57 actus
1408 1835 111 57 qui
1472 1835 111 57 est
1535 1835 238 57 poenitentia
1726 1835 111 57 sit
1774 1835 111 57 bonui

1099 1881 111 62 hoc
1163 1881 111 62 est
1226 1881 127 62 vera
1306 1881 255 62 poenitentia:
1513 1881 175 62 oportet
1640 1881 143 62 omnia
1736 1881 127 62 ista
1799 1881 96 62 con-

1098 1925 201 60 currere.
1249 1925 117 60 nam
1316 1925 151 60 bonum
1417 1925 117 60 est
1484 1925 101 60 ex
1534 1925 184 60 integra
1668 1925 168 60 causat
1769 1925 117 60 secun

1100 1970 127 61 dum
1173 1970 236 61 Dionysium
1354 1970 182 61 quarto
1482 1970 109 61 de
1536 1970 200 61 diuinis
1664 1970 218 61 nominibus.

1092 2010 92 68 &
1128 2010 166 68 primo
1239 2010 258 68 Ethicorum.
1442 2010 129 68 vno
1516 2010 148 68 modo
1608 2010 148 68 quis
1700 2010 129 68 est
1756 2010 129 68 bonus

1106 2056 215 58 multisque
1272 2056 149 58 modis
1371 2056 215 58 nefandus.
1536 2056 83 58 &
1569 2056 116 58 non
1635 2056 149 58 facio
1734 2056 116 58 vim
1784 2056 99 58 siue

1102 2101 265 80 circumstantia
1321 2101 140 80 cadat
1414 2101 93 80 in
1461 2101 171 80 ratione
1585 2101 187 80 obiecti:
1726 2101 125 80 siue
1788 2101 109 80 actum

1093 2155 190 73 circumstet.

1112 2220 88 92 ⁋
1148 2220 142 92 lsto
1236 2220 230 92 praemisso
1413 2220 142 92 dico
1502 2220 142 92 quod
1590 2220 265 92 multiplices
1785 2220 106 92 sunt

1115 2286 225 75 circumstantiae
1303 2286 75 75 in
1341 2286 163 75 peccatis,
1466 2286 138 75 quaedam
1566 2286 113 75 actum
1641 2286 200 75 attenuantes:
1804 2286 75 75 vt
1829 2286 50 75 fu

1106 2334 123 70 rari
1182 2334 92 70 vt
1228 2334 169 70 pauperi
1351 2334 245 70 succurratur.
1551 2334 138 70 licet
1643 2334 199 70 Dionysius
1781 2334 107 70 mona-

1111 2375 115 63 chus
1183 2375 130 63 dicat
1269 2375 101 63 non
1327 2375 130 63 minus
1413 2375 115 63 esse
1485 2375 187 63 peccatum.
1629 2375 101 63 cui
1686 2375 130 63 fidem
1773 2375 101 63 non
1830 2375 86 63 ad

1106 2423 148 67 hibeo.
1210 2423 133 67 tales
1299 2423 133 67 etiam
1388 2423 118 67 sunt
1462 2423 222 67 confitendae
1639 2423 89 67 vt
1684 2423 178 67 superius
1802 2423 89 67 dixi

1106 2471 106 57 mus
1166 2471 212 57 quaestione
1333 2471 167 57 secunda
1454 2471 136 57 huius
1545 2471 273 57 distinctionis.
1772 2471 106 57 tum
1817 2471 61 57 ne

1108 2513 267 65 scandalizetur
1328 2513 189 65 sacerdos
1470 2513 94 65 de
1517 2513 157 65 putato
1627 2513 142 65 bono.
1722 2513 110 65 tum
1785 2513 94 65 vt
1816 2513 63 65 co

1106 2566 169 65 gnoscat
1229 2566 154 65 vultum
1337 2566 169 65 pecoris
1460 2566 123 65 sui,
1537 2566 77 65 &
1568 2566 247 65 poenitentiam
1753 2566 123 65 saluta

1103 2604 94 65 rem
1156 2604 161 65 iniungat
1277 2604 161 65 secundum
1398 2604 188 65 exigentiam
1545 2604 148 65 culpae.
1653 2604 67 65 ⁋
1680 2604 121 65 Aliae
1760 2604 107 65 sunt
1814 2604 67 65 cir

1117 2645 172 72 cumstantiae
1254 2645 138 72 peccatum
1357 2645 183 72 aggrauantes:
1506 2645 92 72 quae
1564 2645 103 72 ipsum
1632 2645 69 72 in
1667 2645 103 72 aliam
1735 2645 126 72 specien
1816 2645 57 72 pec

1111 2685 108 71 cati
1178 2685 148 71 mutant:
1286 2685 108 71 siue
1353 2685 81 71 in
1393 2685 148 71 specien
1501 2685 216 71 entitatiuam:
1676 2685 108 71 siue
1744 2685 81 71 in
1771 2685 121 71 specien

1100 2738 194 78 malitiae.
1249 2738 104 78 sed
1309 2738 104 78 dae
1368 2738 149 78 secuda
1472 2738 164 78 loquor:
1591 2738 119 78 siue
1666 2738 149 78 priotu
1755 2738 134 78 concut:
