2310 3313
450 230 130 54 beat
531 230 147 54 casus
629 230 212 54 ancipites
792 230 261 54 confitendos,
1004 230 81 54 &
1020 230 212 54 superueniat

450 281 153 62 probus
557 281 76 62 &
587 281 183 62 eruditus
724 281 229 62 religiosus:
908 281 137 62 tunc.
999 281 76 62 n
1030 281 183 62 congruum
1152 281 76 62 est

450 324 87 60 vt
494 324 174 60 subditus
625 324 145 60 possit
726 324 131 60 adire
813 324 116 60 quem
886 324 145 60 velit:
988 324 116 60 quia
1060 324 145 60 melius
1147 324 73 60 est

456 365 159 62 haberem
571 365 101 62 duo
629 365 159 62 refugia
745 365 116 62 quam
817 365 130 62 vnum:
904 365 101 62 sic
962 365 87 62 vt
1005 365 116 62 ille
1077 365 145 62 possit
1164 365 58 62 cu

445 410 108 60 rato
513 410 68 60 /
540 410 95 60 vel
594 410 176 60 religioso
729 410 176 60 confiteri
864 410 68 60 /
891 410 95 60 suo
945 410 135 60 curato
1040 410 162 60 relicto,
1148 410 81 60 quem

461 457 115 51 stat
533 457 115 51 esse
604 457 86 51 ad
648 457 173 51 peccatum
777 457 259 51 sollicitatorem
993 457 101 51 vel
1036 457 187 51 ineruditum.

448 498 150 60 iniquum
557 498 123 60 autem
639 498 123 60 foret
721 498 109 60 quod
789 498 164 60 peccator
912 498 109 60 tali
980 498 205 60 obligaretur
1131 498 96 60 confi

449 543 117 54 teri,
527 543 104 54 quod
591 543 104 54 enim
656 543 181 54 institutum
799 543 91 54 est
850 543 91 54 pro
902 543 181 54 charitate:
1045 543 91 54 non
1097 543 117 54 debet
1161 543 65 54 con

449 587 101 53 tra
506 587 202 53 charitatem
665 587 187 53 militare.
809 587 173 53 secundum
938 587 202 53 Bernardum.
1096 587 130 53 Sexto
1168 587 58 53 in

460 637 127 57 dicta
544 637 155 57 Clemen.
657 637 141 57 Dudum.
756 637 169 57 dicitur.
883 637 183 57 Fratribus
1024 637 141 57 libere
1108 637 127 57 possunt

466 678 159 47 confiteri
588 678 159 47 volentes,
711 678 98 47 quod
772 678 110 47 nihil
845 678 110 47 esset
919 678 73 47 si
956 678 196 47 requireretur
1103 678 122 47 facultas

459 719 165 61 plebani,
583 719 96 61 non
638 719 110 61 enim
707 719 96 61 est
762 719 165 61 libertas
886 719 83 61 in
928 719 110 61 actu
997 719 124 61 cuius
1066 719 165 61 dispositio

460 768 138 56 pendet
557 768 83 56 in
598 768 138 56 alieno
695 768 179 56 arbitrio:
833 768 83 56 vt
874 768 152 56 dicitur
985 768 83 56 in
1026 768 110 56 cap.
1095 768 83 56 De
1123 768 110 56 multa.

458 822 83 43 de
500 822 166 43 praebem.
625 822 125 43 super
708 822 97 43 quo
763 822 125 43 verbo
847 822 69 43 (
874 822 153 43 libere)
985 822 166 43 communes
1096 822 139 43 exposito

446 851 94 51 res
499 851 94 51 ita
553 851 243 51 interpretantur
756 851 108 51 quod
823 851 202 51 confitentes
985 851 148 51 possunt
1093 851 135 51 libere
1174 851 54 51 ve

464 897 146 60 curatum
570 897 93 60 vel
623 897 146 60 fratres
729 897 159 60 legitime
848 897 212 60 praesentatos
1020 897 132 60 adire.
1113 897 79 60 In
1139 897 93 60 super

453 943 108 50 his
514 943 154 50 diebus
622 943 185 50 plerique
760 943 154 50 habent
868 943 215 50 facultatem
1037 943 77 50 a
1068 943 154 50 Romano
1160 943 77 50 po-

461 989 134 45 tifice
554 989 80 45 vt
595 989 147 45 possint
702 989 174 45 confiteri
836 989 134 45 quibus
930 989 174 45 voluerint
1064 989 67 45 /
1091 989 94 45 non
1131 989 107 45 petita

464 1029 205 66 facultate
622 1029 174 66 curati.
748 1029 126 66 ergo
827 1029 142 66 eodem
922 1029 126 66 modo
1001 1029 126 66 dare
1080 1029 158 66 potest
1175 1029 63 66 fa

453 1076 179 72 cultatem
587 1076 179 72 pontifex
721 1076 193 72 sacerdoti
870 1076 134 72 alios
944 1076 164 72 audiendi-

446 1121 125 79 ⁋
496 1121 274 79 Secunda
695 1121 349 79 conclusio.
944 1121 299 79 Parochiani

456 1191 166 60 possunt
577 1191 121 60 sine
652 1191 196 60 facultate
803 1191 166 60 plebani
923 1191 166 60 fratres
1044 1191 181 60 legitime
1165 1191 60 60 ab

455 1235 111 41 epso
524 1235 166 41 admissos
649 1235 138 41 adire:
746 1235 69 41 &
773 1235 97 41 eis
829 1235 194 41 confiteri.
981 1235 166 41 probatur
1092 1235 152 41 conclusio

459 1278 156 50 alioquin
576 1278 130 50 papale
667 1278 195 50 priuilegium
823 1278 208 50 religiosorum
991 1278 117 50 esset
1069 1278 91 50 eis
1108 1278 130 50 inutile,

461 1321 77 52 si
500 1321 141 52 possent
602 1321 90 52 per
654 1321 154 52 plebanos
769 1321 167 52 impediri,
898 1321 64 52 &
923 1321 205 52 requireretur
1090 1321 116 52 eorum
1154 1321 90 52 facul

454 1365 114 53 tas:
525 1365 85 53 vt
568 1365 128 53 habet
653 1365 171 53 expresse
781 1365 114 53 cap.
852 1365 85 53 In
895 1365 114 53 his.
966 1365 85 53 de
1009 1365 228 53 priuilegiis.
1180 1365 71 53 vbi

460 1416 154 53 dicitur
572 1416 112 53 quod
642 1416 154 53 fratres
754 1416 210 53 prdicatores
921 1416 70 53 &
949 1416 154 53 minores
1061 1416 140 53 habent
1145 1416 98 53 priui

458 1456 141 53 legium
557 1456 113 53 quod
627 1456 155 53 possint
740 1456 85 53 in
782 1456 141 53 altari
881 1456 183 53 portatili
1022 1456 183 53 celebrare
1163 1456 113 53 quo-

456 1501 119 64 cuque
535 1501 145 64 locorum
640 1501 171 64 venerint:
772 1501 105 64 quod
838 1501 92 64 cum
890 1501 132 64 quidam
983 1501 145 64 episcoi
1088 1501 158 64 impedire
1193 1501 53 64 vo

462 1543 131 52 lentes
554 1543 157 52 dicerent
671 1543 105 52 quod
737 1543 157 52 poterant
854 1543 118 52 illud
933 1543 144 52 facere:
1038 1543 170 52 facultate
1155 1543 92 52 tamen

465 1588 130 57 prius
551 1588 87 57 ab
595 1588 188 57 episcopis
739 1588 174 57 obtenta:
870 1588 188 57 respondit
1014 1588 217 57 Innocentius
1174 1588 72 57 ter

459 1634 95 53 tius
519 1634 83 53 inr
566 1634 83 53 ca.
614 1634 155 53 praefato.
733 1634 71 53 S.
768 1634 83 53 Cum
816 1634 107 53 autem
887 1634 95 53 eis,
947 1634 95 53 quod
1006 1634 83 53 non
1054 1634 143 53 tenentur
1149 1634 95 53 facul-

457 1676 126 51 tatem
541 1676 211 51 episcoporum
710 1676 197 51 requirere.
865 1676 169 51 alioquin
991 1676 126 51 nihil
1075 1676 98 51 eis
1118 1676 126 51 conduce

460 1728 97 50 ret
515 1728 207 50 indulgentia
681 1728 138 50 papae:
778 1728 97 50 cum
833 1728 152 50 possint
944 1728 97 50 hoc
999 1728 111 50 sine
1068 1728 166 50 licentia
1179 1728 55 50 pa

464 1767 125 54 pae,
542 1767 234 54 annuentibus
729 1767 218 54 episcopis.
900 1767 140 54 Fodem
994 1767 125 54 modo
1072 1767 156 54 omnino
1165 1767 78 54 est

461 1816 86 48 in
504 1816 200 48 proposito:
661 1816 100 48 cum
718 1816 114 48 enim
789 1816 200 48 facultatem
946 1816 71 48 a
975 1816 114 48 papa
1046 1816 86 48 hi
1089 1816 157 48 fratres
1189 1816 57 48 ha

465 1856 133 52 beant
554 1856 177 52 audiendi
686 1856 250 52 confessiones:
892 1856 162 52 nullius
1010 1856 206 52 inferioris
1172 1856 74 52 a
1187 1856 59 52 pa

467 1907 80 50 pa
507 1907 186 50 facultatem
653 1907 173 50 requirere
786 1907 160 50 tenentur
906 1907 93 50 per
959 1907 93 50 hoc
1012 1907 106 50 enim
1078 1907 106 50 quod
1132 1907 106 50 episco

461 1948 78 53 po
500 1948 220 53 praesentantur
681 1948 65 53 a
707 1948 207 53 superioribus
874 1948 103 53 suis
939 1948 245 53 prouincialibus,
1133 1948 116 53 guardia

470 1987 99 57 nis,
532 1987 87 57 vel
581 1987 161 57 prioribus
705 1987 62 57 /
730 1987 111 57 ipsis
804 1987 149 57 epscois:
915 1987 87 57 non
965 1987 136 57 capiunt
1064 1987 173 57 facultatem
1187 1987 50 57 ab

474 2034 90 50 eis
525 2034 77 50 si
564 2034 141 50 reperti
667 2034 141 50 fuerint
769 2034 77 50 ad
808 2034 90 50 hoc
859 2034 141 50 idonei:
962 2034 103 50 quia
1013 2034 231 50 contradicentibus

475 2076 155 56 epsopis
588 2076 155 56 possunt
701 2076 226 56 confessiones
884 2076 155 56 audire.
997 2076 141 56 loquor
1096 2076 85 56 de
1138 2076 113 56 iure
1195 2076 42 56 &

469 2124 97 44 non
525 2124 84 44 de
567 2124 139 44 facto.
664 2124 111 44 Haec
734 2124 181 44 conclusio
873 2124 125 44 etiam
957 2124 167 44 probatur
1068 2124 181 44 auctoritate

474 2166 192 52 Alexandri
622 2166 133 52 papae
710 2166 88 52 in
754 2166 147 52 quadam
858 2166 236 52 extrauaganti
1049 2166 118 52 quae
1108 2166 133 52 incipit

469 2209 166 56 Regnans
589 2209 90 56 in
635 2209 196 56 excelsis.
785 2209 105 56 vbi
845 2209 166 56 reputat
966 2209 105 56 eos
1026 2209 211 56 haereticos
1177 2209 75 56 qui

470 2262 174 47 astruunt
600 2262 72 47 &
629 2262 145 47 tenent
730 2262 203 47 oppositum.
890 2262 145 47 Tertio
991 2262 174 47 arguitur
1122 2262 87 47 ad
1151 2262 101 47 idem.

468 2305 129 51 omnium
558 2305 180 51 connexorum
699 2305 90 51 est
751 2305 103 51 idem
815 2305 167 51 iudicium.
944 2305 77 51 i.
982 2305 77 51 q.
1021 2305 103 51 iii.
1085 2305 77 51 Si
1124 2305 103 51 quis
1175 2305 77 51 obie

471 2341 139 51 cerit.
569 2341 98 51 sed
624 2341 139 51 audire
722 2341 70 51 &
750 2341 139 51 audiri
848 2341 112 51 sunt
917 2341 181 51 connexam.
1057 2341 112 51 ergo
1126 2341 84 51 si
1154 2341 98 51 dicti

464 2385 171 54 fratres
589 2385 93 54 ex
636 2385 156 54 priore
745 2385 234 54 conclusione
932 2385 171 54 possunt
1041 2385 202 54 parochianos

463 2432 122 51 sine
539 2432 198 51 facultate
691 2432 198 51 curatorum
843 2432 167 51 audire:
964 2432 213 51 parochiani
1116 2432 137 51 possunt

469 2481 106 58 eos
530 2481 122 58 sine
606 2481 213 58 plebanorum
773 2481 198 58 facultate
909 2481 122 58 adire.

464 2513 108 80 ⁋
508 2513 215 80 Tertia
658 2513 302 80 conclusio.
895 2513 259 80 securius
1068 2513 172 80 melius

465 2584 75 68 &
495 2584 241 68 expedientius
691 2584 105 68 est
751 2584 150 68 crebro
856 2584 196 68 confiteri
1006 2584 165 68 proprio
1112 2584 135 68 plebano

474 2630 98 81 quam
535 2630 184 81 religiosis,
682 2630 159 81 probatur.
805 2630 86 81 nam
854 2630 147 81 interdum
964 2630 86 81 (vt
1013 2630 159 81 plerumque
1123 2630 123 81 Parisiis

1298 235 171 60 videmus)
1426 235 156 60 curatus
1540 235 100 60 est
1597 235 100 60 tam
1653 235 142 60 probae
1753 235 71 60 &
1781 235 156 60 sanctae
1895 235 128 60 vitae
1981 235 71 60 /
1995 235 71 60 qua

1288 276 205 57 religiosus
1450 276 191 57 factitius
1596 276 73 57 (
1626 276 88 57 vt
1670 276 117 57 more
1743 276 161 57 Anselmi
1860 276 161 57 propter
1963 276 117 57 discri

1292 324 86 62 me
1335 324 171 62 ponendum
1463 324 157 62 loquar)
1577 324 71 62 &
1606 324 100 62 non
1663 324 114 62 modo
1734 324 100 62 ita
1791 324 186 62 eruditus:
1934 324 100 62 sed
1977 324 100 62 erudi

1292 363 107 68 tior
1358 363 174 68 quocumque
1492 363 174 68 religioso
1626 363 200 68 praesentato
1786 363 94 68 vel
1839 363 227 68 praesentabili
2027 363 80 68 in

1306 422 114 46 tota
1377 422 186 46 dioecesi.
1520 422 157 46 stultum
1635 422 129 46 autem
1720 422 129 46 esset
1806 422 86 46 si
1849 422 215 46 parochianus
2006 422 72 46 tam

1304 466 191 49 excellenti
1454 466 109 49 viro
1522 466 150 49 relicto
1631 466 82 49 se
1672 466 109 49 illi
1740 466 123 49 cuius
1822 466 95 49 nec
1877 466 191 49 probitatem
2013 466 68 49 nec

1296 507 136 49 vitam
1387 507 151 49 nouit:
1493 507 197 49 imprudens
1644 507 212 49 obiiceret.
1811 507 106 49 Sed
1871 507 136 49 dicis
1962 507 76 49 &
1977 507 91 49 bene

1302 543 103 57 vbi
1361 543 147 57 essent
1464 543 133 57 tales
1553 543 162 57 curati:
1671 543 206 57 religiosos
1833 543 162 57 puderet
1950 543 118 57 sine
2009 543 74 57 ta-

1296 587 117 50 lium
1370 587 191 50 facultate
1516 587 88 50 se
1560 587 191 50 ingerere:
1707 587 103 50 nec
1766 587 161 50 vellent
1883 587 103 50 vti
1942 587 103 50 suo
1986 587 88 50 pri-

1301 636 163 48 uilegio:
1423 636 122 48 licet
1505 636 149 48 possint
1613 636 81 48 de
1654 636 122 48 facto
1735 636 81 48 in
1775 636 190 48 praesentia
1924 636 135 48 eorum,
2006 636 81 48 quia

1302 680 92 44 non
1354 680 105 44 erat
1420 680 158 44 intentio
1539 680 210 44 legissatoris
1710 680 105 44 quod
1775 680 79 44 in
1815 680 105 44 tali
1881 680 105 44 casu
1933 680 145 44 vterentur

1304 719 121 50 lege,
1384 719 94 50 non
1438 719 108 50 quod
1505 719 94 50 fas
1559 719 94 50 sit
1613 719 121 50 etiam
1694 719 135 50 probis
1788 719 161 50 curatis,
1909 719 161 50 impedite
2017 719 67 50 re-

1293 760 175 57 ligiosos
1425 760 87 57 ne
1468 760 233 57 confessiones
1658 760 175 57 audiant:
1789 760 102 57 sed
1847 760 87 57 ne
1891 760 175 57 violetur
2007 760 73 57 lex

1299 819 160 47 oportet
1416 819 145 47 aliqua
1517 819 218 47 permittere.
1692 819 102 47 nam
1750 819 87 47 si
1793 819 102 47 eis
1852 819 131 47 etiam
1924 819 160 47 episcopis

1315 855 223 55 praesentatos
1496 855 195 55 religiosos
1649 855 167 55 abiicere
1775 855 167 55 liceret:
1900 855 84 55 ab
1942 855 125 55 aliis
2011 855 70 55 ple

1302 899 134 56 banis
1392 899 209 56 ineruditis
1555 899 149 56 passim
1660 899 89 56 id
1704 899 209 56 traheretur
1868 899 89 56 in
1898 899 179 56 consequen-

1300 947 130 54 tiam.
1386 947 101 54 sed
1444 947 115 54 quia
1516 947 130 54 vulgo
1602 947 101 54 non
1660 947 115 54 sunt
1731 947 130 54 tales
1818 947 158 54 curati:
1919 947 158 54 propterea

1306 986 157 51 fratres
1420 986 114 51 toti
1491 986 214 51 multitudini
1662 986 114 51 sunt
1734 986 157 51 vtiles.
1848 986 143 51 Aliter
1933 986 157 51 arguitur.

1311 1041 104 40 vbi
1371 1041 148 40 dubium
1474 1041 104 40 est
1534 1041 89 40 de
1578 1041 208 40 eruditione
1742 1041 163 40 plebani
1860 1041 74 40 &
1890 1041 134 40 vita:
1964 1041 119 40 tutius

1300 1075 100 58 est
1357 1075 129 58 illum
1443 1075 172 58 accedere
1572 1075 115 58 quam
1643 1075 129 58 alium
1729 1075 157 58 ignotum
1844 1075 215 58 religiosum,
2001 1075 86 58 pro-

1305 1118 119 59 pter
1380 1118 149 59 multa.
1484 1118 104 59 nam
1544 1118 134 59 etiam
1633 1118 149 59 dubium
1737 1118 104 59 est
1797 1118 89 59 de
1842 1118 179 59 bonitate
1976 1118 75 59 &
1991 1118 89 59 eru-

1300 1166 157 49 ditione
1414 1166 200 49 religiosi,
1572 1166 115 49 esto
1643 1166 157 49 habitum
1758 1166 172 49 deferat.
1887 1166 115 49 vnde
1958 1166 115 49 enim
2015 1166 72 49 con

1301 1206 114 61 stat
1372 1206 114 61 tibi
1443 1206 85 61 an
1486 1206 100 61 sit
1543 1206 185 61 sacerdos:
1685 1206 71 61 &
1714 1206 85 61 de
1756 1206 256 61 praesentatione
1970 1206 114 61 epso
2027 1206 57 61 fa

1299 1257 98 47 cta
1355 1257 98 47 per
1411 1257 210 47 superiorem:
1579 1257 140 47 Dicis.
1677 1257 126 47 circa
1761 1257 238 47 persentatione
1943 1257 140 47 curatus,

1306 1296 77 54 &
1336 1296 200 54 episcopus
1490 1296 92 54 de
1536 1296 138 54 eorum
1628 1296 200 54 ordinibus
1782 1296 261 54 explorationem
1981 1296 108 54 fecit

1313 1339 91 61 qui
1365 1339 91 61 est
1417 1339 116 61 etiam
1494 1339 168 61 superior.
1623 1339 116 61 detur
1701 1339 91 61 ita
1753 1339 116 61 esse:
1830 1339 103 61 quod
1895 1339 91 61 non
1947 1339 129 61 semper
2024 1339 65 61 est

1309 1388 144 48 verum:
1409 1388 130 48 parua
1496 1388 101 48 fit
1553 1388 130 48 forte
1640 1388 130 48 super
1726 1388 101 48 hoc
1784 1388 202 48 exploratio
1942 1388 101 48 vel
2000 1388 72 48 a
2014 1388 72 48 vi-

1314 1432 153 49 cariis
1421 1432 199 49 duntaxat.
1574 1432 138 49 Adhuc
1666 1432 199 49 arguitur.
1819 1432 169 49 curatus
1942 1432 107 49 qui
1988 1432 107 49 nouit

1315 1473 143 52 modum
1410 1473 174 52 viuendi
1537 1473 159 52 totius
1648 1473 222 52 parochiae:
1822 1473 159 52 melius
1933 1473 159 52 illius
2029 1473 63 52 mo

1315 1519 99 54 res
1371 1519 70 54 &
1399 1519 127 54 vitia
1484 1519 183 54 cognoscit
1625 1519 99 54 qui
1681 1519 141 54 alter:
1779 1519 99 54 cum
1836 1519 225 54 corporaliter
2019 1519 70 54 a
2033 1519 56 54 pa

1311 1560 203 50 rochianis
1468 1560 203 50 pascatur:
1624 1560 78 50 &
1655 1560 125 50 ipsi
1733 1560 125 50 sint
1812 1560 125 50 suus
1890 1560 125 50 grex
1968 1560 78 50 a
1984 1560 109 50 supe-

1304 1617 141 47 riore
1398 1617 220 47 commissus:
1571 1617 157 47 quibus
1681 1617 220 47 sacramenta
1854 1617 141 47 omnia
1948 1617 94 47 in
1995 1617 126 47 qua-

1309 1652 151 61 cunque
1415 1652 226 61 necessitate
1596 1652 211 61 ministrat,
1762 1652 75 61 &
1792 1652 211 61 ministrare
1943 1652 151 61 tenetur.

1311 1695 154 67 melius
1418 1695 154 67 quoque
1526 1695 200 67 syncerius
1680 1695 77 67 &
1711 1695 231 67 sollicitius
1895 1695 123 67 tuam
1957 1695 138 67 salutem

1309 1741 158 52 curabit
1424 1741 101 52 qui
1481 1741 130 52 alius
1568 1741 101 52 qui
1625 1741 115 52 tibi
1697 1741 101 52 hac
1755 1741 115 52 sola
1827 1741 115 52 vice
1884 1741 202 52 poenitentiam

1305 1786 242 55 ministrabit.
1502 1786 136 55 Dicis
1592 1786 151 55 forte.
1698 1786 121 55 sunt
1774 1786 106 55 ita
1835 1786 197 55 verecundi
1971 1786 121 55 aliqui

1320 1825 91 56 vt
1365 1825 166 56 nunquam
1486 1825 106 56 sua
1546 1825 166 56 peccata
1667 1825 151 56 debite
1773 1825 151 56 curato
1879 1825 106 56 vel
1924 1825 166 56 coadiuto-

1314 1869 92 62 ri
1360 1869 123 62 eius
1436 1869 123 62 noto
1513 1869 199 62 panderent
1666 1869 138 62 etiam
1758 1869 92 62 si
1804 1869 169 62 debeant
1926 1869 184 62 damnati.
2049 1869 46 62 &

1312 1917 142 52 aliqui
1411 1917 114 52 sunt
1482 1917 185 52 religiosi
1625 1917 85 52 in
1667 1917 114 52 vrbe
1738 1917 213 52 clarissimae
1909 1917 128 52 famae
1994 1917 71 52 &
2023 1917 100 52 do.

1306 1963 177 54 ctrinae:
1439 1963 133 54 talis
1528 1963 133 54 autem
1616 1963 103 54 non
1675 1963 103 54 est
1735 1963 177 54 curatus.
1867 1963 148 54 Contra
1971 1963 103 54 hoc
2030 1963 89 54 ad

1303 2006 109 45 huc
1366 2006 234 45 argumentor.
1553 2006 125 45 tunc
1631 2006 156 45 tolles
1740 2006 234 45 verecundiam
1927 2006 109 45 que
1974 2006 125 45 multum

1312 2051 124 47 facit
1395 2051 83 47 ad
1437 2051 152 47 meritum
1547 2051 235 47 confessionis.
1741 2051 97 47 nam
1796 2051 193 47 confitendo
1948 2051 111 47 illi
2003 2051 83 47 apud

1310 2098 125 57 quem
1389 2098 157 57 maxime
1498 2098 219 57 erubescis,
1670 2098 157 57 maxime
1780 2098 188 57 mereris.
1921 2098 78 57 &
1936 2098 157 57 confiten

1314 2137 89 60 do
1359 2137 119 60 illi
1433 2137 134 60 coram
1522 2137 104 60 quo
1582 2137 104 60 non
1642 2137 208 60 erubescis:
1805 2137 119 60 quem
1880 2137 134 60 forte
1954 2137 134 60 nunquam

1314 2182 163 50 antehac
1433 2182 178 50 vidisti:
1567 2182 74 50 &
1597 2182 178 50 opinaris
1730 2182 89 50 te
1775 2182 104 50 non
1834 2182 163 50 amplius
1938 2182 149 50 visurum:

1308 2232 162 48 minime
1421 2232 195 48 mereris.
1568 2232 260 48 Respondetur.
1779 2232 114 48 hoc
1843 2232 114 48 est
1908 2232 146 48 verum
1990 2232 97 48 quod

1312 2274 139 51 dictum
1410 2274 97 51 est
1465 2274 84 51 de
1507 2274 209 51 verecundia:
1674 2274 111 51 quod
1744 2274 167 51 scilicet
1869 2274 195 51 confitendo
2008 2274 84 51 illi

1315 2318 132 50 coram
1404 2318 103 50 quo
1462 2318 162 50 maximam
1580 2318 221 50 verecundiam
1757 2318 132 50 habes
1845 2318 74 50 /
1874 2318 177 50 caeteris
1992 2318 103 50 pari-

1308 2365 110 47 bus
1371 2365 142 47 magis
1466 2365 189 47 mereris:
1608 2365 126 47 quia
1686 2365 110 47 est
1749 2365 142 47 maior
1844 2365 236 47 difficultas
2017 2365 79 47 pro

1320 2406 173 47 ueniens
1446 2406 95 47 et
1494 2406 95 47 si
1541 2406 110 47 non
1604 2406 95 47 ex
1651 2406 142 47 parte
1746 2406 189 47 obiecti:
1888 2406 142 47 tamen
1983 2406 95 47 ex
2014 2406 79 47 par

1322 2450 95 51 te
1370 2450 221 51 operantis:
1543 2450 205 51 videlicet
1701 2450 205 51 passionis
1859 2450 205 51 naturalis
2001 2450 95 51 quam

1316 2493 120 51 homo
1391 2493 120 51 sine
1466 2493 105 51 sua
1527 2493 135 51 culpa
1617 2493 150 51 habet.
1722 2493 105 51 sed
1782 2493 105 51 non
1842 2493 105 51 est
1902 2493 90 51 de
1933 2493 165 51 necessita

1314 2542 93 50 te
1361 2542 249 50 confessionis
1564 2542 234 50 verecundiam
1750 2542 125 50 hanc
1828 2542 171 50 habere:
1953 2542 93 50 vt
1984 2542 109 50 patet

1316 2584 97 50 de
1364 2584 242 50 confessione
1557 2584 145 50 facta
1654 2584 209 50 incognito
1815 2584 97 50 de
1864 2584 113 50 qua
1912 2584 177 50 loquimur.

1318 2632 166 71 Secundo
1439 2632 151 71 aliqui
1544 2632 121 71 sunt
1619 2632 166 71 stupidi
1740 2632 75 71 &
1770 2632 226 71 inuerecundi
1951 2632 90 71 vt
1981 2632 121 71 habens
