2350 3318
198 294 102 56 tes
257 294 131 56 actum
344 294 131 56 malum
431 294 73 56 /
460 294 87 56 ad
503 294 116 56 quem
576 294 174 56 impellit
706 294 174 56 habitus,
837 294 87 56 si
880 294 102 56 non
924 294 58 56 mi

199 339 97 58 nus
254 339 138 58 peccat
351 339 110 58 quae
420 339 97 58 non
475 339 207 58 habituatus:
640 339 138 58 saltem
737 339 165 58 peccabit
847 339 138 58 aequali-

202 385 108 52 ter:
270 385 95 52 vel
324 385 81 52 si
365 385 122 52 alter
446 385 95 52 non
500 385 149 52 peccat:
608 385 95 52 nec
662 385 122 52 ipse.
744 385 203 52 Concedendum
892 385 95 52 tamen

207 426 174 56 arbitror
338 426 116 56 quod
411 426 247 56 contraueniens
614 426 160 56 habitui
730 426 116 56 malo
803 426 73 56 /
817 426 160 56 acquisito

206 473 154 60 tempore
318 473 98 60 non
374 473 279 60 imputabilitatis,
611 473 112 60 plus
681 473 154 60 meretur
792 473 112 60 quam
862 473 98 60 non
904 473 70 60 ma-

214 517 84 57 le
256 517 210 57 habituatus.
424 517 70 57 ⁋
452 517 98 57 Sed
508 517 140 57 contra
606 517 112 57 hanc
675 517 224 57 conclusionem
843 517 140 57 arguitur

210 559 210 56 argumentis
375 559 150 56 quibus
480 559 150 56 quidam
585 559 195 56 oppositum
734 559 180 56 astruit.
869 559 75 56 &
884 559 90 56 pon-

216 606 93 53 dus
269 606 213 53 argumentorum
442 606 106 53 eius
508 606 80 53 in
548 606 93 53 hoc
601 606 186 53 consistit.
747 606 120 53 talis
827 606 106 53 scit
880 606 93 53 istan

210 649 116 59 esse
283 649 204 59 meretricem
443 649 73 59 &
472 649 116 59 esse
545 649 102 59 non
604 649 131 59 suam:
691 649 102 59 nec
749 649 160 59 ignorat
851 649 131 59 aliquid

211 703 134 47 eorum
301 703 120 47 quod
375 703 179 47 sufficit
510 703 90 47 ad
555 703 194 47 reddendum
704 703 134 47 actum
779 703 194 47 culpabilem.

208 738 155 55 Secundo
321 738 113 55 sic.
391 738 169 55 assuetus
518 738 127 55 adire
602 738 155 55 lupanar
715 738 169 55 quolibet
841 738 113 55 die,
898 738 84 55 nunc

199 788 196 48 inebriatus
353 788 154 48 peccat:
465 788 112 48 quia
535 788 140 48 nullus
633 788 154 48 propter
745 788 210 48 ignorantiam
899 788 84 48 excu

199 826 134 55 satur
288 826 74 55 a
318 826 163 55 peccato
437 826 119 55 quod
511 826 178 55 alioquin
645 826 134 55 esset
734 826 178 55 facturus
867 826 89 55 si
912 826 104 55 non

205 876 131 53 esset
293 876 218 53 inebriatus.
467 876 102 53 nam
525 876 174 53 alioquin
655 876 203 53 peccasset:
815 876 145 53 igitur
902 876 87 53 nunc

207 915 168 65 peccat.
329 915 76 65 ⁋
359 915 92 65 Ad
405 915 153 65 primum
512 915 229 65 respondetur
695 915 122 65 quod
771 915 198 65 assumptum
909 915 76 65 est

204 971 166 45 dubium:
325 971 121 45 quia
400 971 211 45 supponimus
566 971 136 45 istum
657 971 136 45 omnis
747 971 181 45 rationis
868 971 121 45 exper-

198 1012 113 45 tem.
268 1012 113 45 locu
339 1012 113 45 enim
409 1012 169 45 accedere
536 1012 155 45 vetitum
648 1012 99 45 non
705 1012 183 45 concludit
845 1012 99 45 eum
887 1012 99 45 habe-

214 1053 86 49 re
257 1053 187 49 rationem,
401 1053 173 49 plusquam
531 1053 144 49 brutum
632 1053 144 49 cubile
733 1053 86 49 ex
776 1053 144 49 habitu
862 1053 130 49 petens.

205 1097 120 57 immo
280 1097 105 57 hoc
340 1097 210 57 argumentum
505 1097 255 57 concludenret:
716 1097 120 57 quod
791 1097 90 57 si
821 1097 165 57 occideret

212 1136 171 57 hominem
337 1136 124 57 sine
414 1136 140 57 culpa
507 1136 186 57 praeuia,
647 1136 202 57 peccaret.
802 1136 93 57 Ad
833 1136 155 57 secundum

210 1185 223 53 respondetur
388 1185 119 53 quod
463 1185 119 53 illa
537 1185 208 53 propositio
701 1185 104 53 est
760 1185 163 53 neganda
879 1185 89 53 in
909 1185 74 53 qua

204 1227 140 56 iacet
298 1227 156 56 pondus
407 1227 218 56 argumenti.
578 1227 156 56 nullus
687 1227 171 56 propter
796 1227 202 56 ignorantiam

205 1267 183 57 excusatur
345 1267 70 57 a
374 1267 155 57 peccato
486 1267 112 57 quod
556 1267 169 57 alioquin
683 1267 126 57 esset
767 1267 183 57 facturus.
894 1267 98 57 velte

213 1320 101 49 dico
276 1320 101 49 quod
339 1320 126 49 nullus
427 1320 126 49 peccat
516 1320 88 49 vel
566 1320 138 49 meretur
667 1320 76 49 in
704 1320 88 49 hoc
755 1320 101 49 quod
818 1320 126 49 potest
893 1320 101 49 facere

206 1358 94 58 sed
259 1358 81 58 in
300 1358 94 58 hoc
353 1358 108 58 quod
421 1358 134 58 facit.
515 1358 67 58 ⁋
542 1358 161 58 Secundam
662 1358 215 58 conclusionem
837 1358 121 58 probo
904 1358 81 58 sic.

200 1408 153 52 modicam
312 1408 167 52 rationem
437 1408 139 52 habens
534 1408 125 52 minus
618 1408 139 52 peccat
715 1408 111 52 quam
785 1408 139 52 habens
869 1408 125 52 magnam.

211 1452 163 48 secundum
334 1452 122 48 illud
416 1452 136 48 Lucae.
511 1452 109 48 xii.
579 1452 109 48 Ille
647 1452 136 48 seruus
742 1452 109 48 quam
810 1452 163 48 cognouit
919 1452 68 48 vo-

204 1496 192 52 luntatem
348 1496 160 52 domini
460 1496 128 52 sui:
540 1496 80 52 &
572 1496 112 52 non
636 1496 144 52 fecit
732 1496 192 52 secundum
860 1496 128 52 volun-

220 1543 137 56 tatem
311 1543 137 56 eius,
402 1543 198 56 vapulabit
554 1543 167 56 multis.
676 1543 106 56 Qui
737 1543 137 56 autem
828 1543 106 56 non
889 1543 137 56 cogno

210 1579 117 55 uit:
283 1579 73 55 &
313 1579 131 55 fecit
400 1579 131 55 digna
488 1579 73 55 /
517 1579 146 55 plagis
619 1579 190 55 vapulabit
765 1579 161 55 paucis.
882 1579 73 55 &
911 1579 102 55 ad-

218 1625 100 57 huc
275 1625 142 57 habens
374 1625 156 57 minorem
488 1625 171 57 rationem
616 1625 128 57 minus
701 1625 156 57 peccat:
815 1625 114 57 ergo
872 1625 114 57 nullam

222 1672 193 54 rationem
367 1672 161 54 habens
479 1672 113 54 non
544 1672 177 54 peccat.
672 1672 145 54 probo
753 1672 241 54 consequentiam

218 1719 132 53 quia
300 1719 197 53 alioquin
448 1719 148 53 dabis
547 1719 132 53 vnum
629 1719 197 53 peccatum
777 1719 99 53 in
810 1719 181 53 infinitum

221 1758 173 59 paruum:
347 1758 79 59 &
379 1758 110 59 ita
442 1758 110 59 nec
505 1758 126 59 erit
584 1758 173 59 veniale
710 1758 110 59 nec
773 1758 189 59 mortale:
915 1758 79 59 &
931 1758 63 59 ad

209 1809 172 53 nullam
329 1809 172 53 poenam
449 1809 257 53 imputabile:
655 1809 120 53 vel
724 1809 154 53 dabis
826 1809 137 53 quod
895 1809 103 53 vnus

222 1858 166 47 aliquid
343 1858 181 47 rationis
479 1858 151 47 habens
584 1858 211 47 aequaliter
750 1858 181 47 peccabit
886 1858 106 47 cum
932 1858 60 47 eo

209 1892 102 58 qui
268 1892 146 58 nullam
370 1892 175 58 rationem
501 1892 131 58 habet
588 1892 175 58 caeteris
720 1892 175 58 paribus.
851 1892 102 58 sed
895 1892 87 58 ista

225 1937 211 53 disiunctiua
394 1937 113 53 quae
464 1937 99 53 est
521 1937 211 53 consequens,
689 1937 99 53 pro
746 1937 155 53 vtraque
858 1937 99 53 sui
901 1937 84 53 par-

221 1984 98 50 te
270 1984 114 50 est
335 1984 195 50 neganda.
481 1984 130 50 ergo
562 1984 81 50 &
595 1984 244 50 antecedens.
790 1984 98 50 Et
822 1984 163 50 probatur

223 2031 252 52 consequentia:
431 2031 119 52 dato
505 2031 119 52 quod
579 2031 119 52 ille
654 2031 178 52 furiosus
787 2031 193 52 occidendo
921 2031 74 52 pec

223 2070 124 57 cet:
300 2070 170 57 (semper
423 2070 201 57 intelligo
578 2070 93 57 de
624 2070 170 57 peccato
748 2070 232 57 imputabili)
918 2070 77 57 si-

213 2114 151 55 gnetur
319 2114 167 55 malitia
440 2114 106 55 sui
500 2114 182 55 pecatia.
637 2114 76 55 &
667 2114 106 55 sit
728 2114 182 55 mortale:
864 2114 91 55 si
894 2114 106 55 venia

225 2162 90 55 le
270 2162 75 55 /
300 2162 209 55 aequaliter
464 2162 164 55 arguam.
583 2162 90 55 a.
628 2162 119 55 erit
703 2162 90 55 vt
747 2162 134 55 vnum.
837 2162 119 55 homo
896 2162 90 55 pru-

215 2206 135 53 dens
299 2206 101 53 vt
350 2206 185 53 Vlysses
484 2206 202 53 occidens
636 2206 151 53 talem
737 2206 185 53 hominem
854 2206 135 53 peccat

229 2246 103 53 vt
280 2246 206 53 quatuor.
435 2246 137 53 homo
521 2246 172 53 talis,
641 2246 103 53 vt
693 2246 137 53 Aiax
762 2246 223 53 Thelamonius

228 2298 180 48 occidens
363 2298 135 48 talem
452 2298 165 48 hominem
572 2298 150 48 peccat
677 2298 90 48 vt
722 2298 135 48 tria:
797 2298 194 48 descendendo

220 2344 100 44 ad
270 2344 183 44 hominem
403 2344 116 44 qui
470 2344 150 44 adhuc
569 2344 150 44 minus
669 2344 183 44 peccat:
802 2344 83 44 &
835 2344 116 44 sic
885 2344 100 44 sini

228 2382 161 50 statu.
341 2382 145 50 Huius
437 2382 193 50 rationis
582 2382 161 50 neruum
695 2382 193 50 lucidius
840 2382 113 50 sic
888 2382 97 50 dedu

220 2431 108 45 co.
281 2431 92 45 In
327 2431 138 45 prima
420 2431 138 45 parte
512 2431 262 45 proportionali
727 2431 138 45 horae
820 2431 138 45 creet
897 2431 92 45 deus

230 2469 205 56 vlyssem:
383 2469 102 56 in
435 2469 188 56 secunda
571 2469 170 56 Aiacem
690 2469 102 56 in
741 2469 205 56 subduplo
878 2469 119 56 minus

217 2513 209 57 prudentem:
381 2513 89 57 in
426 2513 149 57 tertia
530 2513 194 57 Achillem:
679 2513 75 57 &
709 2513 104 57 sic
768 2513 104 57 per
828 2513 134 57 omnes
903 2513 89 57 par-

222 2566 107 48 tes
283 2566 275 48 proportionales
512 2566 138 48 vnius
604 2566 153 48 horae:
711 2566 92 48 in
757 2566 199 48 infinitum
894 2566 107 48 parum

218 2610 178 46 aliquis
347 2610 178 46 istorum
477 2610 113 46 est
541 2610 194 46 prudens,
687 2610 81 46 &
719 2610 97 46 si
768 2610 146 46 omnes
848 2610 146 46 vellent

221 2644 134 50 vnum
305 2644 251 50 interimere:
506 2644 168 50 semper
623 2644 151 50 minus
724 2644 201 50 rationis
858 2644 134 50 habens

218 2695 147 63 minus
315 2695 212 63 peccabit.
478 2695 114 63 sed
544 2695 196 63 furiosus
690 2695 147 63 minus
788 2695 196 63 rationis
919 2695 81 63 ha

1042 285 103 56 bet
1101 285 118 56 quam
1175 285 162 56 aliquis
1293 285 177 56 istorum,
1426 285 192 56 improprie
1574 285 148 56 minus:
1677 285 118 56 ergo
1736 285 89 56 ipse

1048 335 103 51 non
1107 335 161 51 peccat:
1224 335 103 51 vel
1283 335 161 51 dabitur
1400 335 161 51 aliquis
1518 335 161 51 istorum
1635 335 103 51 qui
1694 335 103 51 ita
1738 335 73 51 pa-

1038 381 107 52 rum
1099 381 153 52 peccat
1206 381 92 52 vt
1252 381 122 52 ille
1328 381 199 52 furiosus.
1481 381 199 52 Discursus
1634 381 92 52 in
1664 381 153 52 speciali

1048 423 88 53 in
1092 423 161 53 materia
1210 423 103 53 sua
1268 423 161 53 videtur
1386 423 147 53 bonus:
1489 423 161 53 quamuis
1606 423 88 53 in
1650 423 132 53 aliis
1723 423 103 53 mate-

1056 472 117 45 riis
1129 472 146 45 possit
1231 472 117 45 dari
1304 472 131 45 obex,
1392 472 87 45 vt
1435 472 87 45 de
1479 472 175 45 partibus
1610 472 160 45 peccati
1712 472 102 45 morta

1048 512 104 49 lis
1108 512 89 49 in
1152 512 149 49 ordine
1257 512 89 49 ad
1301 512 164 49 veniale
1421 512 224 49 comparatis:
1599 512 149 49 quarum
1689 512 134 49 quaeli-

1057 553 104 54 bet
1117 553 104 54 est
1176 553 134 54 peior
1266 553 179 54 veniali.
1400 553 75 54 &
1430 553 89 54 de
1474 553 179 54 qualibet
1608 553 134 54 parte
1683 553 134 54 albedi-

1050 604 109 53 nis
1113 604 234 53 perfectiore
1300 604 109 53 hac
1362 604 218 53 nigredine:
1534 604 78 53 &
1565 604 140 53 tamen
1643 604 171 53 propterea

1050 648 117 50 tota
1123 648 102 50 non
1182 648 102 50 est
1240 648 175 50 infinite
1372 648 190 50 perfecta.
1518 648 132 50 Illic
1606 648 117 50 enim
1679 648 102 50 est
1723 648 102 50 compa

1050 694 147 44 ratio
1147 694 147 44 eorum
1245 694 130 44 quae
1327 694 130 44 sunt
1408 694 228 44 diuersarum
1588 694 212 44 rationum:
1751 694 114 44 non

1052 731 150 54 autem
1152 731 133 54 hic.
1236 731 183 54 Secundo
1369 731 200 54 arguitur
1519 731 100 54 ad
1569 731 133 54 idem
1652 731 117 54 per
1702 731 133 54 Clemen

1047 782 143 46 tinam
1142 782 95 46 Si
1190 782 207 46 furiosus.
1349 782 95 46 de
1397 782 207 46 homicidio
1556 782 191 46 volunta.
1699 782 111 46 vel
1747 782 79 46 ca-

1054 822 138 49 sua.
1140 822 121 49 vbi
1209 822 190 49 Clemens
1347 822 190 49 Quintus
1484 822 190 49 inquit.
1622 822 103 49 Si
1657 822 172 49 furiosus

1051 866 123 46 aut
1122 866 176 46 infans
1245 866 123 46 seu
1315 866 211 46 dormiens
1474 866 194 46 hominem
1615 866 194 46 mutilet
1738 866 88 46 vel

1050 908 192 56 occidat:
1194 908 160 56 nullam
1305 908 303 56 irregularitatem
1561 908 207 56 incurrit.
1720 908 112 56 Vbi
1768 908 64 56 si

1056 955 122 56 quis
1132 955 245 56 culpabiliter
1331 955 183 56 occidit:
1468 955 290 56 irregularitatem
1698 955 122 56 incur-

1047 1006 117 43 rit:
1121 1006 117 43 immo
1194 1006 176 43 interdum
1326 1006 117 43 sine
1399 1006 176 43 peccato.
1532 1006 103 43 hoc
1590 1006 147 43 patet.
1693 1006 132 43 fitt.
1766 1006 59 43 de

1048 1042 186 54 iniuriis.
1191 1042 129 54 Illud
1276 1042 214 54 canonizata.
1448 1042 86 54 Et
1490 1042 157 54 recitat
1605 1042 200 54 Gratianus.
1748 1042 71 54 xv.

1062 1086 75 60 .
1092 1086 90 60 i.
1137 1086 120 60 cap.
1212 1086 150 60 Illud.
1317 1086 180 60 inquiens
1453 1086 90 60 in
1498 1086 195 60 versiculo
1648 1086 135 60 Sane.
1723 1086 105 60 omni-

1054 1134 108 54 non
1115 1134 92 54 in
1161 1134 200 54 principio
1315 1134 185 54 capitis.
1454 1134 123 54 Sane
1531 1134 123 54 sunt
1608 1134 154 54 quidam
1715 1134 108 54 qui
1761 1134 62 54 fa

1047 1175 121 58 cere
1123 1175 106 58 non
1183 1175 182 58 possunt:
1319 1175 91 58 vt
1365 1175 121 58 puta
1441 1175 182 58 furiosus
1577 1175 91 58 et
1622 1175 167 58 impubes
1728 1175 91 58 quoi

1050 1220 121 52 doli
1126 1220 136 52 capax
1216 1220 106 52 non
1277 1220 121 52 est.
1353 1220 151 52 nanque
1459 1220 91 52 hi
1504 1220 121 52 pati
1580 1220 182 52 iniuriam
1701 1220 121 52 solent

1055 1277 112 39 non
1119 1277 177 39 facere.
1248 1277 112 39 Cum
1312 1277 129 39 enim
1392 1277 177 39 iniuria
1521 1277 96 39 ex
1569 1277 177 39 affectu
1681 1277 145 39 facien-

1048 1305 102 64 tis
1107 1305 205 64 consistat:
1268 1305 205 64 consequens
1429 1305 117 64 erit
1502 1305 146 64 dicere
1604 1305 102 64 hos
1663 1305 73 64 /
1692 1305 117 64 siue
1750 1305 88 64 pul-

1047 1353 122 56 sent
1123 1353 76 56 /
1154 1353 122 56 siue
1230 1353 199 56 conuitium
1383 1353 168 56 dicant:
1505 1353 183 56 iniuriam
1643 1353 168 56 fecisse
1750 1353 76 56 non

1063 1402 172 53 videri.
1188 1402 94 53 Et
1235 1402 218 53 Augustinus
1407 1402 94 53 in
1454 1402 140 53 libro
1547 1402 234 53 quaestionum
1719 1402 109 53 vete-

1054 1445 108 50 ris
1115 1445 77 50 &
1146 1445 124 50 noui
1223 1445 232 50 testamenti.
1409 1445 77 50 &
1440 1445 170 50 habetur
1563 1445 93 50 in
1610 1445 124 50 cap.
1672 1445 154 50 Aliquos.

1050 1491 169 56 eiusdem
1172 1491 153 56 causae
1280 1491 77 56 &
1310 1491 245 56 quaestionis,
1510 1491 169 56 inquit.
1633 1491 169 56 Aliquos
1740 1491 92 56 sci-

1054 1533 95 58 mus
1109 1533 136 58 subito
1204 1533 163 58 dementes
1327 1533 136 58 factos
1422 1533 68 58 /
1449 1533 123 58 ferro
1531 1533 68 58 /
1558 1533 123 58 fuste
1640 1533 68 58 /
1667 1533 177 58 lapidibus
1790 1533 54 58 :i

1055 1580 203 51 morsibus
1208 1580 170 51 multis
1326 1580 220 51 nocuisse:
1496 1580 187 51 quosdam
1632 1580 153 51 etiam
1716 1580 119 51 occi-

1059 1622 145 47 disse:
1161 1622 145 47 captos
1263 1622 131 47 autem
1350 1622 189 47 industria
1495 1622 73 47 &
1524 1622 174 47 iudiciis
1655 1622 160 47 oblatos
1756 1622 73 47 mi-

1060 1663 115 60 nime
1131 1663 115 60 reos
1203 1663 158 60 factos:
1318 1663 86 60 eo
1361 1663 115 60 quod
1432 1663 100 60 non
1490 1663 186 60 voluntate
1633 1663 100 60 sed
1676 1663 158 60 impellen-

1050 1716 91 40 te
1095 1716 183 40 vimescio
1232 1716 107 40 qua
1293 1716 76 40 /
1324 1716 122 40 haec
1400 1716 198 40 gesserint
1552 1716 228 40 nescientes.
1719 1716 122 40 Quomo-

1050 1756 91 44 do
1095 1756 121 44 enim
1171 1756 121 44 reus
1246 1756 257 44 constituitur,
1458 1756 106 44 qui
1518 1756 151 44 nescit
1624 1756 121 44 quid
1684 1756 151 44 feceritu

1047 1799 126 48 Hoc
1119 1799 144 48 idem
1209 1799 162 48 tenet
1317 1799 234 48 Ambrosius
1498 1799 108 48 in
1552 1799 216 48 Hexamero
1714 1799 108 48 in
1750 1799 90 48 tra

1059 1846 131 51 ctatu
1147 1846 131 51 primi
1234 1846 131 51 diei.
1321 1846 87 51 Et
1364 1846 116 51 quia
1437 1846 116 51 haec
1510 1846 189 51 conclusio
1655 1846 102 51 non
1713 1846 102 51 ita
1756 1846 73 51 fi-

1057 1890 84 46 xe
1099 1890 154 46 negatur
1211 1890 84 46 vt
1253 1890 154 46 quarta:
1365 1890 210 46 probationes
1534 1890 168 46 adductae
1646 1890 182 46 sufficiant.

1059 1936 88 49 si
1103 1936 162 49 aliquae
1221 1936 221 49 probationes
1398 1936 162 49 quartam
1516 1936 192 49 inferant:
1663 1936 133 49 istam
1737 1936 103 49 etiam

1065 1984 190 51 opinione
1207 1984 111 51 mea
1271 1984 237 51 concludent.
1460 1984 79 51 ⁋
1492 1984 158 51 Tertia
1602 1984 205 51 conclusio
1744 1984 95 51 pro-

1059 2022 147 50 batur
1156 2022 130 50 sic.
1238 2022 163 50 nullum
1352 2022 196 50 peccatum
1499 2022 179 50 mortale
1629 2022 179 50 deletur
1743 2022 98 50 nisi

1062 2071 107 51 per
1123 2071 261 51 displicentiam
1338 2071 169 51 illius,
1461 2071 107 51 vel
1522 2071 169 51 aliquem
1645 2071 138 51 actum
1722 2071 107 51 meri-

1055 2115 189 54 torium.
1192 2115 138 54 Vnde
1278 2115 241 54 Augustinus
1468 2115 103 54 de
1519 2115 138 54 fide
1605 2115 103 54 ad
1657 2115 189 54 Petrum.
1777 2115 52 54 &

1056 2159 136 45 citat
1147 2159 197 45 Gratianus
1298 2159 91 45 de
1343 2159 197 45 consecra.
1495 2159 182 45 distinc.
1631 2159 91 45 i.
1661 2159 182 45 Firmissime

1059 2202 124 45 tene
1136 2202 77 45 &
1167 2202 217 45 nullatenus
1337 2202 186 45 dubites,
1476 2202 186 45 exceptis
1615 2202 139 45 illis
1708 2202 108 45 qui
1755 2202 77 45 pro

1061 2251 169 45 nomine
1179 2251 186 45 Curisti
1314 2251 203 45 sanguine
1466 2251 118 45 suo
1534 2251 270 45 baptizantur,
1737 2251 101 45 nul-

1047 2285 132 59 lum
1123 2285 208 59 hominem
1274 2285 265 59 accepturum
1482 2285 170 59 vitam
1595 2285 227 59 eternam,
1746 2285 95 59 qui

1065 2329 110 58 non
1128 2329 110 58 hic
1191 2329 79 58 a
1223 2329 142 58 malis
1318 2329 158 58 fuerit
1428 2329 110 58 per
1491 2329 252 58 poenitentiam
1680 2329 158 58 fidemque

1053 2386 219 46 conversus.
1225 2386 188 46 Furiosus
1366 2386 141 46 autem
1460 2386 172 46 tempore
1585 2386 156 46 furiae
1694 2386 109 46 hoc
1757 2386 109 46 ha-

1060 2420 139 48 bere
1147 2420 122 48 non
1216 2420 192 48 potest,
1356 2420 261 48 quemadmodum
1565 2420 122 48 nec
1617 2420 209 48 demeritum.

1056 2464 111 48 ibi.
1126 2464 83 48 n.
1167 2464 125 48 illud
1251 2464 236 48 Ecclesiastes.
1445 2464 97 48 xi.
1501 2464 125 48 verum
1584 2464 139 48 habet.
1681 2464 83 48 Si
1709 2464 125 48 cecide-

1064 2511 94 45 rit
1117 2511 134 45 lignum
1211 2511 80 45 ad
1251 2511 147 45 austrum
1358 2511 94 45 aut
1412 2511 80 45 ad
1452 2511 174 45 aquilonem
1586 2511 67 45 /
1613 2511 80 45 in
1653 2511 174 45 quocumque
1773 2511 54 45 lo

1060 2556 87 54 co
1103 2556 188 54 ceciderit
1248 2556 72 54 /
1277 2556 101 54 ibi
1334 2556 130 54 erit.
1421 2556 72 54 ⁋
1450 2556 145 54 Quarta
1552 2556 188 54 conclusio
1696 2556 87 54 ex
1725 2556 116 54 secuda

1059 2599 183 49 sequitur.
1200 2599 85 49 Et
1242 2599 127 49 primo
1327 2599 99 49 sic
1383 2599 183 49 probatur.
1525 2599 127 49 plene
1609 2599 169 49 furiosus
1722 2599 113 49 tempo-

1055 2646 94 49 re
1102 2646 157 49 furiae
1213 2646 110 49 non
1275 2646 157 49 peccat
1386 2646 94 49 ex
1433 2646 173 49 secunda
1559 2646 252 49 conclusione:
1747 2646 79 49 er-

1050 2687 99 78 go
1099 2687 115 78 nec
1165 2687 181 78 ebrius.
1296 2687 197 78 Martinus
1444 2687 197 78 concedit
1592 2687 246 78 antecedens:
1772 2687 66 78 et
